1890 3100
609 193 995 230 ARGONAVTICON
1018 192 1165 228 LIBER
1187 191 1271 228 vn.
1585 190 1678 234 495

303 314 342 366 (ο
370 314 533 352 nimium
561 314 736 352 iucunda
763 314 860 361 dies,
891 326 1010 366 quam
1038 326 1131 350 cara
1159 311 1232 350 sub
1259 311 1349 363 ipsa
1426 352 1430 354 ,

299 385 424 418 morte
453 379 580 430 magis
590 380 616 431 !)
647 380 757 418 stetit
785 385 826 418 et
854 392 944 417 sese
972 379 1113 416 mirata
1139 377 1338 415 furentem
1366 380 1439 414 est.

301 443 459 483 ‘occidis
487 445 587 483 heu!
614 445 740 496 primo
767 450 883 496 potes
910 444 987 481 hoc
1015 442 1159 480 durare
1187 441 1261 479 sub
1290 439 1430 479 aevo?'

301 514 387 548 ‘nec
414 516 459 548 tu
486 511 598 548 lucis'
629 511 695 558 ait,
726 514 813 548 ‘nec
840 508 987 547 videris
1014 507 1100 565 ulla
1125 507 1314 544 iuventae

299 574 456 625 gaudia,
485 588 561 613 1100
589 575 727 613 dulces
754 574 886 612 fratris
914 573 1136 624 pubescere
1164 569 1316 608 malas?
1671 588 1727 617 340

298 640 405 678 1111110
433 653 603 692 quoque,
634 639 859 691 quicunque
888 642 960 684 est,
991 636 1176 683 crudelis,
1205 635 1351 673 Iasona
1378 634 1509 672 nescis

298 711 424 742 morte
452 705 581 756 perire
609 710 689 751 tua,
719 703 787 755 qui
813 708 855 741 te
882 716 989 740 nunc
1016 702 1175 739 invocat
1203 713 1335 747 unam,

302 770 369 822 qui
397 776 522 821 rogat,
550 776 592 807 te
612 774 747 807 nostro
768 769 836 820 qui
863 769 1030 820 primam
1057 768 1098 805 in
1117 766 1234 805 litore
1262 764 1389 804 vidit?
1435 752 1458 793 -ζ

301 848 372 872 0111·
397 834 469 872 tibi
496 834 660 872 fallaces
690 833 840 885 placuit
868 833 1111 883 coniungere
1142 831 1303 869 dextras

298 904 405 946 tunc,
434 905 558 951 pater,
589 905 708 951 atque
736 899 822 936 istis
850 899 1036 936 iuvenem
1064 911 1143 935 non
1168 895 1342 948 perdere
1370 895 1556 933 monstris
1671 907 1729 936 345

298 964 508 1016 protinus?
534 965 623 1015 ipsa
651 965 781 1010 etiam,
811 964 950 1010 fateor,
980 969 1075 1000 tunc
1104 963 1191 1013 ipsa
1218 961 1415 999 volebam.

298 1034 425 1067 testor
452 1043 544 1067 cara
571 1035 672 1076 tuas,
705 1029 821 1068 Circe
849 1028 1020 1074 Titania,
1050 1040 1183 1073 voces,

298 1099 341 1132 te
369 1093 541 1132 ducente
571 1107 727 1146 sequor,
756 1100 826 1131 tua
852 1107 916 1132 me
946 1092 1177 1144 grandaeva
1204 1091 1374 1142 fatigant

300 1159 466 1197 consilia
495 1165 534 1198 et
562 1160 720 1197 monitis
749 1158 848 1197 cedo
877 1158 1029 1196 minor'.
1085 1157 1186 1195 haec
1214 1157 1283 1195 ubi
1310 1156 1406 1202 fata,

299 1237 434 1262 rursus
464 1223 515 1262 ad
542 1225 755 1262 Haemonii
782 1224 938 1262 iuvenis
967 1236 1182 1274 curamque
1210 1227 1441 1273 metumque
1672 1228 1727 1258 350

300 1289 490 1336 vertitur3
518 1289 625 1327 hunc
654 1289 782 1327 solum
810 1294 972 1340 propter
1000 1301 1072 1326 seu
1099 1289 1236 1326 vivere
1265 1285 1457 1338 gaudens,

295 1354 379 1392 sive
408 1354 518 1401 mori,
549 1345 827 1406 quodcumque
856 1353 966 1399 velit,
995 1354 1144 1391 maiora
1171 1358 1357 1404 precatur

190 1513 341 1549 hon-ida
362 1513 526 1556 fulmina,
552 1524 688 1555 nosce-§7
727 1513 897 1548 similiter
922 1513 1096 1548 dicuntur
1130 1513 1290 1558 madum,
1316 1513 1465 1554 hastam,
1501 1523 1671 1558 messum,

194 1582 301 1617 equos
323 1573 492 1618 colligere.
1704 1567 1707 1569 Α

284 1631 364 1667 336.
413 1631 482 1666 Hic
507 1643 635 1667 versus
659 1643 742 1666 cum
765 1633 872 1677 parte
896 1631 1123 1676 insequentis
1147 1643 1216 1677 per
1239 1631 1479 1676 parenthesin
1518 1642 1563 1666 ex
1588 1642 1670 1666 3011-

190 1690 311 1725 tentia
333 1691 469 1736 poetae
493 1690 607 1736 ipsius
633 1690 750 1725 dictus
777 1692 849 1732 est;
889 1691 936 1726 de
962 1690 1207 1726 collocatione
1232 1691 1344 1736 mayis
1366 1690 1575 1736 particulae
1601 1689 1667 1725 cfr.

194 1748 243 1784 ad
265 1747 332 1794 In,
358 1749 438 1783 271.

285 1807 365 1842 337.
392 1812 425 1843 et
449 1820 518 1844 om.
545 1809 701 1850 Monac„
729 1810 814 1845 add.
842 1811 926 1845 Vat.
953 1810 1089 1845 saeculi
1113 1809 1189 1843 XV.

285 1866 366 1902 338.
414 1868 480 1902 hoc
498 1867 641 1912 ἀπ’-ατς·
665 1868 732 1904 cfr.
750 1870 901 1903 laborem
921 1869 1052 1904 durare
1067 1869 1179 1914 Verg.
1196 1870 1287 1904 Aen.
1302 1868 1403 1909 VIII,
1422 1868 1509 1911 5773
1533 1878 1665 1912 aequor

191 1925 226 1961 d.
251 1925 339 1961 Hor.
365 1937 395 1961 c.
421 1926 450 1967 Ι,
478 1926 532 1967 14,
559 1927 597 1967 7;
625 1928 704 1962 via-3
727 1926 822 1963 Stat.
849 1927 931 1963 silv.
955 1927 997 1969 V,
1023 1928 1057 1970 2,
1083 1928 1163 1964 153.

286 1984 367 2020 339.
416 1985 546 2020 aderis
570 1996 618 2020 30.
646 1986 847 2030 antequam
871 1986 1049 2021 morieris.

285 2043 365 2079 341.
414 2045 476 2089 qui
499 2055 594 2079 nunc
618 2049 668 2079 est
693 2045 810 2084 codd„
835 2045 1042 2090 quicumque
1058 2050 1108 2080 est
1132 2046 1235 2081 Koch
1260 2045 1414 2081 coniect.
1439 2057 1476 2090 p.
1502 2045 1559 2080 22.

285 2102 340 2137 Ex
364 2114 491 2139 amore
515 2103 618 2139 vitae
642 2103 775 2139 Medea
798 2103 836 2138 in
863 2115 1028 2140 amorem
1052 2104 1196 2140 Iasonis
1221 2104 1413 2140 relabitur.

285 2161 366 2197 343.
416 2166 448 2197 et
471 2166 591 2197 nostro
616 2173 714 2206 quem
733 2163 892 2206 primum
916 2165 956 2199 in
981 2164 1083 2198 litore
1107 2164 1182 2198 vidi
1206 2163 1323 2204 codd,
1361 2164 1408 2199 Te
1443 2167 1566 2199 nostro
1603 2163 1666 2208 qui

183 2220 341 2265 primam
363 2221 404 2256 in
429 2222 530 2256 litore
553 2221 642 2256 vidit
667 2232 753 2266 ego3
792 2221 890 2266 quod
915 2221 1050 2258 Medea
1075 2222 1248 2258 Iasonem
1283 2223 1322 2258 111
1358 2222 1468 2259 litore
1503 2223 1667 2269 primum

187 2278 335 2321 viderit,
361 2280 510 2316 omnino
534 2280 625 2315 nihil
650 2279 775 2321 refert,
800 2280 867 2316 sed
890 2280 992 2322 illud,
1019 2281 1118 2326 quod
1142 2281 1276 2317 Medea
1298 2282 1420 2328 prima
1445 2282 1526 2323 fuit,
1554 2293 1667 2329 quam

188 2337 302 2374 Iason
342 2338 576 2384 conspexerit
613 2340 652 2374 et
687 2338 888 2383 rogaverit.
948 2339 1077 2386 Neque
1111 2340 1232 2386 prima
1266 2352 1426 2386 persona
1461 2341 1567 2377 verbi
1591 2342 1674 2377 mai

188 2396 338 2442 probari
362 2398 486 2442 potest
509 2397 547 2432 in
573 2408 617 2433 ea
643 2397 840 2442 sententia,
867 2409 941 2442 qua
964 2410 1004 2434 30
1028 2399 1109 2444 ipsa
1133 2399 1345 2445 alloquatur
1368 2400 1514 2436 Medea.

283 2455 364 2491 344.
412 2458 622 2502 constanyere
646 2457 804 2492 dextras:
848 2456 958 2502 Verg.
983 2458 1075 2494 Aen.
1101 2458 1130 2502 Ι,
1155 2459 1235 2494 514.

284 2514 364 2551 352.
413 2515 551 2550 maiora
570 2519 741 2560 precatur
764 2516 933 2556 carmina,
959 2528 1054 2562 quae
1078 2518 1258 2554 maiorem
1288 2519 1362 2554 vim
1393 2519 1569 2560 habeant,
1596 2518 1667 2558 cfr.

189 2571 292 2614 Vm,
318 2574 379 2616 74;
418 2574 552 2617 fulmen
581 2575 696 2609 maius
722 2574 786 2610 Ov.
820 2586 889 2610 am.
914 2575 964 2615 Π,
992 2577 1022 2611 1.
1049 2576 1114 2619 2Ο;
1155 2578 1270 2613 maior
1293 2578 1423 2622 Apollo
1449 2577 1544 2614 Stat.
1570 2578 1662 2614 Ach.

189 2631 294 2675 vm,
318 2632 405 2675 374;
431 2635 500 2669 ista
524 2638 629 2669 canat
656 2635 786 2669 maiore
812 2634 874 2669 deo
901 2633 1039 2671 Colum.
1068 2635 1111 2682 X,
1137 2636 1217 2672 217.
