1890 3100
224 231 308 275 102
748 228 785 264 C.
811 229 993 265 VALERI
1019 229 1193 265 FLACCI

329 349 473 388 hocine
504 349 697 401 Cyaneae
727 355 969 387 concurrunt
996 362 1173 402 aequore
1203 349 1368 388 cautes?
1713 361 1767 391 630

329 415 480 453 tristius
511 429 561 453 an
589 415 744 453 miseris
775 420 960 467 superest
987 415 1118 453 mare?
1145 415 1325 467 linquite,
1355 421 1498 463 terrae,

332 494 444 532 spem
472 480 608 532 pelagi
637 493 854 532 sacrosque
882 481 1027 519 iterum
1058 481 1240 532 seponite
1274 481 1444 519 fluctus.'

329 546 430 584 haec
458 546 604 584 iterant
634 546 750 597 segni
777 546 919 584 flentes
950 546 1187 585 occumbere
1221 546 1317 586 leto.

330 612 607 662 magnanimus
638 616 793 662 spectat
821 611 1028 663 pharetras
1059 617 1099 650 et
1126 612 1267 651 inutile
1296 611 1417 650 robur

330 676 731 728 Amphitryoniades;
767 677 938 715 miscent
967 690 1153 729 suprema
1180 683 1375 729 paventes
1715 687 1770 717 635

330 742 456 781 verba
484 742 551 780 alii
578 743 831 794 iunguntque
860 756 1001 781 manus
1032 748 1153 795 atque
1183 756 1252 781 ora
1278 743 1450 794 fatigant

224 855 395 891 Valerius
421 855 630 901 sumpsisse,
659 855 725 891 cfr.
745 855 886 891 anthol.
912 854 990 892 Pal.
1020 854 1084 900 XI,
1119 855 1199 897 247,
1226 855 1264 898 3;
1291 855 1388 891 idem
1414 855 1532 891 habet
1556 854 1619 897 IV,
1647 854 1716 890 715

226 916 265 952 et
288 915 458 950 imitatus
485 915 542 951 est
568 914 710 950 Statius
737 914 854 951 Theb.
880 914 923 956 V,
950 914 1006 950 56.

319 975 400 1012 630.
453 974 794 1021 Cyaneae—cautes
829 974 891 1010 vel
927 985 995 1019 per
1032 985 1071 1010 se
1110 974 1445 1020 periculosissimae
1490 974 1718 1010 videbantur

223 1034 459 1080 Argonautis,
499 1034 566 1070 sed
596 1033 714 1069 multo
747 1033 868 1079 magis
893 1033 1116 1079 horrendae,
1153 1033 1184 1068 si
1214 1033 1253 1069 in
1283 1035 1365 1069 tam
1396 1033 1584 1070 concitato
1621 1032 1717 1068 mari

226 1094 500 1130 concurrerent.

320 1153 400 1189 631.
451 1157 567 1188 terrae
589 1152 614 1188 i.
641 1163 671 1188 e.
703 1152 849 1188 incolae
874 1153 1000 1188 terrae
1025 1151 1295 1198 (continentis),
1333 1153 1376 1187 ut
1400 1152 1511 1197 Verg.
1536 1152 1627 1187 Aen.
1654 1151 1716 1193 VI,

226 1213 314 1258 869,-
338 1212 421 1249 Sen.
448 1212 556 1248 Herc.
583 1213 652 1247 sur.
680 1211 766 1255 250;
794 1211 856 1248 Sil.
883 1212 939 1252 111,
967 1211 1030 1253 75;
1060 1211 1251 1247 Claudian.
1276 1211 1316 1246 in
1340 1211 1493 1257 Eutrop.
1519 1211 1549 1247 I.
1578 1211 1655 1246 157.

321 1272 401 1308 632.
451 1272 610 1317 seponite
631 1272 777 1314 stactam
806 1271 872 1307 cfr.
899 1271 982 1307 Sen.
1001 1271 1101 1307 Med.
1119 1271 1187 1305 337
1209 1282 1309 1316 seqq.
1333 1271 1505 1316 iussitque
1521 1270 1718 1316 (Thessala

223 1332 348 1378 pinus)
373 1332 459 1376 pati
487 1332 632 1366 verbera
655 1335 808 1375 pontum
831 1334 1042 1375 partemque
1069 1334 1182 1366 metus
1210 1330 1293 1373 fieri
1316 1330 1431 1366 nostri
1459 1340 1557 1365 mare
1584 1330 1719 1374 seposi-

224 1395 317 1436 tum3
354 1390 449 1427 Stat.
481 1391 572 1427 Ach.
598 1390 627 1436 I,
654 1390 700 1425 64
737 1401 812 1435 seq.
850 1390 1134 1435 maiestatemque
1170 1393 1346 1434 repostam
1388 1388 1505 1436 (freti)
1542 1390 1643 1434 rupit
1674 1409 1718 1415 —

222 1451 359 1496 puppis
385 1451 586 1496 Paqasaea.

320 1510 400 1546 633.
447 1510 558 1553 flendi
581 1510 739 1545 verbum
765 1521 848 1544 cum
874 1508 1087 1544 accusativo
1114 1520 1197 1544 cum
1222 1507 1406 1543 infinitivo
1434 1508 1603 1543 iunctum
1618 1507 1720 1543 inve-

224 1571 327 1606 nitur
351 1569 431 1611 Vn,
466 1569 533 1604 574
559 1592 605 1598 —-
629 1569 798 1614 vimineis
831 1569 967 1604 servari
997 1569 1160 1604 cantibus
1191 1568 1280 1603 Idas
1312 1567 1456 1610 Flebat;
1495 1567 1605 1613 Prop.
1631 1566 1660 1609 Ι,
1687 1567 1719 1608 7,

226 1629 272 1665 18
298 1629 441 1675 aymina
462 1632 592 1674 septem
609 1629 733 1664 Flebis
757 1629 796 1664 in
821 1632 962 1664 aeterno
987 1627 1100 1664 surda
1123 1628 1238 1663 iacere
1262 1627 1351 1670 sitm
1380 1626 1552 1663 Crescon.
1572 1625 1719 1672 Coripp.

224 1690 306 1728 Ioh.
332 1689 401 1731 III,
428 1689 497 1723 444
527 1689 622 1732 flevit
646 1692 730 1723 tunc
764 1688 878 1723 tristis
908 1691 1032 1723 arator
1056 1687 1267 1723 Disiunetos
1289 1687 1433 1732 fuyiens
1462 1687 1579 1722 hostes
1610 1696 1721 1730 rapu-

225 1751 295 1786 isse
317 1749 498 1791 iuvencos;
526 1748 592 1783 cfr.
618 1749 819 1794 praeterea
850 1747 1030 1784 Dracont.
1070 1747 1116 1782 de
1155 1747 1225 1783 deo
1262 1747 1308 1788 ΙΙ,
1349 1746 1417 1781 536
1455 1747 1561 1791 leyem
1594 1744 1723 1781 violari

227 1810 327 1852 deflet
357 1808 508 1851 Averni;
546 1807 651 1844 Paul.
678 1807 760 1845 Nol.
787 1807 843 1852 35,
871 1807 916 1842 12
949 1810 1023 1842 tum
1056 1806 1151 1841 dulci
1181 1817 1199 1841 e
1224 1807 1377 1851 piynore
1410 1805 1570 1848 fructum
1600 1805 1723 1847 Defleo

227 1870 267 1905 in
291 1869 418 1914 exiyuo
444 1867 671 1913 (exiguum?)
696 1867 863 1911 temporis
888 1877 960 1901 esse
985 1866 1122 1908 datium
1162 1865 1372 1901 subiectum
1396 1863 1571 1900 infinitivi
1597 1864 1723 1900 omisit

227 1928 398 1964 Valerius
426 1927 570 1962 Graeco
595 1937 709 1968 more,
737 1925 804 1962 cfr.
831 1926 879 1960 ad
905 1925 952 1971 ΙΙ,
980 1925 1036 1962 10.

324 1998 428 2033 seyne
452 1987 571 2022 letum
597 1987 654 2022 est
678 1985 831 2021 imbelle
859 1986 930 2021 hoc
954 1985 1038 2021 loco
1062 1985 1106 2020 ut
1129 1985 1253 2030 seynia
1276 1984 1358 2027 fata
1383 1984 1520 2020 Lucan.
1546 1982 1609 2026 IX,
1636 1982 1723 2026 849;

231 2047 297 2083 cfr.
324 2047 401 2083 Liv.
429 2046 506 2088 XL,
532 2046 572 2080 4:
611 2046 727 2091 capite
754 2046 890 2088 ferrum
921 2048 985 2081 aut
1017 2045 1159 2080 hawritc
1186 2044 1365 2089 poculum,
1403 2043 1436 2079 si
1459 2043 1602 2089 sequior
1631 2053 1726 2078 mors

229 2108 347 2149 iuvat;
375 2105 438 2141 Sil.
464 2105 534 2147 III,
560 2105 629 2140 351
656 2106 814 2140 tellurem
837 2108 972 2140 vertere
996 2107 1120 2139 aratro
1145 2114 1249 2149 seyne
1272 2103 1361 2138 viris
1368 2116 1376 2145 ;
1403 2101 1473 2138 508
1497 2113 1621 2148 seyne-9
1643 2102 1726 2138 sub-

230 2167 367 2202 mittere
390 2166 541 2210 rupibus
565 2176 682 2206 arma3
710 2164 762 2199 sic
788 2163 924 2199 dicitur
950 2163 1066 2199 etiam
1084 2162 1150 2199 Ov.
1176 2163 1265 2199 met.
1284 2162 1366 2204 VII,
1384 2161 1454 2196 544
1478 2162 1582 2198 letum
1599 2161 1726 2207 (scrip-

231 2227 318 2261 tura
349 2225 504 2271 incerta,
544 2223 675 2270 optimi
701 2224 784 2259 cdd.
815 2223 958 2259 habent
984 2223 1116 2268 lonqo
1146 2223 1341 2258 moritwrus
1363 2222 1481 2262 inerti,
1520 2220 1726 2257 deteriores

233 2287 310 2326 leto,
331 2284 455 2320 editur
472 2283 587 2319 etiam
603 2284 738 2328 morbo)
755 2284 868 2325 iner3;
887 2281 987 2324 VIII,
1005 2281 1075 2317 518
1094 2282 1133 2318 et
1147 2281 1209 2318 Sil.
1224 2281 1323 2323 XIV,
1339 2281 1408 2316 607
1425 2281 1594 2326 iynavwm
1610 2280 1725 2316 letum.

329 2343 409 2379 634.
458 2343 569 2378 robur
594 2343 651 2378 est
676 2342 784 2377 clava
810 2341 993 2378 Herculea
1018 2342 1061 2376 ut
1086 2341 1133 2383 II,
1160 2340 1249 2388 5343
1274 2340 1385 2385 Verg.
1404 2339 1495 2375 Aen.
1522 2339 1618 2379 VIII,
1645 2339 1726 2382 2213

235 2405 380 2449 (georg.
406 2401 476 2444 III,
502 2402 606 2446 420);
634 2401 716 2437 Sen.
743 2401 852 2437 Herc.
879 2401 952 2437 fur.
991 2400 1102 2443 1119;
1142 2399 1236 2436 Stat.
1263 2400 1380 2436 Theb.
1418 2398 1480 2440 IV,
1520 2397 1605 2440 163;
1645 2397 1724 2433 silv.

235 2463 305 2506 III,
334 2464 365 2505 1,
392 2462 454 2505 35;
493 2461 554 2504 IV,
593 2461 624 2503 6,
663 2461 727 2503 42;
764 2460 1060 2497 Pseudo-Claud.
1098 2460 1199 2496 laud.
1225 2459 1334 2496 Herc.
1373 2459 1453 2494 112.
1501 2458 1587 2493 Non
1623 2459 1728 2494 recte

235 2523 404 2568 Wagner
429 2522 543 2558 robur
567 2521 795 2557 lacertorum
817 2520 1017 2565 intellegit.

333 2581 414 2618 635.
463 2582 608 2617 miscent
631 2591 798 2624 suprema
825 2600 866 2605 -
893 2580 1014 2614 verba:
1042 2579 1142 2615 inter
1167 2589 1206 2614 se
1230 2577 1316 2613 vale
1342 2576 1482 2613 dicunt.

334 2647 413 2683 636.
465 2657 530 2682 ora
551 2646 711 2691 fatiyant
735 2645 961 2690 interpretes
988 2644 1035 2679 de
1062 2643 1194 2679 osculis
1218 2643 1323 2679 recte
1347 2641 1578 2678 intellexisse
1617 2641 1728 2677 docet

238 2708 355 2743 totius
379 2706 453 2743 loci
478 2705 681 2747 sententia;
708 2704 761 2740 nil
786 2716 877 2749 opus
904 2702 1136 2740 coniecturis.
