1890 3100
597 190 987 232 ARGONAVTIOON
1008 189 1158 227 LIBER.
1180 191 1211 228 Ι.
1592 189 1650 234 65

272 319 422 370 primus
449 317 493 355 in
519 315 666 355 aeratis
692 314 918 367 posuissem
944 311 1144 363 puppibus
1173 321 1285 349 arma

275 394 548 434 concussoque
575 386 702 419 ratem
729 377 948 443 gauderem
974 376 1118 415 tollere
1146 386 1268 414 remo.
1487 400 1489 402 »
1650 385 1706 415 340

274 447 349 486 sed
374 446 526 499 patriae
553 422 719 484 valuere
745 456 888 496 preces
917 442 1134 494 auditaque
1161 441 1317 491 magnis

272 500 369 552 vota
395 511 493 551 deis.
548 510 667 549 video
695 515 832 548 nostro
858 514 920 547 tot
945 509 988 546 in
1015 519 1190 560 aequore
1218 519 1339 557 reges

273 584 397 630 teque
424 576 579 615 ducem.
634 575 750 622 tales,
778 574 883 613 tales
911 587 987 625 ego
1016 573 1165 611 ducere
1194 577 1333 611 suetus

272 649 394 695 atque
422 641 547 717 sequi.
603 652 710 679 nunc
737 639 807 678 ille
836 639 924 678 dies
951 637 1037 687 (det
1064 636 1244 690 Iuppiter
1271 638 1370 689 oro),

271 707 342 746 ille
370 719 501 763 supeg,
532 719 611 758 quo
637 711 681 744 te
710 704 892 756 Scythici
917 704 1108 755 regisque
1136 703 1338 755 marisque
1650 714 1704 744 3⁴5

271 773 465 811 victorem
493 776 614 823 atque
642 782 804 808 umeros
831 767 1039 808 ardentem
1066 767 1220 807 vellere
1254 773 1367 819 rapto

272 836 465 888 accipiam
493 834 714 887 cedamque
741 840 836 872 tuae
864 846 956 872 mea
982 833 1089 872 facta
1115 831 1333 871 iuventae.

273 903 330 941 sic
358 901 423 940 ait.
478 900 548 939 ille
578 914 650 939 suo
679 898 911 952 conlapsam
938 903 1102 950 pectore
1129 903 1297 936 matrem

273 966 461 1006 sustinuit
487 978 715 1018 magnaque
745 977 884 1004 senem
912 963 1070 1003 cervice
1103 963 1268 1015 recepit.

260 1150 479 1194 compescuit,
497 1148 710 1185 interfecit?
735 1147 846 1193 Apud
864 1147 930 1183 Ov.
956 1148 1046 1183 met.
1072 1146 1155 1188 XII,
1180 1147 1251 1182 306
1275 1147 1412 1182 Pholus
1438 1145 1530 1192 fuga
1553 1146 1651 1182 saln-

164 1209 244 1245 tem
267 1208 367 1254 petit
390 1219 510 1253 neque
545 1207 622 1244 eius
654 1207 889 1243 adversarius
919 1206 1149 1248 nominatur;
1188 1206 1290 1252 apud
1313 1206 1426 1252 Verg.
1449 1217 1579 1252 georg.
1602 1207 1650 1249 II,

164 1267 236 1303 456
261 1271 300 1303 et
323 1270 414 1303 Aen.
439 1266 539 1309 vm,
565 1266 636 1302 294
659 1265 896 1307 interficitur;
927 1265 994 1301 cfr.
1018 1265 1190 1311 Apollod.
1216 1265 1265 1307 II,
1291 1265 1324 1308 5,
1350 1266 1383 1300 4.

260 1350 341 1387 339.
366 1354 509 1386 aeratae
538 1361 684 1396 puppes
708 1349 948 1385 nominantur
974 1349 1089 1385 efiam
1120 1349 1186 1384 Ον.
1212 1349 1302 1385 met.
1327 1347 1430 1394 VIII,
1455 1349 1540 1391 103;
1569 1349 1652 1395 plu-

165 1410 255 1446 rali-
279 1411 407 1446 autem
428 1409 564 1455 puppis
589 1408 727 1444 dicitur
750 1409 794 1443 ut
816 1419 945 1444 curru-s
969 1419 1004 1446 v.
1041 1408 1107 1450 68;
1146 1409 1275 1444 cristae
1309 1407 1391 1450 VII,
1428 1408 1654 1454 467;910u

164 1469 209 1510 V,
233 1469 297 1511 463
321 1469 468 1504 carinae
483 1467 564 1509 VH,
590 1467 677 1510 220;
697 1468 892 1512 pharetrae
915 1466 964 1509 H,
990 1467 1077 1510 511;
1103 1471 1220 1503 terrae
1242 1467 1305 1508 IV,
1332 1466 1413 1503 734.

233 1567 236 1570 ⁴
258 1550 338 1587 340.
369 1554 482 1586 ratem
505 1571 551 1577 --
577 1550 696 1586 tollere
726 1562 776 1587 sc.
807 1561 919 1596 super
948 1550 1078 1591 undas,
1110 1551 1154 1585 ut
1177 1549 1278 1591 vm,
1304 1550 1391 1593 32&
1418 1550 1555 1587 Lucan.
1581 1549 1650 1597 m,

163 1609 245 1647 526.
293 1620 461 1646 concusso
485 1620 579 1645 remo
603 1609 775 1645 similiter
800 1609 946 1651 dicitur,
972 1610 1014 1644 ut
1040 1621 1145 1645 arma
1168 1609 1248 1645 tela
1264 1610 1414 1644 hastam
1439 1611 1650 1650 concutere.

258 1681 340 1718 341.
366 1678 584 1726 Significare
608 1680 670 1716 hic
694 1680 845 1716 videtur
868 1680 1039 1716 Valerius
1063 1680 1259 1722 Aesonem,
1294 1692 1379 1716 cum
1403 1681 1499 1716 filius
1525 1692 1565 1718 se
1588 1693 1655 1728 pa-

163 1740 290 1776 ratum
313 1738 468 1776 dixisset
492 1740 542 1775 ad
568 1739 846 1786 expeditionem
862 1739 1085 1782 faciendam,
1113 1751 1135 1775 a
1161 1739 1242 1776 deis
1264 1740 1454 1786 petivisse,
1480 1742 1524 1775 ut
1548 1741 1655 1777 hero-

165 1810 205 1836 es
229 1797 446 1844 frequentes
471 1799 507 1835 ei
530 1799 757 1835 interessent
764 1812 772 1842 ;
799 1798 873 1835 vid.
898 1798 1018 1845 praef.
1045 1810 1077 1836 c.
1101 1798 1131 1834 Ι.

258 1881 340 1918 344.
364 1892 473 1928 ΜΔΕ
496 1882 518 1918 i.
546 1893 579 1918 e.
604 1883 786 1929 supet-m
816 1882 861 1917 ut
883 1881 984 1924 vm
1011 1882 1098 1925 435;
1124 1881 1236 1928 Verg.
1262 1883 1355 1920 Aen.
1380 1882 1445 1923 ΠΙ,
1471 1883 1559 1925 489;
1592 1882 1654 1920 Sss.

163 1940 227 1983 VI,
252 1940 315 1983 68;
355 1942 523 1977 ceterum
557 1952 642 1976 cum
673 1941 864 1977 brevitate
897 1941 1059 1986 quadam
1092 1941 1235 1977 dictum
1268 1953 1339 1988 pro
1371 1953 1415 1978 eo
1448 1942 1550 1988 quod
1576 1944 1652 1978 est:

163 2011 263 2036 nunc
287 2001 460 2046 superest
482 2001 527 2035 ut
549 2000 655 2035 illum
679 1999 780 2036 diem
804 2000 1000 2036 advenisse
1024 2000 1185 2037 videam.

258 2082 339 2119 346.
365 2083 544 2119 ardentem
576 2084 700 2119 vellere
735 2083 760 2120 i.
787 2095 819 2120 e.
858 2085 1032 2119 ornatum
1069 2084 1219 2120 ardenti
1255 2084 1412 2127 vellere;
1447 2085 1573 2122 ardere
1606 2086 1653 2122 de

164 2142 364 2189 splendore
387 2142 533 2178 metalli
558 2142 704 2184 dicitur,
732 2142 798 2179 cfr.
823 2143 851 2184 1,
877 2142 964 2185 488;
990 2143 1032 2187 V,
1073 2143 1159 2191 139;
1197 2143 1283 2186 230;
1315 2143 1377 2185 VI,
1418 2144 1488 2180 150
1529 2145 1654 2189 (ardor

162 2201 325 2248 vellen-ish
366 2201 453 2237 Acc.
490 2201 560 2237 319
598 2202 640 2236 R.
699 2202 912 2248 fulqentium
952 2214 1089 2238 armum
1130 2207 1292 2239 armatus
1332 2204 1494 2240 ardorem
1535 2206 1651 2248 obtui;

164 2259 336 2297 similiter
358 2260 541 2301 flammeus
565 2261 661 2296 orbis
685 2261 732 2297 de
758 2261 877 2307 clipeo
904 2261 1039 2297 dicitur
1065 2260 1161 2299 Stat.
1189 2262 1307 2299 Theb.
1330 2263 1395 2308 IV,
1419 2263 1503 2306 132;
1529 2265 1653 2310 igneus

164 2329 255 2356 amo
278 2320 386 2355 micat
415 2319 507 2364 2653
543 2321 700 2366 chlamys
731 2321 832 2356 ardet
856 2320 899 2363 V,
925 2321 1012 2363 438;
1044 2333 1215 2367 purpura
1239 2343 1287 2349 —-
1310 2323 1420 2358 mixto
1452 2323 1653 2359 incenditur

164 2388 254 2415 auro
275 2378 320 2421 X,
339 2378 404 2424 60,·
438 2379 543 2425 ὄρνιθα
565 2379 709 2425 ρειητηίε
732 2380 875 2426 cinyula
898 2379 980 2421 XIL
1000 2380 1086 2423 527;
1113 2382 1328 2427 clipeumque
1351 2382 1538 2418 accendere
1563 2394 1652 2419 auro

166 2436 228 2473 Sil.
254 2437 331 2480 XV,
357 2437 438 2475 678.

258 2506 339 2546 347.
365 2508 557 2554 aoaffam;
583 2509 694 2555 Verg.
719 2509 814 2547 Aen.
836 2509 899 2551 VI,
934 2510 1015 2547 693.

258 2591 341 2629 348.
374 2591 502 2628 ‘Poeta
533 2592 754 2629 muliebrem
784 2593 979 2629 mollitiem
1010 2594 1288 2640 maculamque
1320 2596 1550 2641 gravitatem
1575 2606 1650 2631 ser-

165 2651 254 2687 vat:
278 2650 456 2696 Wagner.

1392 2714 1414 2748 5
