1890 3100
546 226 931 263 ARGONAVTICON
958 226 1105 261 LIBER
1129 225 1173 261 V.
1518 227 1607 270 387

229 362 306 388 nec
333 348 456 387 decus
487 347 610 386 oblati
638 347 834 386 dimiseris
863 346 1019 389 advena
1045 345 1162 393 belli3

228 427 401 466 namque
428 414 558 451 virum
584 413 706 452 trahit
732 413 819 464 ipse
847 411 1026 463 chalybs.
1079 417 1165 448 tum
1193 409 1348 448 vellera
1372 410 1500 448 victor
1607 422 1663 451 510

161 503 165 507 -
229 485 311 518 tam
338 479 500 526 meritis,
529 491 604 517 nec
633 478 723 516 sola
749 476 879 516 dabo’.
935 483 1074 515 contra
1100 476 1249 514 inscius
1278 480 1388 513 astus

232 549 340 595 ‘ergo
368 557 444 582 nec
472 544 538 582 hic
565 544 710 582 nostris
739 542 851 581 derat
878 541 992 580 labor
1020 541 1167 579 arduus
1196 540 1307 578 actis’

232 609 379 660 excipit
407 608 631 647 Aesonides
661 613 714 646 ‘et
743 621 818 646 ceu
845 606 944 645 nihil
973 620 1147 659 aequore
1177 606 1305 657 passis

230 673 390 713 additur
416 674 492 712 iste
521 673 636 712 dies?
671 673 834 711 veniant
863 685 984 724 super
1011 672 1112 710 haec
1141 684 1299 723 quoque
1328 670 1411 708 fato

233 738 344 777 bella
370 752 472 777 meo.
528 751 608 776 non
636 738 743 776 hunc
769 751 893 789 parva
919 737 1016 775 mihi
1043 736 1168 775 caede
1197 735 1376 775 dolorem
1609 741 1664 771 545

232 816 411 856 quasque
441 802 551 841 dedit
577 802 663 841 luet
689 802 759 841 ille
787 802 941 840 moras’.
998 808 1083 840 tum
1112 801 1282 840 Castora
1308 801 1438 848 mittit,

233 869 300 921 qui
327 868 430 906 ferat
456 868 584 906 Aeaei
613 868 730 906 sociis
759 880 953 918 responsa
979 867 1151 918 tyranni.

232 933 388 972 acribus
417 939 478 971 ast
505 932 596 971 illos
626 933 730 971 curis
759 946 869 970 mora
898 945 1020 970 saeva
1046 931 1243 978 trahebat,

232 1011 279 1036 ac
307 998 425 1036 simul
452 1004 496 1036 ut
522 997 654 1036 medio
682 997 868 1036 viderunt
897 997 1066 1036 Castora
1094 1011 1246 1049 campo,

233 1062 406 1102 crebrior
433 1063 599 1101 incussit
627 1068 802 1101 mentem
830 1076 964 1114 pavor.
1022 1067 1057 1100 ‘o
1086 1063 1194 1100 Iovis
1223 1062 1328 1100 alma
1608 1075 1664 1106 550

230 1128 455 1180 progenies,
486 1127 582 1175 fare,
613 1141 664 1166 an
691 1128 860 1179 patriam
888 1141 980 1179 spes
1009 1128 1093 1166 ulla
1119 1127 1294 1174 videndi⁷

232 1193 330 1232 fare’
360 1206 510 1232 omnes.
565 1192 634 1231 ille
663 1193 705 1231 in
732 1192 874 1231 mediis
904 1193 959 1231 sic
990 1206 1102 1231 orsus
1131 1193 1320 1231 Achivis:

234 1262 321 1297 ‘nec
348 1257 457 1296 ferus
486 1259 650 1305 Aeetes,
680 1263 724 1295 ut
751 1258 867 1305 fama,
897 1271 973 1296 nec
1002 1271 1124 1297 aurea
1151 1258 1266 1296 nobis

233 1329 348 1374 terga
374 1329 514 1374 negat3
543 1322 652 1361 bello
681 1323 835 1361 interea
864 1322 936 1361 sed
962 1336 1126 1375 pressus
1154 1324 1290 1375 iniquo

234 1387 425 1426 auxilium
451 1388 568 1439 petit3
599 1394 770 1426 armatos
800 1387 881 1426 dux
909 1389 1088 1440 protinus
1118 1402 1255 1427 omnes
1612 1397 1670 1426 555

234 1452 459 1491 accelerare
487 1453 615 1500 iubet;
644 1452 765 1504 longo
794 1467 886 1491 nam
913 1459 1000 1491 tuta
1027 1467 1190 1493 recessu

222 1564 303 1601 539.
350 1575 414 1599 nec
437 1585 483 1590 —
508 1565 691 1606 dimiseris,
718 1564 794 1601 vid„
819 1565 868 1600 ad
892 1566 920 1605 Ι,
948 1565 1025 1600 175.

222 1623 302 1659 540.
351 1623 532 1669 Expressa
555 1625 642 1658 sunt
665 1624 858 1659 notissima
882 1624 946 1659 illa
963 1626 1080 1660 verba
1097 1625 1248 1662 Homeri
1266 1627 1362 1668 αὐτὸς
1391 1630 1452 1672 γὰρ
1477 1626 1611 1672 ἐφέλκε-

128 1697 182 1720 ται
205 1682 311 1728 ἄνδρα
335 1682 464 1728 σίδηρος
490 1682 557 1719 Od.
583 1682 680 1727 XVI,
706 1683 791 1725 2943
818 1683 915 1724 XIX,
944 1684 998 1719 13.

225 1742 303 1778 541.
353 1746 427 1776 tum
451 1742 545 1783 Vat„
571 1746 644 1777 tam
667 1742 794 1778 Burm.
1187 1762 1189 1764 >

224 1801 305 1837 542.
354 1800 455 1836 derat
505 1801 768 1847 imperfectum
823 1814 898 1837 non
939 1803 1162 1838 mutandum
1213 1804 1379 1847 videtur;
1423 1805 1612 1841 sententia

131 1860 231 1897 enim
255 1859 389 1896 eadem
414 1860 471 1895 est
495 1871 539 1895 ac
565 1860 596 1895 si
621 1860 776 1896 dixisset
797 1863 912 1907 poeta
938 1863 1039 1907 ‘ergo
1075 1862 1156 1898 fato
1194 1863 1403 1899 destinatus
1434 1866 1515 1900 erat
1554 1864 1614 1900 hic

132 1919 256 1956 labor’.

227 1978 306 2013 544.
356 1977 522 2023 Wagner
566 1989 674 2023 super
714 1979 1032 2024 praepositionem
1073 1980 1263 2026 intellegit
1301 1983 1339 2017 et
1381 1982 1466 2017 haec
1503 1993 1613 2018 accu-

134 2036 295 2073 sativum
311 2037 359 2072 ab
378 2048 422 2072 ea
438 2037 683 2083 pendentem
702 2038 770 2073 sed
785 2039 977 2083 quominus
994 2040 1090 2074 hanc
1109 2040 1393 2085 explicationem
1408 2041 1617 2087 probemus,

136 2096 265 2132 obstat
288 2097 328 2132 et
351 2107 485 2141 quoque
508 2097 718 2142 particulae
744 2097 940 2133 collocatio
966 2101 1002 2134 et
1026 2099 1125 2143 quod
1149 2099 1261 2135 Iason
1286 2100 1362 2135 iam
1386 2102 1499 2136 antea
1522 2113 1617 2147 pug-

133 2154 240 2191 navit
263 2166 485 2200 quamquam
509 2155 646 2190 invitus
673 2167 757 2191 cum
783 2156 984 2201 Unio-enim
1017 2169 1126 2202 super
1151 2160 1208 2194 est
1232 2159 1453 2195 adverbium
1477 2172 1545 2206 pro
1572 2172 1617 2196 eo

137 2213 236 2260 quod
261 2215 319 2250 est
341 2215 498 2259 insuper.

227 2272 308 2309 546.
356 2274 423 2317 ille,
449 2273 590 2309 Perses.

228 2331 308 2367 548.
357 2331 414 2368 De
438 2333 681 2369 collocatione
707 2338 764 2369 ast
788 2334 1054 2371 coniunctionis
1080 2336 1155 2372 vid.
1181 2337 1230 2371 ad
1254 2336 1314 2373 IV.
1342 2337 1400 2373 85.

230 2391 396 2427 traham·
429 2393 583 2428 verbum
620 2392 732 2428 facile
769 2394 923 2429 assumit
958 2395 1150 2431 notionem
1179 2396 1339 2431 vexandi
1376 2397 1615 2443 sollicitandi,

136 2449 236 2495 quod
270 2449 314 2485 fit
337 2450 418 2496 ipsa
444 2454 514 2487 hac
539 2463 658 2493 mora;
697 2447 751 2488 sic'
775 2453 941 2489 Valerius
967 2454 1061 2489 dixit
1086 2454 1167 2494 VII,
1196 2455 1243 2490 10
1265 2467 1334 2500 quo
1358 2468 1443 2492 casu
1468 2457 1522 2491 vel
1544 2468 1614 2502 quo

135 2507 188 2543 eie
204 2509 358 2554 perui-aa
379 2520 489 2555 usque
512 2508 559 2536 '—
585 2521 703 2546 errore
727 2512 861 2548 trahor.

230 2566 311 2603 550.
358 2568 507 2604 incusat
529 2574 676 2605 mentem
694 2581 827 2615 pavor.-
854 2571 919 2607 cfr.
946 2572 996 2607 ad
1020 2572 1067 2618 11,
1092 2573 1172 2609 339.

232 2625 314 2664 551.
356 2629 517 2671 patriam
539 2639 620 2674 spe-5
641 2629 718 2665 ulla
740 2630 899 2666 videndi:
926 2631 1036 2677 Verg.
1061 2633 1152 2669 Aen.
1180 2633 1230 2674 ΙΙ,
1259 2634 1336 2668 137.

233 2683 312 2719 552.
362 2696 479 2722 omnes
502 2698 552 2724 sc.
578 2688 806 2731 exclamant;
831 2689 878 2725 de
906 2690 1024 2736 ellipsi
1042 2691 1146 2727 verbi
1164 2692 1311 2728 dicendi
1329 2693 1403 2728 vid.
1421 2693 1470 2727 ad
1488 2693 1515 2730 Ι,
1536 2693 1615 2730 174.

1337 2752 1383 2786 25
