1890 3100
236 199 322 243 392
763 198 800 235 Ο.
826 198 1007 234 VALERI
1033 199 1207 236 FLAOCI

342 316 486 356 Medus
516 323 556 356 et
586 318 777 370 oppositis
807 324 994 370 expectat
1022 319 1190 358 Hiberia
1218 319 1412 359 claustris.

345 382 439 435 quid
467 383 675 434 Latagum,
707 383 803 436 quid
831 384 864 422 si
893 384 1145 435 amnigenam
1174 386 1318 424 mirere
1349 385 1593 438 Choaspen?

343 448 550 487 bellatoris
580 449 674 501 equi
701 454 907 501 potantem
936 463 1055 488 cerne
1086 463 1266 499 cruores;

343 527 419 552 nec
447 519 583 552 tamen
609 515 795 553 immissis
823 515 888 553 hic
918 516 1079 566 segnior
1106 515 1178 554 ibit
1208 516 1403 556 habenis’.

342 579 415 617 hos
445 585 579 618 autem
608 593 711 632 quae
741 593 941 632 quemque
970 594 1122 628 manus,
1153 595 1256 634 quae
1287 582 1402 633 signa
1429 588 1659 635 sequantur,
1728 590 1782 621 605

344 644 376 683 si
404 658 631 692 memorem,
662 646 770 697 prius
799 651 1002 684 umentem
1032 646 1101 684 lux
1131 646 1295 685 solverit
1324 647 1515 686 umbram.

182 398 237 552 ἒέἓ

331 781 411 817 601.
462 782 634 826 oppositis
659 802 703 807 —
735 782 916 823 claustris;
955 783 1042 817 sunt
1078 783 1208 828 portae
1246 782 1393 818 Iberiae
1431 783 1493 819 vel
1528 783 1729 821 Caucasiae

236 840 348 875 Plinii
373 842 449 875 nat.
477 840 560 877 hist.
586 841 648 882 VI,
675 840 733 879 40.

331 911 411 947 602.
461 912 517 947 De
534 913 604 947 hoc
630 911 855 957 Scytharum
867 923 970 948 more
988 913 1174 958 sanguinis
1193 914 1317 958 equini
1335 913 1485 950 bibendi
1502 915 1609 950 multi
1628 926 1729 951 men-

237 972 375 1007 tionem
401 971 586 1007 fecerunt:
624 971 712 1007 Hor.
739 983 769 1008 c.
796 971 866 1013 111,
892 972 926 1013 4,
960 972 1026 1016 34;
1064 972 1176 1017 Verg.
1202 984 1328 1018 georg.
1356 973 1425 1018 ΙΙΙ,
1450 973 1538 1018 463ς
1571 973 1632 1011 Sil.
1660 974 1728 1016 ΠΙ,

238 1030 326 1077 361;
352 1029 435 1067 Seu.
464 1030 555 1066 Oed.
581 1031 668 1073 470;
696 1030 792 1068 Stat.
819 1031 911 1066 Ach.
938 1031 967 1072 Ι,
994 1031 1080 1074 307;
1107 1032 1216 1068 Mart.
1244 1032 1291 1068 de
1317 1034 1436 1078 spect.
1466 1033 1500 1078 3,
1525 1034 1565 1074 4;
1601 1033 1730 1071 Claud.

237 1089 276 1124 in
301 1089 385 1124 Ruf.
412 1090 441 1132 I,
469 1090 552 1132 311;
578 1090 709 1126 Avien.
736 1091 814 1126 orb.
841 1090 928 1133 9213
955 1091 1066 1128 prise.
1093 1091 1234 1136 perieg.
1261 1092 1347 1134 7213
1375 1091 1451 1128 Sid.
1477 1093 1527 1137 H,
1553 1093 1600 1128 38
1610 1106 1618 1135 ;
1647 1093 1728 1134 VH,

237 1149 301 1196 833
329 1149 422 1185 Plin.
450 1151 527 1184 nat.
555 1150 641 1186 hist.
667 1149 803 1191 XVIII,
832 1150 911 1188 100.

332 1220 412 1256 604.
439 1221 563 1266 Equus
589 1232 814 1266 quamquam
839 1221 998 1256 multum
1024 1222 1256 1268 sanguinem,
1276 1234 1387 1267 quem
1407 1222 1594 1268 Choaspes
1620 1223 1730 1271 bibit,

242 1279 377 1322 amisit,
403 1282 533 1316 tamen
558 1281 717 1316 eandem
743 1280 981 1316 alacritatem
1006 1282 1143 1317 servat.

332 1351 489 1386 habenas
525 1351 710 1386 immittere
743 1351 814 1386 hoc
851 1351 931 1387 loco
962 1351 1113 1397 proprie
1140 1351 1288 1398 dicitur,
1323 1352 1442 1387 multo
1474 1352 1622 1398 saepius
1647 1365 1731 1388 oum

238 1409 486 1446 translatione
518 1410 560 1444 ut
591 1409 619 1456 I,
656 1410 742 1452 687;
785 1410 883 1452 VIII,
926 1410 1012 1455 1393
1051 1410 1161 1456 Verg.
1188 1410 1279 1446 Aen.
1307 1412 1349 1453 V,
1377 1411 1465 1453 662;
1498 1411 1562 1454 VI,
1590 1412 1628 1454 1;
1663 1412 1729 1448 Ov.

243 1470 333 1506 met.
358 1469 387 1511 I,
414 1469 499 1512 280;
527 1470 590 1507 Sil.
616 1470 676 1516 1V,
702 1470 769 1505 681
798 1470 844 1506 al.

335 1541 415 1576 606.
468 1542 531 1577 lux
553 1542 698 1577 solverit
720 1543 897 1577 umbram:
925 1541 992 1583 III,
1020 1543 1052 1579 1.

335 1601 473 1636 Mirum
499 1602 566 1646 est,
599 1601 699 1646 quod
725 1601 894 1637 Valerius
921 1601 1033 1637 duces
1060 1601 1157 1637 solos
1182 1602 1361 1644 nominat,
1388 1614 1463 1638 non
1491 1602 1609 1643 addit,
1637 1613 1731 1646 quae

241 1661 373 1706 gentes
412 1671 474 1696 eos
506 1661 709 1706 sequantur
741 1661 780 1696 et
818 1660 915 1696 unde
943 1672 1010 1696 eae
1040 1660 1236 1707 profectae
1262 1661 1347 1699 sint.
1411 1661 1518 1703 Quod
1544 1673 1628 1697 cum
1653 1662 1731 1707 ipse

242 1719 401 1755 sentiret
424 1731 499 1755 non
524 1719 615 1754 satis
642 1720 769 1765 aptum
796 1730 887 1764 esse,
912 1720 1072 1755 Aeetam
1098 1720 1284 1756 dicentem
1303 1720 1402 1762 facit,
1428 1721 1581 1766 postero
1607 1720 1667 1756 die
1693 1720 1732 1756 in

238 1790 366 1825 pugna
377 1779 459 1825 ipsa
471 1779 645 1815 Iasonem
658 1779 723 1828 has
733 1780 864 1824 gentes
878 1779 1042 1814 visurum
1057 1791 1136 1815 esse
1150 1792 1183 1814 v.
1199 1779 1267 1814 607
1282 1791 1381 1825 seqq.
1419 1779 1494 1816 Sed
1506 1779 1600 1815 illud
1618 1779 1733 1816 etiam

239 1839 359 1884 magis
397 1838 541 1878 mirum,
582 1838 680 1884 quod
711 1839 747 1873 in
783 1850 911 1884 pugna
943 1850 1089 1884 quoque
1121 1839 1367 1874 describenda
1397 1840 1513 1885 poeta
1543 1850 1590 1875 ne
1615 1839 1732 1875 verbo

244 1898 394 1943 quidem
418 1899 552 1933 harum
577 1898 746 1943 gentium
770 1898 998 1933 mentionem
1023 1898 1112 1933 facit
1137 1910 1259 1943 neque
1285 1898 1435 1934 omnino
1461 1898 1659 1944 quidquam
1685 1898 1732 1934 de

241 1957 294 1993 eis
331 1957 444 2000 dicit;
485 1958 823 1993 commemorantur
861 1957 959 1993 enim
997 1959 1150 2003 praeter
1174 1958 1379 1994 Amazones
1419 1959 1458 1994 et
1482 1958 1730 2003 Argonautas,

242 2017 305 2062 qui
341 2028 363 2052 a
387 2017 559 2063 partibus
585 2019 726 2053 Aeetae
752 2018 866 2059 stant,
905 2017 974 2053 soli
1002 2017 1130 2053 Colchi
1155 2017 1216 2053 vel
1244 2017 1388 2062 Cytaei:
1427 2017 1488 2059 VI,
1517 2017 1606 2064 2423
1643 2017 1731 2059 3893

242 2077 329 2119 427;
355 2076 442 2119 530;
483 2076 599 2112 etiam
638 2076 689 2112 eis
726 2076 828 2118 locis,
867 2076 932 2111 ubi
958 2077 1094 2112 ducum
1125 2076 1185 2112 hio
1210 2077 1487 2113 nominatorum
1512 2076 1653 2112 mentio
1678 2076 1731 2118 fit,

241 2136 284 2170 ut
308 2136 441 2171 Aronis
468 2135 546 2177 524,
579 2135 659 2177 536,
695 2135 866 2182 Campesi
892 2136 970 2178 243,
1000 2136 1135 2182 Latagi
1152 2136 1231 2178 572,
1259 2136 1438 2181 gentium,
1466 2147 1554 2181 quas
1581 2136 1731 2177 ducant,

242 2206 310 2230 nec
336 2195 420 2230 vola
445 2206 514 2230 nec
539 2195 748 2240 vestigium,
775 2197 817 2230 ut
843 2195 958 2236 aiunt,
987 2197 1158 2241 apparet.
1210 2195 1366 2231 Omnino
1392 2207 1468 2231 non
1492 2194 1734 2230 nominantur

241 2254 341 2289 infra
360 2253 550 2289 Carmeius
569 2254 732 2290 Odrussa
750 2255 916 2291 Iaxartes
935 2254 1128 2300 Choaspes,
1156 2266 1377 2301 quamquam
1395 2254 1508 2290 animi
1526 2253 1734 2299 legentium

243 2313 367 2349 verbis
405 2313 620 2359 magnificis,
659 2315 786 2358 quibus
818 2315 933 2360 poeta
965 2314 1083 2349 utitur
1115 2314 1164 2349 ad
1189 2315 1256 2350 hos
1282 2316 1379 2350 viros
1405 2313 1489 2349 rudi
1513 2313 1654 2349 virtute
1678 2313 1733 2348 in-

242 2373 366 2419 signes
392 2373 665 2413 describendos,
692 2373 731 2408 in
748 2385 928 2408 summam
948 2374 1099 2409 adducti
1118 2375 1204 2409 sunt
1230 2373 1557 2419 exspectationem.
1607 2372 1651 2407 In
1675 2372 1733 2407 his

245 2433 366 2474 rebus,
404 2431 468 2467 ubi
505 2432 629 2468 omnia
666 2444 710 2467 ex
747 2433 897 2478 proprio
935 2433 1084 2478 ingenio
1112 2433 1285 2478 fingenda
1311 2433 1431 2474 erant,
1457 2433 1611 2478 poetam
1636 2431 1734 2467 vires

245 2491 474 2528 defecerunt.
526 2491 622 2534 Quin
647 2491 763 2527 etiam
788 2491 933 2533 Albani,
969 2504 1125 2536 quorum
1149 2493 1230 2537 regi
1256 2491 1366 2537 Styro
1392 2491 1524 2527 Medea
1550 2491 1735 2536 desponsa

246 2552 340 2596 erat,
378 2562 452 2587 non
489 2551 729 2586 nominantur
765 2550 865 2586 inter
897 2551 1015 2586 socios
1042 2551 1270 2593 Colchorum,
1310 2550 1376 2587 sed
1402 2550 1499 2586 solus
1527 2549 1733 2586 Cremedon

244 2611 396 2656 praeter
432 2621 561 2655 regem
598 2611 777 2655 tanquam
814 2621 936 2646 comes
975 2609 1072 2655 Styri
1110 2611 1422 2646 commemoratur
1446 2609 1509 2652 VI,
1549 2609 1628 2645 194.
1657 2609 1730 2644 cfr.

247 2669 361 2705 etiam
386 2669 433 2705 ad
457 2669 519 2711 VI,
546 2669 615 2705 507
