1890 3100
239 260 323 303 116
755 257 792 293 C.
818 256 998 293 VALERI
1023 257 1197 293 FLACCI

342 395 495 428 maesta
524 389 675 438 domus,
705 403 923 442 regemque
951 390 1085 441 fragor
1111 403 1184 442 per
1210 390 1369 428 moenia
1398 389 1528 429 differt

341 455 450 493 mille
479 455 584 494 ciere
613 468 752 493 manus
783 460 824 493 et
850 455 929 493 iam
958 454 1053 494 dare
1080 456 1190 494 iussa
1217 456 1380 494 vocatis.

340 521 553 572 flagrantes
583 534 670 559 aras
699 526 936 573 vestemque
963 527 1185 574 nemusque
1215 520 1400 560 sacerdos
1704 543 1774 579 [55

338 586 585 638 praecipitat,
617 586 838 638 subitisque
866 599 1018 638 pavens
1047 587 1313 638 circumspicit
1339 587 1490 634 Aeson,

341 651 435 704 quid
462 657 633 691 moveat.
691 665 808 704 quam
837 651 963 690 multa
990 652 1054 690 leo
1084 657 1292 690 cunctatur
1317 652 1359 689 in
1388 657 1474 690 arta

338 717 445 756 mole
473 718 601 756 virum
630 718 811 770 rictuque
841 730 966 768 genas
997 723 1037 756 et
1064 717 1215 756 lumina
1241 717 1398 769 pressit,

231 902 363 937 clamor
386 913 570 947 supremus
593 902 811 948 plerumque
836 902 875 937 in
900 901 1031 938 funere
1058 901 1131 937 dici
1156 903 1254 938 solet
1283 903 1326 937 ut
1350 901 1417 946 ΠΙ,
1443 901 1530 942 349;
1556 901 1623 937 sed
1646 902 1718 937 1100

231 961 311 997 1000
337 963 395 997 est
420 962 570 1008 clamor,
597 962 659 1006 qui
683 962 727 996 fit
750 962 789 996 in
815 963 984 997 extrema
1009 961 1281 1007 desperatione,
1307 962 1351 996 ut
1370 960 1474 1001 VIII,
1494 961 1571 996 172.

326 1022 466 1057 horruit
491 1042 535 1047 —
562 1022 712 1057 clamore
735 1043 782 1048 —
813 1022 937 1057 dom-us
972 1020 1118 1067 poetice
1158 1020 1297 1056 dictum
1333 1032 1402 1067 pro
1441 1032 1484 1058 eo
1522 1021 1620 1067 quod
1657 1021 1719 1057 est

232 1081 418 1116 horrendo
445 1080 608 1116 clamore
634 1080 763 1116 domus
790 1080 1007 1126 completur.

326 1151 404 1188 753.
452 1152 579 1197 frayor
614 1151 791 1187 inusitate
827 1163 893 1197 pro
923 1162 1071 1186 rumore
1105 1150 1285 1196 scriptum
1312 1152 1384 1194 est3
1417 1150 1586 1186 similiter
1612 1152 1717 1187 certe

232 1212 280 1246 ad
309 1222 514 1246 sermonem
537 1210 725 1246 hominum
751 1210 991 1246 indicandum
1009 1211 1077 1246 hoe
1094 1210 1277 1246 vocabulo
1301 1222 1387 1245 usus
1413 1211 1471 1246 est
1488 1209 1716 1247 Prudentius

229 1270 357 1316 perist.
383 1270 432 1312 Π,
460 1270 526 1305 181
550 1270 678 1316 fragor
702 1274 890 1316 rogantum
920 1270 1073 1315 tollitur3
1101 1270 1260 1305 cathem.
1292 1269 1372 1311 VH,
1399 1269 1446 1305 28
1470 1281 1545 1315 seq.
1569 1268 1718 1315 fragore

231 1331 275 1366 ab
329 1331 424 1366 omni
476 1341 575 1375 quem
615 1333 784 1365 remotum
825 1333 858 1365 et
897 1340 1070 1375 seyreyem
1111 1329 1295 1374 Sprevisse
1340 1328 1489 1365 tradunt
1528 1330 1717 1366 criminum

228 1389 474 1434 frequentiam.

323 1461 402 1497 755.
440 1461 567 1497 Verba
593 1459 855 1496 obscurissima
881 1461 919 1496 et
945 1459 1098 1496 diversis
1124 1460 1244 1496 modis
1269 1459 1456 1506 explicata
1474 1461 1539 1495 aut
1554 1460 1714 1498 mutata.

226 1521 406 1568 Equidem
430 1521 662 1566 Wagnerum
687 1520 834 1555 secutus
851 1519 1041 1555 Valerium
1067 1519 1189 1555 dicere
1214 1519 1373 1555 voluisse
1398 1520 1500 1565 puto,
1527 1522 1714 1558 Aesonem

226 1593 335 1627 quam
372 1580 574 1626 celerrime,
600 1580 798 1625 postquam
836 1579 972 1615 certior
1006 1579 1127 1614 factus
1166 1580 1264 1615 esset
1300 1579 1347 1615 de
1385 1578 1537 1615 consilio
1573 1578 1712 1621 Peliae,

227 1652 332 1676 aram
365 1639 557 1685 reliquisse
588 1639 733 1675 vestem
766 1638 909 1674 exuisse
942 1650 986 1674 ex
1021 1650 1172 1675 nemore
1206 1638 1348 1681 exiisse,
1387 1638 1454 1674 sed
1490 1649 1566 1674 non
1601 1637 1713 1674 intel-

225 1701 310 1746 lego
345 1699 564 1735 sacrificium
597 1698 776 1740 ‘finitum’,
810 1709 939 1734 verum
963 1697 1231 1745 interruptum3
1264 1698 1314 1733 ad.
1347 1699 1417 1734 hoc
1441 1697 1712 1734 absolvendum

224 1761 357 1806 postea
387 1759 518 1803 rediit3
548 1758 624 1797 vid.
655 1770 689 1793 v.
716 1758 796 1794 774.
851 1757 1200 1804 Quomodocumque
1226 1757 1502 1804 explicabimus,
1529 1758 1712 1803 praecipi-

225 1824 301 1855 tare
326 1831 411 1854 aras
435 1822 561 1854 vestem
584 1829 707 1853 nemus
730 1828 869 1863 magna
899 1829 982 1853 cum
1007 1817 1166 1853 audacia
1191 1817 1333 1852 dictum
1363 1816 1604 1853 inveniemus.
1652 1816 1711 1852 Ne

224 1879 263 1914 id
301 1879 451 1924 quidem
487 1877 732 1921 laudaverim,
769 1877 867 1923 quod
903 1878 1018 1923 poeta
1047 1888 1157 1912 versu
1188 1876 1258 1912 755
1287 1875 1522 1913 sacerdotem
1552 1887 1711 1913 comme-

224 1940 357 1981 morat,
390 1937 494 1984 quasi
519 1937 612 1972 alius
638 1937 687 1972 sit
712 1936 896 1978 sacerdos
920 1936 1014 1972 alius
1038 1937 1172 1978 Aeson,
1208 1936 1275 1972 sed
1301 1947 1344 1972 ex
1369 1937 1453 1972 tota
1482 1936 1711 1980 narratione,

223 1998 403 2044 imprimis
430 2009 484 2044 ea,
511 2009 605 2044 quae
630 1997 796 2042 sequitur
820 1997 909 2034 inde
935 2009 956 2033 a
981 2009 1014 2032 v.
1043 1997 1121 2039 774,
1161 1998 1321 2043 apparet
1344 1997 1449 2032 illum
1474 1996 1713 2034 sacerdotem

224 2059 345 2104 ipsum
369 2059 555 2094 Aesonem
581 2068 670 2093 esse.
722 2057 834 2092 Sacro
867 2056 981 2102 igitur
1014 2057 1225 2102 interrupto
1257 2056 1452 2098 deliberat,
1478 2057 1604 2092 utrum
1626 2055 1712 2102 ipse

224 2129 391 2164 pugnam
415 2119 586 2164 capessat
611 2128 659 2153 an
682 2117 859 2163 populum
888 2116 1024 2152 auxilio
1055 2117 1166 2152 vocet
1197 2119 1325 2152 contra
1348 2116 1506 2158 Peliam,
1533 2115 1598 2152 sed
1622 2125 1709 2162 pre·

226 2178 328 2213 cibus
353 2177 477 2213 uxoris
502 2178 625 2212 motus
650 2176 803 2212 sortitur
827 2177 966 2218 morte,
993 2187 1104 2220 quam
1129 2175 1200 2211 sibi
1224 2175 1304 2221 ipse
1330 2175 1552 2221 consciscat,
1582 2174 1708 2221 perire

226 2237 428 2274 constituit.

318 2308 397 2343 757.
447 2308 534 2352 quid
568 2311 704 2343 moveat
733 2307 755 2343 i.
790 2319 820 2344 e.
852 2307 1039 2352 moliatur,
1072 2306 1139 2346 cfr.
1165 2306 1214 2352 ΙΙ,
1241 2306 1326 2349 102;
1365 2293 1409 2350 V,
1434 2305 1520 2348 2913
1551 2304 1614 2350 VI,
1641 2305 1708 2346 14;

223 2367 290 2404 Ov.
315 2368 394 2403 her.
420 2367 503 2413 VII,
528 2367 568 2413 43
594 2367 711 2412 XVII,
738 2366 800 2414 103
835 2366 972 2412 Sapph.
1000 2378 1057 2412 ep.
1083 2367 1123 2413 43
1151 2378 1222 2402 am.
1247 2366 1313 2408 III,
1342 2366 1373 2407 1,
1399 2365 1439 2412 6;
1470 2365 1540 2402 art.
1566 2363 1595 2407 L
1623 2364 1709 2401 341.

317 2426 373 2462 De
400 2426 687 2471 comparatione,
727 2437 819 2472 quae
857 2426 1032 2471 sequitur,
1072 2425 1140 2461 cfr.
1171 2425 1280 2462 Hom.
1312 2425 1356 2460 11.
1387 2423 1470 2470 XII,
1503 2424 1550 2459 41
1584 2434 1708 2469 seqq.;

221 2487 335 2531 Verg.
360 2485 450 2521 Aen.
478 2485 540 2526 IX,
566 2485 635 2520 551
660 2495 758 2530 seqq.
810 2484 871 2519 Sil.
898 2488 940 2526 X,
968 2485 987 2519 1
1015 2496 1116 2529 seqq.

317 2548 503 2581 cunctatus
526 2545 623 2585 Vat„
650 2547 837 2579 cunctatur
862 2543 969 2579 Thilo
994 2544 1033 2578 in
1059 2543 1314 2582 annotatione.

316 2606 356 2641 in
381 2608 463 2639 arta
487 2604 589 2646 mole3
617 2604 760 2639 densam
784 2603 922 2639 molem
947 2602 1038 2638 dicit
1062 2603 1175 2648 Verg.
1200 2603 1292 2639 Aen.
1317 2601 1400 2644 XII,
1426 2602 1505 2637 575.

317 2676 396 2712 758.
445 2677 572 2711 m'ctum
608 2676 716 2710 tanto
752 2674 858 2709 hiatu
896 2674 1018 2719 aperit
1053 2674 1112 2710 leo
1149 2673 1364 2710 vehementi
1396 2673 1454 2708 ira
1485 2674 1705 2716 commotus,

221 2737 264 2771 ut
289 2747 410 2781 genae
435 2735 704 2771 contrahantur
730 2735 768 2770 et
794 2733 888 2770 oculi
912 2745 987 2769 non
1010 2733 1085 2768 iam
1111 2735 1330 2779 appareant.
