1890 3100
19 691 95 755 χ,

568 227 954 266 ARGONAVTICON
977 226 1124 262 LIBER
1149 226 1178 260 I.
1532 227 1614 269 111

242 351 425 405 prosiluit
450 351 641 401 iuxtaque
668 360 802 387 comes
829 345 1078 385 brevioribus
1107 343 1193 392 alis,
1470 396 1473 397 γ
1620 354 1674 384 705

245 417 353 456 nube
379 429 486 454 nova
510 414 718 466 linquente
746 411 896 458 domos,
925 410 1074 449 Minoia
1100 409 1247 448 frustra

245 481 448 520 infremuit
476 491 617 518 manus
646 484 687 517 et
713 477 804 515 visu
829 476 1004 516 lassatur
1030 475 1139 514 inani

247 547 374 585 omnis
402 557 527 597 eques
555 543 765 595 plenisque
794 541 897 580 redit
918 541 1102 603 Gortyna
1127 540 1338 592 pharetris.

247 611 343 664 quin
370 610 490 650 etiam
515 609 559 647 in
584 607 769 647 thalamis
796 604 1003 659 primoque
1031 606 1074 644 in
1100 605 1236 644 limine
1265 604 1405 643 Acasti

246 667 360 716 fusus
387 675 507 713 humo
534 674 691 712 iuvenis
719 685 882 724 gressus
912 678 952 711 et
979 671 1114 710 inania
1141 671 1256 721 signa
1626 678 1678 707 710

249 754 317 780 ore
345 739 500 792 premit,
530 738 759 791 sparsisque
788 737 930 788 legens
958 736 1131 787 vestigia
1159 735 1268 774 canis

251 811 304 845 ‘te
331 817 493 858 quoque
520 804 599 842 iam
626 803 770 842 maesti
796 802 933 841 forsan
961 801 1153 853 genitoris
1181 801 1326 851 imago,

197 866 203 871 ’
247 870 369 918 nate’,
397 870 452 908 ait
480 874 535 908 ‘et
561 868 692 908 luctus
722 867 894 906 subeunt
922 867 1094 918 suspiria
1119 866 1257 912 nostri,

248 936 407 988 iamque
435 933 550 973 dolos
579 934 805 985 circumque
833 932 956 970 trucis
985 931 1212 970 discrimina
1239 930 1311 969 leti

249 999 360 1039 mille
388 998 514 1038 vides.
571 1012 651 1050 qua
677 1004 731 1045 te,
761 997 912 1043 infelix,
943 996 1087 1049 quibus
1115 997 1305 1048 insequar
1333 993 1440 1034 oris?
1628 1003 1682 1032 715

248 1077 330 1104 non
358 1064 570 1116 Scythicas
598 1063 707 1102 ferus
735 1062 805 1101 ille
835 1062 972 1101 domos
1001 1075 1076 1100 nec
1105 1060 1157 1100 ad
1185 1061 1287 1099 ostia
1314 1060 1432 1099 Ponti

143 1237 206 1279 55;
231 1235 354 1271 Strab.
379 1234 476 1276 XIV,
501 1234 534 1275 2,
561 1234 599 1276 7;
625 1233 782 1269 Prelleri
806 1245 863 1278 gr.
888 1233 1005 1278 myth.
1031 1232 1079 1278 1,⁴
1102 1232 1188 1274 605;
1222 1231 1286 1267 ah'i
1310 1231 1449 1267 rectius
1473 1232 1629 1277 propter

145 1295 316 1335 Curetes,
359 1293 407 1329 de
444 1292 576 1338 quibus
614 1292 681 1328 cfr.
717 1292 813 1338 Hyg.
852 1292 931 1327 fab.
969 1291 1054 1334 139;
1092 1291 1155 1327 Sil.
1193 1291 1242 1336 11,
1279 1290 1341 1333 93;
1379 1290 1536 1326 Prelleri
1572 1302 1627 1335 gr.

142 1355 263 1399 myth.
292 1353 341 1395 L‘
365 1353 444 1393 134,
478 1351 540 1387 vel
572 1351 813 1397 Corybantes,
850 1351 926 1387 vid.
959 1351 1026 1387 Ov.
1058 1350 1143 1386 fast.
1175 1350 1238 1396 IV,
1265 1350 1351 1392 210;
1389 1349 1547 1385 Prelleri
1572 1360 1628 1394 gr.

143 1413 262 1458 myth.
287 1413 337 1454 1‚⁴
361 1411 440 1446 655

240 1481 320 1518 706.
368 1482 479 1516 nubes
502 1491 595 1516 nova
620 1492 704 1515 cum
719 1480 967 1516 translatione
991 1492 1067 1516 non
1085 1480 1251 1526 eleganti
1267 1479 1456 1516 Daedalus
1481 1481 1520 1516 et
1545 1480 1627 1516 Ica-

146 1553 209 1576 rus
234 1540 420 1586 dicuntur,
446 1539 509 1586 qui
532 1539 704 1575 volantes
727 1551 797 1585 per
822 1551 911 1574 aera
935 1540 1109 1575 umbram
1134 1539 1336 1585 faciebant,
1361 1541 1403 1574 ut
1427 1540 1546 1575 nubes
1570 1550 1629 1575 so-

145 1600 244 1643 lont3
281 1599 412 1636 domus
437 1600 524 1635 sunt
547 1599 766 1634 habitacula
790 1599 992 1641 hominm
1020 1610 1116 1644 quae
1140 1599 1304 1635 volaturi
1328 1599 1555 1644 relinquunt.

242 1670 323 1707 707.
371 1671 452 1706 visu
476 1671 634 1706 lassatur
655 1670 769 1711 inani,
796 1670 863 1705 cfr.
888 1670 957 1712 ΠΙ,
972 1670 1042 1706 661
1066 1682 1198 1706 vacuos
1221 1682 1286 1706 cur
1309 1671 1447 1706 lassant
1471 1681 1629 1716 aequora

147 1729 274 1766 vabus?

243 1800 325 1837 708.
371 1801 412 1837 in
435 1801 554 1836 limine
576 1801 722 1846 Aoum,-
758 1800 825 1837 cfr.
850 1801 929 1838 Liv.
954 1801 1005 1843 IL
1029 1801 1087 1843 48,
1115 1801 1161 1837 10
1195 1802 1287 1838 iussi
1322 1804 1455 1838 armati
1486 1806 1632 1847 postero

149 1860 207 1896 die
230 1859 280 1896 ad
301 1860 406 1896 limen
428 1860 584 1895 consulis
607 1860 736 1895 adesse.

245 1930 327 1967 710.
373 1931 479 1974 fimas
502 1931 625 1966 humo
649 1943 717 1977 pro
744 1942 787 1967 eo
813 1932 912 1977 quod
938 1933 995 1968 est
1016 1932 1046 1975 f.
1071 1933 1193 1968 humi
1217 1944 1303 1969 raro
1327 1933 1527 1974 invenitur,
1565 1933 1633 1969 sed

147 1989 247 2031 ‚dixit
271 1989 341 2026 ΟΥ.
363 1991 443 2026 met
467 1989 530 2029 IV.
555 1990 624 2025 121
650 1994 682 2025 et
705 1991 818 2026 iacuit
839 1992 1031 2036 resupinus
1054 1992 1159 2028 humo
1185 1992 1252 2036 (sic
1285 1992 1447 2038 optimus
1474 1993 1633 2028 Marcia-

151 2050 235 2094 nus)
267 2049 308 2084 et
330 2048 443 2094 Verg.
468 2049 561 2085 Aen.
586 2049 616 2089 I,
644 2049 712 2084 193
742 2061 895 2094 corpora
924 2051 1058 2093 fundat
1092 2052 1198 2087 humo
1232 2051 1298 2094 (sic
1336 2063 1464 2088 omnes
1502 2051 1635 2098 optimi

153 2107 288 2151 codd),
318 2107 385 2143 ubi
408 2107 504 2143 falso
529 2108 701 2144 Ribbeck
725 2120 852 2154 georg.
878 2108 924 2149 IL
950 2109 1021 2144 460
1046 2109 1174 2145 affert:
1207 2111 1290 2155 ipsa
1312 2112 1439 2155 procul
1461 2111 1634 2146 discordi-

150 2166 217 2202 bus
239 2167 351 2202 armis
374 2166 515 2202 Fundit
538 2168 644 2203 humo
666 2168 805 2210 facilem
829 2169 958 2203 m'ctum
982 2169 1178 2204 iustissima
1203 2171 1315 2214 tellus,
1349 2182 1433 2206 cum
1457 2171 1528 2206 hoc
1552 2170 1635 2206 loco

151 2225 317 2261 ablativo
342 2225 582 2271 exprimatur,
608 2227 724 2262 unde
750 2227 890 2263 oriatur
915 2227 1047 2264 victus.

243 2307 387 2342 gressus
417 2297 487 2332 hoc
511 2297 594 2332 loco
618 2297 719 2333 idem
744 2298 843 2343 quod
867 2298 1037 2344 vestigia.

246 2367 328 2403 711.
375 2368 458 2403 cam·
481 2379 531 2404 sc.
557 2368 682 2414 capilli
707 2369 853 2414 saepius
879 2369 980 2415 apud
1006 2370 1188 2412 Ovidium,
1229 2371 1344 2407 etiam
1381 2372 1482 2418 apud
1507 2371 1636 2406 Silium

152 2423 333 2462 Senecam
356 2427 456 2473 trag.
480 2426 659 2469 Persium,
685 2427 752 2463 sed
776 2428 878 2474 apud
905 2427 1120 2464 Ciceronem
1145 2441 1290 2475 quoque
1317 2430 1363 2465 de
1401 2432 1539 2466 senect.
1578 2431 1634 2465 62.

247 2496 329 2534 712.
376 2496 487 2543 Verg.
513 2498 604 2535 Aen.
630 2498 679 2539 Π,
705 2498 786 2534 560.

249 2567 330 2604 716.
379 2568 428 2603 ad
461 2570 691 2615 praepositio
730 2571 845 2606 etiam
877 2583 959 2607 oum
994 2572 1207 2608 accusativo
1234 2573 1420 2618 Scythicas
1444 2595 1490 2599 —
1516 2574 1635 2609 domos

157 2625 416 2672 coniungenda
440 2629 514 2669 est;
556 2629 619 2664 cfr.
644 2628 732 2665 Hor.
759 2641 789 2665 c.
815 2629 881 2671 111,
907 2631 963 2670 25,
990 2631 1012 2665 2
1045 2642 1135 2676 quae
1158 2643 1302 2667 nemora
1328 2637 1391 2667 aut
1427 2644 1514 2677 quos
1548 2644 1636 2678 aym·

155 2683 198 2719 ὄπ
218 2684 369 2728 specus?
417 2685 530 2732 Verg.
560 2687 648 2724 Aen.
676 2687 717 2724 V.
744 2689 813 2724 512
846 2690 909 2724 illa
932 2694 1035 2725 notos
1059 2694 1164 2735 atque
1187 2695 1268 2726 atra
1299 2692 1422 2727 volans
1446 2693 1483 2726 in
1514 2692 1637 2727 nubila
