1890 3100
561 220 945 260 ARGONAVTlcon
968 219 1115 255 LIBER
1139 219 1190 255 11.
1566 217 1650 261 151

278 351 408 384 mater
435 350 476 384 et
503 343 691 382 adstricto
717 341 924 392 riguerunt
950 337 1075 377 ubere
1102 338 1196 376 nati.

282 410 480 449 accelerat
506 409 637 447 Pavor
663 412 704 446 et
731 405 885 446 Geticis
912 402 1127 442 Discordia
1154 401 1319 440 demens

283 489 307 514 e
335 473 502 514 stabulis
529 477 721 523 atraeque
748 470 863 522 genis
889 467 1134 521 pallentibus
1162 466 1253 505 Irae
1653 468 1709 498 205

283 547 325 579 et
350 539 481 578 Dolus
510 543 562 581 et.
576 536 727 576 Rabies
755 541 797 574 et
823 534 915 573 Leti
942 533 1069 572 maior
1094 533 1227 583 imago

281 605 370 644 visa
395 610 528 642 truces
557 607 695 641 exerta
721 613 874 647 manus,
903 605 949 637 ut
975 599 1104 650 prima
1129 603 1275 636 vocatu

270 729 351 765 203.
398 727 509 772 Verg.
534 726 628 762 Aen.
651 724 732 770 VII,
757 724 844 765 518;
869 722 991 769 Apoll.
1016 722 1079 764 IV,
1105 721 1173 756 136
1197 732 1299 766 seqq.

270 805 351 843 204.
398 804 538 839 Amant
560 802 697 848 poetae
720 799 879 836 Romani
902 799 1091 839 notiones,
1117 808 1213 843 quae
1237 797 1305 832 sub
1331 807 1460 832 sensus
1484 806 1558 831 non
1596 806 1658 830 ca-

174 865 281 906 dunt,
306 865 487 908 tanquam
508 872 687 908 personas
711 859 771 895 vel
809 859 898 894 deos
936 858 1099 902 deasque
1137 857 1295 902 fingere;
1333 866 1429 900 quae
1466 855 1537 890 hoc
1572 853 1657 890 loco

172 923 362 969 leguntur,
384 922 602 968 plerumque
626 920 666 954 in
691 918 871 954 comitatu
895 917 1025 953 Martis
1050 915 1300 957 nominantur,
1320 926 1365 951 ex
1380 915 1490 961 parte
1506 914 1658 948 tantum

174 981 390 1029 praeierant
408 979 552 1016 Graeci.
577 981 696 1025 Λάμος
711 978 819 1023 Φὸβος
829 973 923 1022 Ἔρις
947 975 1282 1012 commemorantur
1298 973 1405 1010 Hom.
1423 972 1466 1008 Π.
1485 973 1548 1014 IV,
1564 971 1656 1017 440:

177 1043 296 1088 Δεῖμος
328 1042 367 1076 et
396 1041 502 1085 Φόβος
530 1038 574 1074 Π.
598 1037 675 1073 XV.
702 1036 790 1083 1193
828 1035 978 1072 Hesiod.
1010 1036 1102 1073 seut.
1134 1034 1242 1070 Herc.
1275 1033 1360 1075 1953
1394 1032 1483 1074 463;
1518 1031 1586 1067 cfr.
1610 1031 1657 1068 11.

176 1099 243 1143 XI,
267 1099 332 1143 37;
355 1098 504 1135 Hesiod.
529 1097 670 1142 Theog.
695 1096 783 1137 934;
809 1096 916 1140 Φὸβος
938 1094 982 1130 n.
1007 1094 1111 1135 xm,
1137 1093 1216 1129 299.

270 1164 382 1211 Apud
404 1165 533 1210 poetas
557 1163 745 1198 Romanos
776 1161 870 1196 haec
894 1159 974 1195 fere
1000 1158 1180 1204 imprimis
1209 1157 1411 1193 notabilia:
1441 1157 1564 1192 Pavor
1590 1155 1657 1192 Ov.

177 1225 267 1261 met.
290 1223 353 1265 IV,
378 1222 464 1264 485;
491 1221 585 1257 Stat.
612 1221 730 1256 Theb.
755 1219 823 1260 111.
849 1219 939 1266 425;
966 1218 1047 1259 VII,
1074 1217 1160 1264 1083
1198 1217 1284 1259 127;
1312 1216 1441 1252 Claud.
1480 1215 1532 1252 de'
1556 1215 1658 1252 laud.

176 1282 259 1318 Stil.
296 1282 347 1324 H,
378 1281 465 1323 373;
503 1281 542 1316 in
581 1279 666 1316 Rus.
706 1279 734 1320 1,
772 1279 859 1320 3433
901 1289 969 1324 pro
1011 1288 1055 1313 eo
1091 1275 1261 1312 Formido
1297 1275 1409 1321 Verg.
1446 1275 1537 1311 Aen.
1574 1274 1659 1320 XII,

175 1341 265 1384 335;
291 1340 356 1376 cfr.
385 1340 512 1376 Claud.
537 1339 576 1374 in
612 1338 697 1375 Ruf.
729 1338 756 1378 I,
794 1338 880 1379 343;
918 1336 979 1372 vel
1004 1336 1126 1371 Metus
1148 1335 1260 1380 Verg.
1298 1346 1426 1380 georg.
1462 1334 1531 1375 m.
1570 1334 1659 1379 5523

177 1400 270 1436 Aen.
294 1399 359 1443 VI,
384 1399 470 1442 276;
497 1398 592 1434 Stat.
619 1398 734 1433 Tbeb.
761 1396 842 1438 VII,
879 1396 942 1438 49;
980 1395 1042 1430 Sil.
1080 1395 1143 1436 IV,
1181 1394 1270 1439 325,·
1307 1393 1435 1430 Claud.
1473 1394 1521 1430 de
1556 1393 1658 1432 laud.

175 1458 259 1495 Stil.
284 1458 333 1501 Π,
359 1459 450 1505 373;
476 1458 515 1494 in
539 1457 649 1493 Prob.
676 1457 715 1492 et
740 1456 867 1501 Olybr.
892 1467 989 1491 cons.
1029 1453 1091 1496 78;
1128 1453 1190 1490 vel
1219 1453 1348 1489 Temn-
1382 1453 1443 1489 Sil.
1470 1452 1532 1497 IV,
1570 1452 1657 1495 3253

176 1518 256 1557 Ov.
270 1519 361 1554 met.
385 1517 448 1558 IV,
474 1517 560 1558 4853
585 1515 647 1551 vel
676 1515 794 1551 Timor
817 1515 930 1560 Verg.
954 1515 1046 1550 Aen.
1072 1513 1137 1555 IX,
1162 1513 1242 1548 716.

272 1582 466 1620 Discordia
490 1581 585 1618 Stat.
611 1581 729 1616 Theb.
754 1581 798 1622 V,
824 1579 995 1622 74;V11,
1022 1578 1085 1625 505
1111 1578 1250 1614 Ennius
1276 1578 1376 1624 apud
1406 1577 1495 1613 Hor.
1526 1578 1597 1613 sat.
1628 1578 1658 1623 1,

173 1643 211 1684 4,
237 1641 306 1687 60,·
327 1641 440 1686 Verg.
465 1640 558 1676 Aen.
583 1639 645 1681 IV,
670 1639 756 1685 280;
781 1638 883 1680 VIII,
910 1638 995 1681 702;
1022 1637 1089 1675 cfr
1115 1649 1262 1674 omnem
1285 1637 1437 1673 modum
1462 1637 1657 1682 egredien-

174 1702 257 1737 tem
282 1700 410 1736 Claud.
436 1699 476 1734 in
500 1698 585 1734 Rus.
610 1699 639 1739 Ι,
665 1698 712 1734 28
736 1710 837 1744 seqq.

273 1766 357 1801 Irae
378 1765 489 1810 Verg.
516 1765 606 1800 Aen.
624 1763 706 1805 XII,
723 1764 810 1806 336;
835 1763 931 1799 Stat.
956 1763 1074 1799 Theb.
1100 1763 1167 1804 III,
1186 1763 1273 1804 424;
1298 1762 1380 1802 VII.
1398 1762 1461 1804 48;
1488 1762 1549 1804 IX,
1567 1761 1655 1804 833;

176 1825 256 1871 (vel
279 1825 382 1861 totus
407 1823 590 1860 exercitus
613 1823 766 1868 irarum)
792 1822 855 1858 Sil.
880 1822 941 1863 IV,
966 1822 1048 1859 437.

271 1890 405 1932 Dolum
430 1901 500 1935 pro
526 1900 569 1926 eo
593 1888 711 1924 habet
736 1888 896 1924 lnsidias
920 1888 1031 1932 Verg.
1064 1889 1154 1922 Aen.
1187 1886 1269 1928 XII,
1302 1886 1387 1924 336:
1414 1885 1511 1922 Stat.
1537 1886 1656 1922 Theb.

174 1949 259 1991 VII,
285 1949 342 1984 50.

273 2014 421 2061 Ram-23
444 2025 513 2059 pro
537 2024 584 2050 ea
607 2013 731 2048 Furor
754 2011 942 2048 invenitur
959 2010 1054 2047 Stat.
1070 2010 1188 2048 Theb.
1208 2010 1275 2051 ΠΙ,
1294 2010 1382 2052 424;
1407 2009 1471 2045 Sil.
1487 2010 1551 2051 IV,
1569 2011 1656 2053 325;

177 2074 337 2110 Furores
361 2072 457 2109 Stat.
482 2072 600 2108 Theb.
625 2072 692 2116 IX,
717 2071 806 2115 833;
834 2071 1019 2107 Insaniam
1044 2070 1160 2106 habet
1187 2069 1254 2105 Ov.
1278 2070 1368 2105 met.
1392 2070 1455 2112 IV,
1480 2069 1563 2106 485.

271 2138 398 2175 Letum
420 2137 532 2182 Verg.
558 2138 648 2174 Aen.
676 2136 736 2179 VI,
761 2136 848 2178 2773
875 2137 990 2181 auget
1013 2135 1076 2172 Sil.
1108 2135 1172 2179 IV,
1207 2134 1290 2180 438,
1319 2134 1385 2170 ubi
1414 2134 1553 2180 legitur
1577 2135 1660 2171 Leti

175 2198 382 2234 ivmmome
402 2197 529 2240 faeiem
556 2195 709 2231 Mortem
733 2195 851 2232 habet
875 2194 969 2231 Stat.
996 2195 1113 2230 Theb.
1138 2193 1222 2240 VII,
1248 2194 1303 2229 53.
1342 2195 1545 2230 Praeterea
1582 2206 1659 2230 non

178 2257 228 2292 ab
252 2267 294 2292 re
318 2256 391 2292 orit
415 2255 549 2300 dicere,
574 2255 690 2298 Nefas
713 2256 895 2299 tanquam
917 2265 1114 2300 personam
1140 2253 1300 2298 eogitari
1323 2253 1419 2289 Stat.
1437 2253 1554 2289 Theb.
1572 2252 1656 2293 VII.

175 2315 242 2358 48;
266 2315 416 2351 Luctum
453 2315 565 2360 Verg.
602 2317 693 2350 Aen.
730 2314 794 2355 VI,
831 2314 920 2358 2743
956 2313 1021 2349 Ov.
1058 2314 1147 2348 met.
1185 2312 1246 2354 IV,
1284 2311 1371 2359 4843
1396 2312 1539 2358 Fqum
1574 2312 1657 2348 Val.

178 2373 241 2416 VI,
269 2373 354 2417 181;
379 2376 490 2419 Verg.
515 2374 608 2409 Aen.
633 2373 696 2415 IX,
723 2372 810 2415 716;
837 2374 1008 2417 Impetum
1045 2371 1141 2407 Stat.
1172 2371 1292 2410 Theb.
1322 2371 1405 2413 VII,
1435 2372 1500 2416 47;
1527 2371 1657 2407 Claud.

177 2433 219 2468 in
242 2433 352 2469 Prob.
379 2434 420 2469 et
444 2432 571 2478 Olybr.
597 2443 695 2468 cons.
721 2431 779 2468 78.
825 2431 920 2468 Huic
944 2431 1016 2478 ipsi
1038 2431 1122 2467 loco
1146 2430 1287 2466 Valerii
1312 2430 1461 2466 omnino
1495 2430 1657 2466 maxime

178 2492 308 2529 similis
335 2493 393 2529 est
418 2492 658 2537 enumeratio,
685 2502 779 2536 quae
796 2491 981 2537 reperitur
997 2490 1099 2536 apud
1115 2489 1210 2526 Stat.
1236 2489 1354 2526 Theb.
1372 2489 1453 2530 VII,
1471 2490 1518 2524 48
1535 2501 1655 2534 seqq.;

179 2550 247 2587 cfr.
273 2551 387 2588 etiam
409 2552 522 2597 Verg.
546 2551 637 2587 Aen.
662 2550 725 2593 VI,
750 2551 820 2585 274
844 2562 945 2596 seqq.

274 2615 355 2652 207.
404 2620 523 2652 exerta
546 2626 690 2651 manus.-
724 2615 851 2651 Claud.
877 2616 973 2661 rapt.
1005 2615 1107 2652 Pros.
1133 2614 1199 2654 III,
1226 2614 1306 2650 377.
1355 2618 1396 2649 ut
1413 2614 1550 2658 pri-mm
1590 2613 1658 2649 cfr.

180 2675 231 2710 ad
256 2676 284 2716 Ι,
309 2674 390 2712 765.
