1890 3100
217 260 304 303 298
765 259 801 295 c.
828 260 1009 300 VALERI
1034 260 1209 297 FLACC1

326 378 507 416 cursibus
535 378 760 427 involvens,
789 385 954 433 totaque
983 381 1164 419 immanis
1193 381 1345 420 harena

325 444 560 496 insequitur.
590 445 690 496 vigil
717 446 787 484 ille
816 452 926 485 metu
955 460 1044 485 cum
1073 453 1236 498 pectore
1267 454 1308 485 et
1336 447 1454 485 armis
1707 462 1763 492 265

326 509 405 547 huc
434 510 611 548 alternus
642 516 682 550 et
710 511 800 559 huc,
832 525 991 564 semper
1019 513 1174 551 cervice
1200 512 1377 560 reducta,

327 588 486 627 semper
516 581 556 614 et
584 577 625 614 in
655 575 788 628 digitis
819 583 859 616 et
889 578 1030 616 summi
1058 578 1226 629 pulvere
1257 579 1396 630 campi,

325 641 607 694 proiectusque
636 642 751 680 redit.
810 644 1009 694 spumanti
1039 643 1167 695 qualis
1203 644 1244 682 in
1274 645 1354 683 alto

325 705 468 745 Pliade
498 712 616 758 capta
643 708 751 755 ratis,
781 708 928 760 trepidi
957 722 1075 760 quam
1106 709 1192 747 sola
1219 710 1399 761 magistri

218 819 315 860 XVI,
343 820 412 854 213
439 820 485 855 de
511 820 599 855 viris
618 821 790 868 armatis3
817 821 920 863 XIII,
948 821 1018 856 760
1044 822 1091 858 de
1116 822 1230 857 turba
1257 823 1472 858 umbrarum
1498 823 1547 858 ad
1571 823 1710 859 inferos

218 878 542 922 descendentium
586 882 788 925 praeterea
825 880 892 916 cfr.
917 882 1126 917 torrentem
1152 882 1198 917 de
1226 882 1494 928 cupiditatibus
1521 882 1712 919 hominum

218 938 361 973 dictum
387 939 486 984 apud
504 939 590 976 Luc.
609 939 672 984 IV,
699 939 785 982 818;
813 941 860 976 de
891 940 967 976 fato
986 941 1153 977 irruente
1173 941 1254 985 VII,
1280 942 1366 985 505;
1399 943 1539 978 nimbus
1564 942 1711 987 saepius

217 998 407 1034 invenitur
423 998 587 1043 positum
614 999 660 1034 de
685 999 926 1035 multitudine
946 1000 1146 1035 densorum
1165 1001 1337 1043 telorum,
1359 1003 1402 1036 ut
1427 1002 1512 1037 Luc.
1531 1002 1594 1048 IV,
1621 1002 1710 1050 7763

218 1056 280 1091 Sil.
307 1057 371 1099 IX,
398 1057 484 1100 311;
533 1058 616 1098 XII,
658 1058 742 1101 l77;
786 1058 880 1094 Stat.
920 1059 1037 1095 Theb.
1075 1060 1142 1101 IX,
1182 1060 1268 1103 526;
1310 1061 1421 1096 Prud.
1459 1062 1586 1107 psych.
1626 1062 1710 1105 129;

221 1116 369 1162 Ooripp.
395 1116 473 1153 Ioh.
500 1117 554 1152 VI
579 1118 639 1163 (V)
668 1118 753 1161 633;
781 1118 872 1153 VIII
898 1119 1009 1164 (VII),
1034 1120 1115 1156 452.

313 1188 393 1224 264.
444 1190 606 1225 cursibus
630 1190 810 1225 involvens
841 1190 864 1228 i.
904 1202 934 1227 e.
962 1191 1203 1233 circumdans,
1244 1192 1551 1235 circumcursans;
1601 1193 1712 1228 modo

218 1249 380 1293 Amycus
399 1260 420 1283 a
437 1247 574 1291 fronte,
600 1249 711 1285 modo
731 1261 752 1284 a
771 1251 881 1295 tergo
899 1250 960 1285 vel
978 1261 1000 1285 a
1017 1250 1137 1286 latere
1159 1252 1317 1287 conatur
1336 1252 1503 1297 aggredi,
1529 1253 1573 1287 ut
1598 1252 1714 1288 etiam

218 1308 366 1343 nimbus
393 1308 516 1343 omnia
541 1308 715 1354 involvit3
743 1309 789 1345 de
815 1321 855 1346 re
883 1309 950 1347 cfr.
977 1310 1088 1356 Verg.
1115 1311 1207 1347 Aen.
1234 1314 1277 1352 V.
1304 1312 1372 1346 441
1399 1323 1475 1357 seq.

314 1379 394 1416 265.
444 1391 521 1415 cum
533 1385 678 1425 pectore
695 1385 727 1416 et
751 1382 863 1417 armis
887 1382 955 1416 huc
981 1383 1141 1417 alternus
1166 1386 1198 1417 et
1222 1383 1308 1428 hum
1345 1383 1439 1419 mire
1466 1385 1505 1419 et
1530 1384 1714 1420 audacter

216 1450 338 1484 neque
365 1440 560 1485 eleganter
586 1440 728 1475 dictum
752 1452 821 1486 pro
848 1452 891 1477 eo
918 1441 1017 1486 quod
1043 1442 1118 1478 est:
1154 1443 1294 1487 ‘pectus
1322 1444 1360 1478 et
1383 1443 1561 1479 bracchia
1587 1445 1714 1479 caestu

217 1500 366 1534 armata
392 1499 547 1535 alternis
584 1500 697 1535 modo
735 1500 807 1535 huc
837 1500 950 1536 modo
982 1501 1071 1536 illuc
1096 1503 1251 1546 versat’3
1291 1502 1518 1538 adiectivum
1556 1504 1715 1539 alternus

217 1558 416 1603 rarissime,
434 1560 477 1594 ut
493 1559 564 1595 hoc
581 1559 664 1595 loco
684 1561 722 1595 et
739 1560 800 1602 VI,
820 1560 899 1602 231,
921 1560 969 1595 ad
989 1561 1267 1596 substantivum
1285 1562 1498 1607 appositum
1515 1562 1713 1608 reperitur,

217 1629 443 1663 quamquam
460 1618 676 1654 vicissitudo
694 1631 769 1655 non
785 1620 953 1665 pertinet
971 1621 1020 1655 ad
1045 1620 1332 1663 substantivum,
1360 1622 1427 1657 sed
1447 1622 1495 1657 ad
1514 1622 1712 1665 actionem,

219 1689 315 1723 quae
341 1689 423 1713 cum
448 1678 514 1713 illa
539 1678 766 1714 substantivi
791 1679 944 1715 notione
971 1679 1094 1725 aliquo
1119 1680 1231 1716 modo
1258 1680 1456 1716 coniuncta
1483 1682 1556 1726 est3
1587 1682 1714 1728 paullo

217 1737 328 1773 aliter
353 1749 393 1773 se
418 1738 562 1774 habent
586 1738 669 1780 loci,
697 1739 824 1783 quales
850 1740 936 1774 sunt
963 1739 1029 1775 Ov.
1057 1739 1144 1774 fast.
1172 1742 1200 1782 Ι,
1241 1740 1310 1775 176
1348 1744 1380 1775 et
1405 1741 1532 1776 damus
1558 1742 1716 1777 alternas

218 1798 480 1843 acmpimusque
515 1808 636 1842 preces
660 1798 721 1834 vel
747 1798 795 1845 Π,
832 1798 903 1833 234
928 1800 1142 1844 vulneraque
1181 1800 1322 1835 alterna
1347 1800 1502 1846 dantque
1523 1801 1714 1846 feruntque

223 1868 344 1892 manu.

312 1928 382 1965 266
431 1939 507 1974 seq.
533 1928 579 1963 In
605 1929 675 1964 hoc
702 1930 805 1964 statu
838 1929 1115 1975 conspiciuntur
1150 1930 1222 1966 duo
1247 1931 1394 1976 pugiles
1431 1931 1471 1966 in
1507 1942 1597 1967 vase
1621 1931 1715 1977 picti

217 1988 318 2033 apud
342 1987 546 2024 Baumeist.
571 1999 733 2024 monum.
773 1991 801 2030 Ι,
829 1988 914 2026 524;
951 1988 990 2023 in
1029 1989 1167 2034 digitos
1193 1990 1330 2025 arrecti
1355 1990 1453 2026 alter
1477 1992 1556 2026 stat
1581 1991 1714 2027 dextro

215 2047 324 2092 pede,
352 2047 450 2083 alter
474 2046 640 2089 sinistro,
681 2047 811 2083 alteris
835 2047 994 2093 pedibus
1019 2048 1213 2094 proiectis3
1247 2049 1313 2085 cfr.
1342 2049 1454 2085 etiam
1481 2050 1592 2095 Verg.
1620 2053 1713 2087 Aen.

218 2107 262 2147 V,
289 2106 376 2150 4263
418 2106 590 2152 Apollon.
617 2107 664 2148 II,
693 2106 740 2142 90
766 2108 804 2143 et
830 2107 877 2143 de
902 2108 1032 2143 cervice
1057 2108 1203 2144 reducta
1228 2108 1322 2144 Stat.
1344 2109 1461 2145 Theb.
1489 2109 1552 2150 VI,
1579 2109 1647 2144 751
1675 2110 1715 2145 et

221 2166 333 2210 Verg.
360 2165 453 2202 Aen.
480 2166 523 2208 V,
549 2166 631 2203 428.

312 2236 392 2271 267.
443 2238 572 2272 summi
590 2238 739 2282 pulvere
764 2239 900 2283 campi:
936 2238 998 2273 vix
1036 2238 1199 2284 vestigia
1236 2239 1315 2275 solo
1352 2239 1543 2285 impressit
1567 2239 1711 2282 Pollux,

215 2295 272 2331 ita
297 2295 469 2331 celeriter
495 2296 534 2331 et
557 2296 694 2332 leviter
719 2297 897 2345 cucurrit;
924 2297 990 2334 cfr.
1018 2298 1130 2343 Verg.
1157 2309 1284 2344 georg.
1311 2298 1382 2340 ΠΙ,
1409 2298 1497 2342 194;
1531 2298 1597 2335 Ov.
1622 2299 1711 2337 met.

217 2355 260 2396 X,
287 2355 374 2399 6533
414 2354 542 2390 Claud.
570 2355 616 2390 de
653 2357 742 2392 tert.
781 2368 880 2393 cons.
906 2356 1001 2392 Hon.
1029 2356 1095 2392 197
1132 2368 1250 2404 seqq.;
1290 2357 1464 2404 Calpurn.
1503 2358 1622 2404 eclog.
1650 2358 1711 2400 VI,

217 2414 280 2461 56;
307 2413 369 2449 Sil.
395 2413 457 2459 IV,
486 2414 570 2459 1473
596 2414 693 2457 XIV,
721 2415 790 2450 507
799 2429 807 2458 ;
834 2415 920 2452 vide
946 2415 1072 2462 etiam,
1099 2427 1196 2462 quae
1220 2417 1268 2453 de
1290 2417 1495 2453 velocitate
1520 2417 1712 2463 Euphemi

217 2474 350 2508 narrat
373 2473 546 2519 Apollon.
573 2476 601 2513 Ι,
629 2473 700 2508 180
724 2485 824 2519 seqq.
852 2476 892 2510 et
917 2486 1012 2520 quae
1038 2486 1102 2511 nos
1129 2476 1288 2512 diximus
1314 2477 1363 2512 ad
1388 2479 1418 2522 1,
1444 2477 1524 2512 364.

313 2544 393 2581 268.
437 2545 700 2590 proiectusque;
740 2545 831 2580 artis
867 2545 1037 2581 luctandi
1073 2547 1265 2592 proprium
1302 2547 1452 2583 videtur
1487 2547 1711 2584 vocabulum

220 2604 433 2649 significans
460 2604 689 2640 contrarium
714 2604 758 2646 ei,
798 2605 897 2649 quod
923 2606 980 2641 est
1005 2607 1135 2641 cervice
1167 2606 1322 2641 reducta.
1388 2606 1713 2652 Comparationem

219 2663 326 2699 navis
352 2675 447 2708 quae
472 2663 638 2709 sequitur
665 2663 847 2709 expressit
870 2664 1040 2700 Valerius
1067 2676 1112 2701 ex
1140 2665 1306 2711 Apollon.
1333 2668 1382 2707 ΙΙ,
1410 2665 1457 2701 70
1480 2677 1582 2711 seqq.

316 2734 397 2770 269.
448 2735 587 2777 Pliade,
614 2735 637 2770 i.
665 2746 696 2771 e.
722 2736 952 2781 tempestate
977 2746 1000 2771 a
1025 2736 1151 2772 Pliade
1177 2737 1356 2782 profecta,
1385 2736 1450 2773 cfr.
1476 2737 1520 2779 H,
1547 2737 1628 2774 357.
