1890 3100
677 230 1064 270 ARGONAVTICON
1086 230 1233 265 LIBER
1258 229 1326 265 111.
1651 231 1737 273 269

359 353 571 400 Aeacides,
599 352 829 403 multusque
856 351 932 388 viri
959 349 1188 388 cunctantia
1220 347 1341 386 corda

358 419 436 457 fert
464 418 587 465 dolor,
619 431 671 455 an
701 429 794 455 sese
823 416 1009 454 comitem
1035 421 1118 452 tam
1145 413 1324 452 tristibus
1354 413 1454 450 actis

360 484 534 535 abneget
562 488 602 521 et
630 482 731 520 celsi
760 494 944 519 maerens
972 486 1085 532 petat
1112 479 1238 517 ardua
1264 479 1422 517 montis.
1740 494 1795 522 695

360 563 440 587 non
467 554 604 586 tamen
632 552 672 585 et
701 547 873 598 gemitus
903 551 944 584 et
971 546 1111 583 inanes
1141 544 1287 583 desinit
1314 544 1392 581 iras

359 613 543 652 fundere.
600 612 700 664 ‘quis
728 612 846 650 terris
874 624 946 662 pro
974 610 1165 662 Iuppiter'
1195 609 1324 661 inquit
1353 608 1540 646 ‘Achaeis

359 679 437 716 iste
467 677 572 717 dies!
602 677 714 715 saevi
742 677 901 728 capient
929 689 1033 728 quae
1062 674 1208 726 gaudia
1238 674 1398 713 Colchi!

358 757 439 781 non
466 743 508 781 hi
534 748 619 780 tum
646 742 777 789 flatus,
807 755 888 779 non
914 741 993 779 ista
1022 740 1210 792 superbia
1237 739 1365 786 dictis,

286 827 299 839 ·
358 809 475 847 litore
504 821 594 846 cum
622 807 762 859 patrio,
791 807 871 845 iam
898 806 992 844 vela
1019 806 1250 857 petentibus
1279 806 1436 852 austris,

357 878 524 912 cunctus
554 872 606 911 ad
631 871 807 910 Alciden
833 885 974 910 versus
1003 871 1134 909 favor:
1163 871 1250 923 ipse
1279 872 1448 918 iuvaret,

357 939 444 990 ipse
473 937 586 976 ducis
617 950 732 976 curas
761 937 1006 989 meritosque
1037 936 1190 975 subiret
1215 936 1402 975 honores.

357 1003 488 1041 iamne
518 1003 670 1050 animis,
700 1003 780 1040 iam
808 1008 930 1053 gente
958 1001 1104 1053 pares?
1133 1015 1262 1053 aeque
1290 1001 1429 1039 inclita
1456 1000 1575 1051 fulgit

359 1067 552 1107 dextera?
580 1068 692 1106 nulla
718 1067 831 1114 fides,
862 1067 963 1105 nulli
991 1080 1113 1118 super
1139 1067 1317 1105 Hercule
1346 1065 1494 1105 fietus?

358 1147 463 1171 nunc
491 1132 795 1179 Porthaonides,
825 1146 931 1170 nunc
960 1131 1042 1170 dux
1069 1132 1166 1170 mihi
1193 1132 1368 1170 Thracia
1395 1131 1556 1183 proles?

362 1211 506 1250 aspera
533 1211 639 1236 nunc
667 1196 834 1249 pavidos
864 1202 1001 1236 contra
1028 1198 1107 1235 ruit
1135 1211 1240 1248 agna
1268 1196 1436 1235 leones?

360 1263 464 1301 hanc
494 1276 570 1314 ego
598 1263 841 1314 magnanimi
870 1262 1040 1314 spolium
1067 1261 1335 1313 Didymaonis
1365 1262 1533 1309 hastam,

347 1392 429 1428 693.
478 1392 651 1428 Aeacides
688 1393 759 1427 hoc
792 1392 875 1427 loco
901 1391 979 1427 sine
1006 1391 1119 1427 dubio
1155 1392 1344 1437 putandus
1371 1393 1428 1427 est
1453 1391 1634 1427 Telamon
1660 1391 1732 1427 coll

241 1463 286 1487 -v.
310 1451 380 1486 637
408 1449 447 1487 et
472 1451 592 1496 Apoll.
618 1451 646 1493 Ι,
675 1451 777 1488 1289.
827 1451 941 1486 Dolor
978 1451 1139 1496 impellit
1174 1450 1305 1491 virum,
1342 1452 1386 1485 ut
1422 1450 1617 1492 deliberet,
1655 1463 1744 1485 num

250 1521 386 1546 navem
410 1510 623 1555 relinquere
651 1510 807 1552 debeat;
857 1510 906 1545 de
930 1522 998 1545 usu
1022 1510 1232 1555 particulae
1257 1522 1307 1546 an
1330 1510 1405 1546 vid.
1423 1510 1568 1546 Kuehn.
1587 1522 1740 1555 gramm-

215 1617 218 1619 ·
244 1571 316 1606 lat.
343 1571 388 1614 H,
412 1571 432 1617 ξ
456 1570 574 1611 2353.

346 1629 427 1665 695.
478 1628 553 1665 cfr.
577 1629 690 1674 Verg.
715 1629 807 1664 Aen.
826 1628 926 1669 VIJJ,
953 1629 1033 1664 ⁶321.

349 1688 430 1724 700.
479 1688 634 1724 Poetica
657 1688 822 1733 imagine
847 1688 952 1723 venti
975 1688 1062 1723 vela
1092 1689 1223 1733 petere
1249 1688 1432 1723 dicuntur.
1470 1700 1554 1724 cum
1578 1689 1743 1724 nondum

252 1747 468 1793 navigatum
517 1748 602 1788 hoc,
635 1748 677 1782 ut
700 1747 831 1790 multa,
856 1759 932 1782 non
955 1747 1142 1783 intellexit
1166 1747 1371 1783 Baehrens.

349 1806 430 1842 702.
478 1807 532 1842 De
550 1807 623 1841 hae
647 1817 688 1841 re
713 1806 753 1840 in
776 1805 884 1841 initio
903 1806 1076 1841 carminis
1092 1806 1263 1842 Valerius
1280 1807 1374 1841 nihil
1391 1807 1500 1849 dixit:
1527 1807 1742 1853 Apollonius

243 1867 390 1911 ‚contra
413 1865 443 1906 I,
469 1865 538 1900 331
565 1877 667 1910 seqq.
693 1866 824 1900 narrat
847 1865 1046 1901 Herculem
1076 1866 1125 1900 ab
1149 1866 1376 1911 Argonautis
1402 1866 1537 1902 ducem
1574 1867 1741 1902 creatum

255 1935 346 1965 esse,
371 1925 439 1960 sed
462 1935 654 1960 recusasse
680 1924 874 1969 quominus
889 1925 958 1960 hoc
980 1937 1113 1960 munus
1138 1925 1344 1970 susciperet
1369 1927 1482 1970 atque
1507 1937 1676 1971 negasse,
1703 1938 1742 1962 se

254 1994 454 2028 quemqam
479 1983 550 2018 nisi
574 1983 748 2019 Iasonem
775 1984 908 2019 ducem
924 1995 1136 2029 passurum3
1185 1984 1312 2030 paullo
1339 1985 1450 2020 aliter
1469 1984 1585 2030 Orph.
1602 1985 1740 2031 Argon.

238 2041 324 2089 >’280
347 2053 450 2088 seqq.
474 2054 556 2078 rem
581 2042 723 2078 factam
748 2043 938 2084 describit,
966 2055 1050 2078 cum
1075 2043 1167 2078 dicit
1192 2043 1237 2089 ip
1252 2055 1345 2078 sum
1383 2043 1618 2085 Iasonem,
1657 2044 1742 2089 quia

254 2091 302 2137 se*
327 2113 403 2137 non
440 2101 531 2137 satis
569 2101 724 2146 dignum
759 2101 954 2147 iudicaret,
993 2102 1100 2138 sociis
1133 2102 1287 2138 suasisse
1321 2104 1363 2137 ut
1387 2103 1587 2139 Herculem
1612 2104 1742 2139 ducem

254 2161 436 2202 crearent,
463 2161 531 2196 sed
555 2161 715 2196 Hercule
741 2162 894 2196 auctore
919 2161 1092 2197 Iasonem
1127 2163 1294 2197 creatum
1325 2173 1415 2198 esse.
1478 2162 1677 2199 Herculem
1701 2175 1742 2199 re

240 2213 344 2256 'vera
381 2219 515 2255 ducem
552 2219 666 2255 fuisse
703 2220 942 2255 tradiderunt
978 2220 1166 2256 Nicander
1202 2221 1321 2256 hezer.
1347 2221 1385 2256 Π
1421 2221 1493 2267 frg.
1518 2221 1582 2269 483
1631 2222 1740 2258 Diod.

253 2277 316 2320 IV,
342 2278 405 2319 41;
455 2278 563 2315 Dion.
589 2279 708 2323 Mytil.
736 2279 837 2324 apud
862 2279 1035 2324 Apollod.
1061 2279 1089 2320 Ι,
1115 2279 1147 2321 9,
1174 2280 1232 2315 29.

349 2337 430 2375 703.
477 2338 592 2382 adque
616 2337 713 2375 vat..
739 2349 848 2382 aeque
871 2338 1039 2380 Vossius;
1077 2340 1173 2374 vulva·
1197 2339 1293 2381 Vat„
1330 2340 1439 2385 fulyit
1463 2340 1617 2386 Madv-ig
1655 2341 1738 2376 adv.

255 2395 337 2433 crit.
362 2395 410 2437 H,
438 2397 517 2434 141.

345 2466 455 2499 pares
479 2467 528 2491 sc.
557 2456 655 2496 estis,
682 2455 756 2490 vid.
784 2456 833 2491 ad
857 2455 907 2501 H,
933 2456 989 2492 51.

348 2513 427 2548 705.
475 2515 739 2550 Porthaonides
775 2515 966 2561 Meleager
1002 2516 1098 2551 filius
1136 2516 1251 2553 Oenei
1289 2517 1354 2552 filii
1387 2518 1626 2561 Porthaonis;
1663 2530 1737 2554 non

254 2573 357 2608 recte
381 2584 477 2609 nunc
502 2573 626 2609 editur
650 2574 941 2615 Parthaoniae-s,
973 2576 1039 2612 cfr.
1055 2575 1211 2621 Bergkii
1234 2577 1352 2612 verba
1377 2578 1477 2623 apud
1493 2577 1595 2612 Brix.
1613 2577 1735 2613 Plaut.

254 2630 352 2667 Men.
378 2631 458 2667 745.

348 2689 428 2725 707.
476 2691 582 2727 Hunc
607 2692 764 2728 heroem
781 2693 1055 2738 Didymaonem
1079 2694 1186 2729 finxit
1202 2694 1381 2730 Valerius.
1416 2707 1555 2732 nomen
1579 2695 1736 2741 sumpsit

1743 1132 1797 1161 705
