1890 3100
264 281 352 324 276
790 281 826 317 c.
852 281 1034 317 VALERI
1060 282 1235 318 FLACCI

370 400 394 445 i,
425 400 567 438 Furias
597 401 880 453 Veneremque
909 415 1043 451 move3
1076 402 1186 440 dabit
1213 403 1334 454 impia
1361 416 1514 454 poenas

369 465 482 517 virgo
512 479 588 504 nec
616 467 772 505 Aeetae
802 467 974 517 gemitus
1002 468 1201 519 patiemur
1227 468 1402 506 inultos.'

371 531 470 570 dixit
499 537 539 570 et
568 546 712 571 arcano
741 533 991 571 redolentem
1019 539 1182 572 nectare
1211 547 1352 581 rorem,

372 610 491 648 quem
518 610 646 649 penes
679 598 761 636 alta
790 598 903 650 quies
933 598 1154 650 liquidique
1183 599 1364 650 potentia
1394 601 1533 646 somni,

371 662 514 700 detulit
541 663 662 715 inque
691 664 786 715 vagi
813 664 954 702 libavit
981 669 1162 715 tempora
1189 664 1284 702 nati.

368 727 438 766 ille
467 742 612 780 graves
642 729 780 767 oculos
811 735 851 767 et
878 729 1018 781 Hylan
1046 730 1277 768 resonantia
1306 743 1465 782 semper

369 807 438 831 ora
465 793 612 841 ferens,
642 799 687 832 ut
714 794 827 832 nulla
857 794 975 833 deum
1006 808 1195 846 superare
1223 800 1415 846 potestas,

366 859 601 910 procumbit.
657 859 821 898 tandem
850 860 968 898 fessis
996 873 1078 911 pax
1106 860 1264 898 reddita
1293 861 1416 908 silvis,

366 925 611 977 fluminaque
641 931 681 963 et
708 925 846 963 vacuis
876 925 1036 964 auditae
1064 925 1264 964 montibus
1295 939 1426 964 aurae.

420 991 530 1029 Ecce
559 1003 662 1042 puer
691 1003 845 1028 summa
874 1003 917 1029 se
945 990 1090 1029 tollere
1118 991 1229 1029 visus
1259 991 1308 1029 ab
1339 991 1446 1030 unda

257 1139 350 1175 Aen.
377 1139 419 1179 X,
448 1138 503 1180 18,
529 1138 594 1173 ubi
620 1138 791 1184 Iuppiter
815 1138 896 1184 ipse
923 1150 945 1173 a
971 1139 1118 1175 Venere
1144 1139 1358 1184 appellatur
1383 1150 1501 1174 rerum
1524 1144 1668 1175 aeterna
1685 1152 1753 1185 po-

257 1202 376 1243 testas,
403 1199 444 1233 at
468 1198 620 1234 Valerio
647 1209 707 1234 res
733 1210 808 1234 non
834 1198 997 1234 feliciter
1022 1198 1143 1240 cessit,
1172 1210 1252 1234 cum
1281 1199 1351 1234 hoc
1383 1199 1467 1235 loco
1503 1212 1579 1235 non
1617 1201 1754 1245 agatur

259 1259 306 1293 de
330 1259 575 1303 potestate
613 1258 722 1298 lovis,
763 1269 876 1303 quam
912 1257 1005 1294 Iuno
1031 1259 1205 1294 avertere
1242 1258 1303 1294 vel
1343 1258 1492 1295 elevare
1524 1271 1600 1295 non
1623 1259 1752 1305 possit,

257 1318 324 1353 sed
350 1318 396 1353 de
424 1318 528 1353 certa
551 1318 831 1359 voluntate,
871 1317 917 1353 de
944 1329 1017 1362 qua
1043 1329 1126 1353 eum
1151 1318 1324 1363 precibus
1355 1318 1555 1354 demovere
1579 1320 1752 1364 nequeat.

256 1378 315 1412 An
341 1377 490 1423 scripsit
513 1380 629 1423 poeta
653 1378 761 1420 firma
785 1376 1031 1413 voluntas?

353 1437 408 1473 13.
457 1437 603 1471 Alludit
628 1436 799 1482 Iuppiter
824 1437 873 1471 ad
900 1447 944 1472 ea
969 1447 1064 1481 quae
1090 1436 1219 1472 futura
1250 1438 1351 1472 sunt:
1394 1437 1550 1473 Veneris
1576 1437 1753 1473 auxilium

254 1496 438 1532 Iunonem
461 1496 682 1541 implorasse
705 1497 822 1542 poeta
846 1497 978 1531 narrat
1001 1496 1064 1537 VI,
1090 1496 1161 1531 449
1180 1508 1282 1541 seqq.
1309 1498 1348 1534 et
1364 1496 1446 1534 vn.
1475 1497 1543 1532 156
1560 1508 1678 1542 seqq.;
1706 1498 1752 1533 de

256 1555 377 1590 Furiis
403 1555 469 1591 cfr.
497 1556 547 1590 ad
571 1555 652 1594 VII,
681 1555 759 1590 170.

351 1615 408 1651 15.
456 1615 666 1650 redolentem
702 1619 843 1650 nectare
891 1626 1025 1660 rorem,·
1086 1615 1281 1651 redolendi
1317 1616 1474 1651 verbum
1511 1617 1630 1652 rarius
1669 1629 1752 1652 cum

256 1674 424 1710 ablativo
451 1686 563 1720 quam
590 1686 673 1710 cum
699 1675 913 1710 accusativo
940 1675 1184 1720 coniungitur,
1211 1675 1278 1711 sed
1304 1675 1370 1711 cfr.
1396 1676 1508 1722 Verg.
1535 1688 1662 1722 georg.
1689 1676 1749 1718 IV,

256 1734 326 1769 169
350 1734 574 1779 redolentque
598 1734 718 1779 thymo
741 1734 952 1779 fragrantia
976 1735 1097 1782 mella3
1149 1734 1214 1770 Ov.
1233 1736 1324 1771 met.
1342 1735 1419 1777 XV,
1441 1735 1488 1771 80
1512 1737 1616 1771 mella
1641 1737 1753 1782 thymi

256 1794 452 1829 redolentia
474 1794 571 1837 flore.

350 1853 488 1889 Rorem
514 1852 612 1888 Iovis
638 1853 758 1888 somni
785 1853 1014 1889 efficientem
1038 1853 1224 1890 invenisse
1249 1854 1399 1890 videtur
1423 1855 1606 1891 Valerius.

351 1912 406 1949 16.
446 1912 601 1957 liquidus
623 1923 767 1948 somnus
791 1914 920 1958 potest
946 1924 1025 1948 esse
1050 1913 1284 1959 tranquillus,
1313 1914 1354 1948 ut
1378 1924 1476 1949 mens
1500 1913 1580 1951 Cat.
1607 1914 1663 1957 63,
1681 1916 1747 1958 46;

253 1974 398 2007 animus
421 1971 543 2006 Plaut.
582 1971 688 2017 Epid.
727 1972 813 2014 643;
863 1972 998 2009 Pseud.
1024 1972 1110 2014 232;
1161 1972 1208 2015 de
1245 1972 1395 2008 homine
1419 1973 1500 2019 ipso
1526 1974 1635 2010 Most.
1662 1975 1747 2017 751;

255 2031 331 2066 Mil.
374 2031 462 2074 665;
513 2030 674 2067 fortasse
712 2033 839 2067 autem
879 2031 965 2067 ideo
1006 2043 1155 2067 somnus
1196 2031 1356 2077 liquidus
1393 2032 1618 2074 nominatur,
1661 2034 1748 2079 quia

253 2090 377 2125 laticis
403 2090 523 2126 instar
549 2102 682 2136 corpus
707 2090 915 2137 perfundit,
943 2090 1010 2127 cfr.
1035 2090 1149 2136 Verg.
1175 2091 1266 2127 Aen.
1294 2091 1321 2133 I,
1348 2091 1417 2126 691
1449 2092 1565 2127 Venus
1589 2094 1749 2129 Ascanio

247 2150 432 2194 placidam
459 2170 501 2177 —-
529 2151 674 2195 quietem
701 2152 846 2196 irriyat;
873 2150 980 2187 Lucr.
997 2151 1061 2191 IV,
1088 2150 1158 2185 905
1182 2162 1327 2186 somnus
1345 2162 1415 2195 per
1430 2152 1585 2187 membra
1601 2154 1750 2197 quietem

253 2210 397 2254 irriyet;
465 2209 550 2245 Fur.
594 2210 694 2255 apud
735 2210 851 2245 Macr.
903 2211 971 2245 sat.
1010 2210 1074 2255 VI,
1118 2211 1138 2245 1
1180 2211 1363 2255 mitemque
1387 2212 1484 2256 riqat
1502 2222 1572 2255 per
1599 2215 1748 2256 pectora

251 2279 430 2315 smnnum;
480 2268 585 2304 Hom.
615 2269 682 2304 Od.
707 2269 751 2310 V,
778 2269 848 2304 492
873 2270 973 2306 ὕπνον
998 2269 1049 2307 ἐπ’
1075 2271 1203 2316 ὄμμασι
1226 2274 1314 2317 χεῦε.

349 2327 404 2364 18.
456 2327 561 2363 Oculi
587 2339 726 2373 oraque
751 2329 921 2364 Herculis
946 2341 1076 2365 somno
1101 2330 1327 2375 gravantur3
1350 2340 1476 2375 yravee
1498 2329 1614 2375 igitur
1638 2341 1747 2375 prae-

253 2387 427 2427 dicative,
455 2387 554 2432 quod
579 2399 677 2422 nunc
704 2387 848 2434 dicitur,
877 2388 1047 2423 additum
1073 2390 1140 2434 est,
1168 2388 1262 2424 falso
1282 2389 1452 2434 Wagner
1474 2389 1602 2424 tristes
1620 2389 1745 2425 oculos

253 2446 417 2492 explicat
441 2457 562 2491 neque
587 2446 709 2481 minus
735 2446 830 2482 falso
857 2459 940 2482 cum
967 2447 1101 2484 ceteris
1125 2448 1394 2494 interpretibus
1433 2448 1543 2484 deum
1569 2447 1746 2484 Somnum

254 2505 457 2551 intellegit,
484 2505 586 2540 cuius
611 2506 682 2541 hoc
709 2506 861 2550 quidem
886 2506 968 2542 loco
994 2507 1136 2542 nullum
1162 2508 1321 2553 apparet
1344 2506 1556 2552 vestigium,
1595 2507 1663 2542 sed
1688 2509 1745 2543 est

252 2565 434 2611 Iuppiter,
461 2564 523 2610 qui
548 2576 717 2600 somnum
742 2565 895 2611 propria
919 2566 1073 2601 notione
1099 2566 1239 2602 dictum
1263 2566 1426 2601 immisit.

347 2624 404 2660 20.
453 2625 514 2667 fas
532 2624 628 2664 Vat.,
648 2635 729 2669 pax
754 2624 810 2660 ed.
837 2624 930 2660 Bon.
958 2626 997 2660 et
1021 2625 1103 2660 Ald.

348 2684 406 2722 21.
456 2684 551 2719 Tum
574 2695 700 2719 rursus
726 2683 811 2719 lene
836 2696 1000 2732 murmur
1026 2695 1145 2728 aquae
1171 2684 1383 2729 susurrique
1408 2684 1597 2721 frondium
1622 2685 1743 2721 audiri

251 2744 442 2788 poterant,
471 2755 553 2778 cum
579 2743 684 2788 regio
708 2743 774 2778 illa
799 2745 953 2779 vacaret
979 2743 1142 2779 clamore
1166 2744 1361 2781 Herculeo.

1774 551 1809 580 15
