1890 3100
179 264 265 307 288
707 259 742 295 C.
770 260 951 295 VALERI
976 261 1098 296 FLAC
1104 261 1150 296 CI

287 395 361 420 ceu
392 395 579 434 superum
609 394 755 432 segnes
786 381 836 420 ad
864 382 1001 434 iniqua
1029 382 1172 420 altaria
1198 388 1334 421 tauros

287 448 501 495 constituit,
532 454 687 485 tantum
715 453 759 485 ut
788 448 932 486 misero
962 447 1071 486 lavet
1101 461 1210 486 arma
1238 449 1415 487 cerebro.

285 513 482 552 consulite
512 518 633 566 atque
662 513 783 565 fugae
812 513 988 552 medium
1017 527 1069 552 ne
1098 514 1265 552 temnite
1294 519 1465 566 tempus.

284 592 457 631 namque
485 579 552 617 isti
580 578 728 617 frustra
757 580 940 631 quisnam
969 593 1207 618 concurrere
1236 585 1412 618 monstro
1670 596 1721 624 155

285 644 443 690 audeat,
475 650 514 683 et
545 658 741 696 quaenam
770 645 893 683 talem
922 644 1071 683 vidisse
1100 645 1324 696 voluptas‘.>⁷

285 709 426 748 ductor
454 710 505 748 ad
533 710 635 748 haec
665 710 895 761 ‘Bebryxne
923 711 1037 749 venis
1069 710 1309 763 diversaque
1337 712 1424 762 regi

285 775 405 814 corda
434 775 608 826 gerens?
637 776 793 823 (melior
821 776 933 827 vulgi
960 789 1051 814 nam
1083 789 1203 826 saepe
1232 776 1436 829 voluntas)

283 841 410 879 hostis
441 854 492 879 an
522 842 698 879 externis
729 841 811 879 fato
842 841 998 879 delatus
1029 841 1078 879 ab
1112 840 1216 879 oris?

286 911 326 944 et
353 912 424 944 tua
453 919 523 944 cur
550 907 731 957 Amycus
761 911 900 944 caestu
928 905 1104 944 nondum
1136 906 1265 944 obruit
1295 906 1389 944 ora?
1672 915 1724 944 160

283 971 442 1009 nomen’
474 972 528 1009 ait
559 971 788 1022 ‘praedulce
818 971 913 1008 mihi
943 971 1170 1023 famamque
1201 977 1362 1010 secutus

178 1120 306 1154 georg.
327 1107 481 1147 11,400;
507 1108 600 1143 Aen.
621 1107 681 1149 VI,
708 1108 794 1149 4013
821 1107 907 1151 6173
934 1107 995 1148 XL
1023 1107 1086 1154 973
1115 1107 1210 1143 Stat.
1229 1108 1309 1144 silv.
1330 1108 1369 1149 V,
1390 1109 1421 1154 1,
1441 1108 1526 1155 1393
1554 1109 1671 1146 Theb.

177 1169 206 1210 Ι,
234 1168 319 1212 597ς
346 1168 433 1209 705;
459 1167 521 1207 IV,
548 1167 634 1213 420;
660 1168 702 1209 V,
732 1167 815 1209 107;
842 1167 943 1208 VIII,
962 1167 1049 1212 5103
1075 1167 1139 1209 IX,
1159 1168 1220 1210 52,
1248 1167 1329 1204 Tib.
1346 1167 1395 1211 II,
1422 1168 1454 1210 5,
1473 1168 1537 1215 643
1562 1169 1671 1214 Prop.

177 1228 246 1272 ΙΙΙ,
272 1230 302 1269 8,
330 1227 393 1271 38;
420 1227 483 1263 Sil.
509 1227 537 1268 Ι,
565 1227 630 1273 9Ο;
669 1226 755 1269 204;
795 1226 841 1268 ΙΙ,
868 1227 932 1273 52;
959 1227 1024 1274 62;
1062 1227 1150 1274 367;
1175 1227 1262 1274 613;
1300 1227 1368 1269 ΙΠ,
1394 1227 1482 1274 479;
1521 1227 1581 1269 VI,
1610 1228 1670 1275 13;

176 1287 283 1328 XIII,
309 1287 397 1331 4593
435 1288 582 1322 Aetnae
607 1286 697 1332 4333
735 1286 854 1322 multo
892 1286 1010 1321 rarius
1045 1286 1146 1332 apud
1176 1286 1422 1332 posteriores,
1459 1287 1502 1321 ut
1533 1287 1670 1324 Auson.

178 1347 295 1394 epigr.
322 1346 458 1382 Domit.
492 1347 531 1390 4;
573 1345 719 1391 Coripp.
747 1346 794 1381 de
820 1346 917 1381 laud.
944 1345 1034 1381 Iust.
1063 1345 1130 1391 ΙΙΙ,
1163 1345 1228 1392 36;
1260 1346 1364 1382 Paul.
1391 1346 1474 1383 Nol.
1500 1346 1556 1388 34,
1585 1347 1672 1394 6133

177 1406 265 1454 6303
291 1406 423 1442 Alcim.
442 1406 508 1441 Av.
527 1405 569 1446 V,
590 1406 652 1452 763
679 1405 754 1441 Sid.
781 1405 810 1446 Ι,
837 1405 903 1453 28;
926 1405 1050 1446 ΧΧῙΙ,
1070 1406 1133 1451 72;
1160 1405 1332 1442 similiter
1343 1410 1557 1451 perpetuum
1575 1405 1671 1442 Stat.

177 1466 257 1501 silv.
284 1466 313 1509 Ι,
341 1466 371 1507 1,
399 1465 461 1508 99;
495 1464 569 1500 sid.
608 1464 726 1506 XXII,
760 1465 829 1499 202
863 1466 901 1500 et
931 1466 1128 1500 immortale
1158 1464 1238 1501 Val.
1271 1464 1351 1507 VII,
1391 1465 1471 1502 362.

271 1527 415 1561 virtutis
440 1529 590 1570 eyentes3
618 1535 720 1570 eqens
737 1524 976 1570 participium
997 1536 1080 1559 cum
1092 1524 1269 1570 genetivo
1290 1525 1529 1560 coniunctum
1542 1536 1610 1571 pro
1630 1536 1673 1560 eo

178 1585 278 1630 quod
304 1586 360 1620 est
380 1595 523 1630 eyenu8;
550 1584 649 1620 inter
674 1584 749 1618 alia
775 1585 920 1619 confert
944 1584 1136 1619 Burmann
1161 1596 1195 1620 v.
1223 1584 1293 1619 303
1317 1586 1472 1621 rationis
1503 1589 1671 1629 egentem

176 1645 245 1679 427
265 1645 352 1679 lucis
377 1648 541 1689 eyentem.

274 1716 354 1752 152.
404 1727 526 1761 seques
552 1715 600 1750 ab
618 1715 888 1761 interpretibus
916 1716 963 1751 ad
989 1715 1157 1751 homines
1176 1715 1224 1750 ab
1243 1716 1383 1760 Amyco
1410 1717 1539 1761 captos
1557 1715 1673 1752 refer-

177 1777 249 1817 tur,
266 1776 365 1821 quod
377 1776 534 1821 propter
549 1774 834 1810 collocationem
844 1775 1044 1810 verborum
1059 1775 1208 1811 omnino
1221 1775 1375 1820 probari
1391 1776 1535 1820 nequit:
1554 1786 1675 1820 seyne-s·

177 1847 252 1871 non
268 1836 396 1881 potest
412 1847 487 1871 non
511 1835 642 1871 referri
668 1835 714 1870 ad
737 1836 876 1877 tauros,
902 1846 1022 1879 neque
1048 1834 1168 1876 video,
1189 1846 1253 1870 cur
1271 1834 1319 1870 ab
1338 1835 1410 1870 hac
1428 1834 1674 1880 explicatione

176 1896 378 1940 tantopere
404 1894 669 1930 abhorruerint
685 1895 756 1930 viri
775 1894 893 1940 docti3
920 1896 962 1929 ut
987 1894 1086 1929 tauri
1112 1905 1246 1939 segnes
1271 1906 1346 1930 uon
1371 1893 1560 1935 resistunt,
1590 1906 1674 1929 cum

178 1955 227 1990 ad
252 1966 358 1990 aram
384 1955 589 1999 ducuntur,
630 1954 682 1989 sic
716 1954 927 1990 hominibus
959 1954 1062 1989 nulla
1098 1953 1298 1990 resistendi
1324 1953 1432 1999 copia
1457 1954 1505 1989 ab
1533 1956 1673 1999 Amyco

179 2015 300 2049 datur.

274 2074 351 2109 153.
404 2074 545 2109 tandem
578 2075 681 2121 Vas-..3
721 2078 860 2108 tantum
897 2073 1100 2108 Burmann.
1150 2072 1233 2108 Non
1271 2073 1502 2108 haerendum
1538 2072 1577 2108 in
1616 2084 1670 2114 eo,

181 2134 280 2179 quod
310 2134 446 2179 hospes
479 2134 550 2169 hoc
575 2133 658 2169 loco
689 2133 782 2168 nihil
809 2132 901 2168 dicit
927 2133 975 2168 de
1001 2132 1189 2168 sacrificiis
1214 2144 1250 2169 v.
1277 2131 1346 2167 109
1371 2143 1471 2177 seqq.
1500 2143 1582 2168 com
1592 2143 1670 2169 me-

177 2193 349 2235 moratis,
389 2205 473 2228 cum
506 2193 586 2238 ipse
617 2193 696 2228 tale
729 2192 819 2237 quid
850 2204 924 2228 non
956 2193 1132 2237 expertus
1165 2191 1214 2226 sit
1238 2203 1360 2236 neque
1384 2191 1538 2227 viderit:
1582 2203 1668 2227 nam

178 2264 273 2298 quae
311 2252 470 2288 fortasse
502 2252 541 2287 in
580 2253 758 2298 spelunca
796 2264 828 2286 v.
870 2252 937 2287 181
964 2263 1064 2297 seqq.
1093 2251 1283 2297 descripta
1319 2251 1395 2286 iam
1432 2253 1546 2287 antea
1585 2262 1671 2286 con-

177 2313 362 2358 spexerat,
390 2312 439 2347 ad
465 2323 549 2347 eum
575 2312 784 2347 docendum
810 2324 885 2348 non
911 2311 1160 2347 sufficiebant.

274 2383 351 2420 159.
402 2384 534 2419 hostem
559 2384 725 2428 Wagner
750 2384 829 2419 coll.
859 2383 932 2419 Cic.
960 2383 1006 2419 de
1033 2383 1094 2419 off.
1121 2382 1139 2417 I
1163 2383 1208 2417 37
1235 2384 1278 2417 ut
1309 2382 1348 2417 in
1379 2382 1503 2428 prisca
1529 2381 1669 2416 Latini—

176 2445 257 2479 tate
282 2455 350 2489 pro
374 2442 573 2488 peregrino
600 2443 742 2478 dictum
773 2444 902 2487 putat;
928 2454 988 2478 res
1025 2453 1069 2478 ex
1109 2442 1243 2477 Plauto
1280 2442 1387 2483 nota,
1427 2441 1494 2476 sed
1531 2442 1667 2476 tamen

177 2503 346 2539 Valerius
385 2514 407 2538 a
444 2503 623 2538 consueta
659 2502 811 2537 notione
849 2502 999 2537 videtur
1024 2514 1098 2537 non
1125 2501 1353 2542 discessisse,
1393 2512 1476 2535 cum
1501 2500 1667 2544 Amycus

181 2574 307 2598 omnes
335 2563 507 2598 externos
532 2573 600 2607 pro
625 2561 796 2596 hostibus
821 2572 861 2596 re
887 2572 978 2596 vera
1003 2561 1173 2596 haberet.

277 2633 325 2657 an
349 2621 588 2667 postponitur
612 2622 655 2655 ut
680 2619 762 2661 VII,
791 2620 846 2654 75.

277 2682 355 2716 160.
406 2685 523 2716 caestu
549 2702 592 2706 —
620 2681 737 2715 obruit
762 2691 844 2715 ora:
894 2679 988 2724 Stat.
1015 2681 1106 2716 Ach.
1133 2680 1160 2722 I,
1189 2679 1267 2715 190.

278 2742 355 2777 161.
405 2752 596 2786 nomenque
620 2741 718 2785 Vat„
742 2741 945 2785 famamque
970 2740 1109 2787 scripsi.
