1890 3100
214 255 300 297 428
415 223 418 226 ’
738 253 776 290 O.
802 253 983 289 mamm
1008 254 1184 290 FLACCI

319 372 490 411 sustinet
519 377 559 411 et
587 371 722 424 gladio
753 372 913 412 Sibotes
942 373 1034 412 ferit
1062 373 1203 412 ultima
1230 374 1312 421 teli,

318 437 578 490 nequiquam;
608 438 686 476 iam
716 438 848 490 cuspis
877 439 993 486 inest,
1023 453 1098 478 nec
1126 439 1321 490 fragmina
1350 446 1461 479 curat
1705 453 1760 484 250

318 502 525 541 Ambenus
556 508 595 541 et
623 508 764 541 trunco
793 502 967 542 medium
1002 504 1108 543 subit
1138 504 1270 544 Ocrea
1298 505 1418 557 ligno.

319 568 561 607 seminecem
589 569 725 607 Taxes
754 569 947 620 Hypanin
974 570 1086 609 vehit
1116 576 1236 622 atque
1265 571 1474 610 remissum

318 647 422 686 pone
450 634 572 672 trahit
599 634 758 686 fugiens
789 639 829 673 et
858 635 1038 674 cursibus
1069 636 1179 674 exuit
1207 636 1381 684 hastam3

320 699 495 752 dumque
523 699 780 739 recollectam
809 714 946 739 rursus
975 701 1094 749 locat,
1124 702 1244 739 inruit
1272 701 1376 740 ultro

318 764 601 818 turbatumque
630 765 766 804 Lacon
796 771 835 804 et
865 765 994 804 adhuc
1024 766 1176 804 invadit
1204 767 1408 806 inermem.
1705 774 1762 804 255

319 830 477 882 impulit
506 830 675 869 adverso
705 845 897 883 praeceps
929 845 1056 884 equus
1088 831 1257 871 Onchea
1285 838 1402 871 conto

307 943 388 980 249.
439 944 583 978 sustulit
615 944 710 989 Vat.,
734 945 884 979 sustinet
908 944 1093 980 Heinsius.
1144 943 1291 980 Sibotes
1317 956 1400 980 cum
1424 945 1463 980 in
1489 957 1533 981 eo
1560 947 1627 992 est,
1664 947 1708 981 ut

213 1002 401 1048 cuspidem
428 1002 497 1038 teli
510 1002 635 1047 gladio
661 1002 782 1045 feriat,
809 1003 891 1048 ipsa
918 1003 1039 1049 cuspis
1063 1003 1103 1038 in
1129 1015 1257 1049 corpus
1283 1004 1459 1050 infigitur,
1486 1005 1553 1041 sed
1577 1006 1707 1041 tamen

211 1073 329 1107 prope
366 1061 555 1107 cuspidem
592 1061 710 1097 telum
747 1061 865 1107 gladii
902 1062 980 1097 ictu
1018 1062 1181 1098 fractum
1219 1064 1286 1104 est,
1325 1063 1424 1108 quod
1460 1076 1536 1100 non
1574 1076 1706 1100 curans

210 1121 401 1157 Ambenus
426 1122 556 1156 trunco
581 1121 684 1166 ligno
711 1121 802 1156 alios
828 1121 1017 1160 interficit,
1066 1122 1273 1158 Ambenum
1306 1123 1344 1158 et
1369 1122 1509 1159 Taxem
1534 1122 1705 1170 Scythas,

213 1179 373 1216 Ocreum
399 1181 438 1215 et
462 1180 650 1225 Hypanim
678 1179 832 1216 Colchos
859 1192 939 1217 esse
965 1182 1137 1227 apparet.

307 1239 388 1277 251.
436 1240 532 1275 subit
550 1238 679 1274 Ocrea:
708 1240 945 1287 aggreditur,
972 1239 1038 1276 cfr.
1066 1240 1166 1276 infra
1191 1241 1280 1283 322;
1307 1241 1417 1287 Verg.
1435 1242 1525 1278 Aen.
1547 1242 1591 1285 X,
1617 1242 1703 1285 877;

213 1298 275 1335 Sil.
302 1299 366 1340 IX,
393 1298 479 1341 382;
507 1299 599 1336 Stat.
624 1299 742 1335 Theb.
769 1300 818 1341 II,
845 1300 931 1342 474;
958 1300 1005 1345 X,
1032 1300 1112 1335 274.

307 1358 388 1394 252.
440 1359 617 1404 Hypanin
642 1359 862 1394 transfixum
886 1371 1089 1405 parumper
1107 1360 1216 1395 hasta
1240 1361 1370 1405 portat
1390 1361 1428 1396 et
1456 1361 1574 1396 trahit
1596 1361 1709 1397 Taxes

213 1418 330 1454 donec
355 1418 570 1454 vehementi
596 1429 702 1453 cursu
728 1418 848 1454 telum
874 1430 918 1454 ex
938 1430 1093 1464 corpore
1113 1419 1338 1463 extrahitur3
1364 1419 1430 1455 cfr.
1446 1418 1506 1455 Sil.
1532 1420 1612 1462 XV,
1638 1420 1708 1456 686

213 1481 288 1513 tum
312 1488 447 1523 quoque
471 1478 685 1521 transfixum
710 1479 776 1514 telo
796 1489 866 1523 per
880 1478 1034 1514 membra
1054 1489 1124 1523 per
1148 1489 1250 1514 arma
1276 1500 1319 1504 —
1346 1480 1555 1524 asportabat
1578 1490 1704 1523 evan-93

211 1549 345 1584 parma
369 1537 449 1572 sola
474 1537 525 1572 sic
549 1538 723 1583 portatur
749 1538 850 1583 apud
875 1538 969 1574 Stat.
984 1538 1100 1573 Theb.
1128 1537 1231 1579 VIII,
1257 1538 1327 1573 497
1354 1540 1551 1584 (parmam)
1570 1550 1707 1574 summa

213 1597 356 1643 fuqiens
379 1597 419 1632 in
442 1597 587 1641 cuspide
605 1601 744 1641 portat.

307 1657 493 1692 remissum
517 1656 643 1702 paullo
679 1657 870 1692 obscurius
896 1657 1047 1697 dictum,
1087 1657 1154 1692 sed
1192 1657 1341 1692 videtur
1378 1659 1481 1694 recte
1513 1657 1707 1693 Burmann

216 1715 437 1761 explicasse:
454 1715 575 1761 primo
592 1717 751 1761 portat
768 1716 952 1763 Hypanin,
980 1716 1123 1752 ‘deinde
1140 1717 1293 1752 vulnere
1311 1717 1550 1752 debilitatum
1570 1718 1609 1753 et
1625 1729 1710 1753 con-

216 1776 358 1812 fectum
383 1775 422 1810 in
447 1777 662 1821 terramque
675 1776 842 1821 pondere
869 1787 934 1811 suo
961 1776 1152 1821 delapsum
1181 1777 1268 1822 post
1292 1787 1332 1812 se
1362 1776 1514 1819 trahit';
1542 1776 1711 1812 membra

216 1836 339 1871 morte
364 1835 617 1877 remittuntur,
645 1835 902 1880 languescunt,
930 1835 982 1871 sic
1009 1835 1161 1871 Ovidius
1188 1837 1264 1872 her.
1292 1835 1429 1877 XVIII,
1469 1835 1536 1871 197
1572 1835 1709 1881 digitos

213 1906 340 1939 sopore
362 1896 528 1931 remissos
552 1895 662 1930 vocat
688 1896 727 1930 et
751 1896 840 1930 met.
867 1894 929 1936 IV,
956 1894 1026 1930 229
1053 1895 1190 1940 digitos
1216 1899 1309 1930 metu
1332 1896 1505 1931 remi8808.

309 1953 390 1990 253.
439 1954 602 1990 cursibus
627 1955 725 1990 exuit
747 1955 890 1989 hastam
915 1954 936 1989 i.
966 1965 995 1990 e.
1024 1955 1188 1990 extraxit
1226 1966 1270 1990 ex
1311 1966 1474 2000 corpore,
1518 1953 1586 1991 cfr.
1612 1953 1707 1990 Stat.

215 2013 332 2049 Theb.
358 2013 424 2055 IX,
452 2013 497 2048 76
523 2017 669 2048 eoeuerat
693 2015 826 2059 vayiua
852 2014 1017 2050 turbidus
1041 2025 1172 2056 ensem;
1211 2013 1280 2049 287
1305 2025 1500 2060 mayrwque
1524 2025 1542 2049 e
1565 2015 1709 2049 vulnere

213 2074 320 2108 telum
345 2073 464 2115 (ἐσβαίη
490 2073 537 2118 X,
564 2073 633 2108 271
659 2074 757 2109 exuit
782 2084 895 2108 ensem
918 2073 1138 2116 fulmineum.

312 2132 382 2167 256
420 2144 521 2178 seqq.
564 2133 682 2168 Locus
721 2133 1018 2170 obscurissimus:
1056 2133 1206 2179 longum
1248 2134 1305 2168 est
1331 2145 1458 2169 omnes
1501 2133 1710 2179 explicandi

217 2193 371 2228 conatus
396 2191 530 2229 afferre
568 2194 681 2237 atque
720 2193 766 2228 de
810 2193 862 2228 eis
904 2192 1080 2228 iudicium
1122 2192 1262 2235 facere;
1301 2192 1393 2228 mihi
1429 2193 1580 2238 quidem
1617 2193 1709 2229 haec

216 2251 393 2288 videntur
410 2252 631 2288 statuenda:
658 2252 806 2288 adverso
834 2275 876 2281 —
904 2256 1006 2288 conto
1022 2252 1168 2287 dativus
1181 2253 1237 2288 est
1249 2252 1522 2297 intellegendus
1539 2252 1708 2298 pendens

216 2311 264 2346 ab
289 2311 431 2356 impulit
455 2311 582 2352 verbo,
623 2323 706 2347 oum
732 2313 859 2347 autem
885 2313 1015 2347 contus
1040 2311 1232 2358 proprium
1257 2311 1307 2346 sit
1330 2311 1449 2347 telum
1474 2310 1706 2356 Scytharum,

218 2370 420 2412 Oncheum,
448 2370 510 2416 qui
534 2370 672 2406 invitus
698 2371 737 2406 in
761 2371 840 2407 tale
865 2371 983 2407 telum
1009 2371 1057 2406 ab
1078 2383 1183 2416 equo,
1211 2382 1322 2418 quem
1346 2370 1510 2406 retinere
1534 2381 1607 2406 non
1631 2369 1708 2404 iam

216 2431 352 2476 potest,
379 2429 595 2475 impellitur,
614 2430 790 2466 Colchum
808 2442 888 2466 esse
914 2442 1067 2466 necesse
1094 2434 1169 2477 est3
1194 2432 1276 2465 tum
1301 2431 1390 2466 ante
1414 2429 1494 2474 258,
1521 2441 1595 2465 non
1619 2430 1709 2475 post

217 2490 315 2525 hunc
339 2500 498 2536 versum,
522 2490 566 2524 ut
599 2489 805 2534 suspicatus
832 2491 889 2525 est
926 2489 1046 2531 Thilo,
1085 2489 1260 2525 videntur
1297 2489 1475 2525 nonnulla
1513 2488 1703 2529 excidisse,

218 2554 313 2584 ‘cum
324 2548 569 2594 praesertim'‚
582 2548 704 2593 inquit
721 2548 839 2590 Thilo,
856 2549 1110 2594 ‘comparatio,
1125 2560 1220 2594 quae
1237 2549 1412 2593 sequitur,
1428 2559 1512 2583 cum
1530 2547 1593 2593 eis,
1613 2558 1708 2593 quae

215 2608 459 2654 praecedunt,
490 2607 593 2643 nullo
617 2608 679 2643 vel
714 2607 931 2644 tenuissimo
968 2608 1029 2644 filo
1067 2609 1295 2652 cohaereat⁷3
1339 2607 1487 2643 accedit
1512 2607 1627 2652 quod,
1665 2607 1709 2642 ut

217 2679 315 2702 nunc
340 2678 380 2703 se
405 2678 464 2703 res
489 2667 617 2708 habet,
644 2678 771 2703 versus
797 2666 867 2702 258
893 2668 930 2702 et
953 2667 1025 2702 259
1051 2667 1152 2703 nullo
1190 2667 1299 2702 modo
1338 2666 1515 2712 explicari
1551 2667 1708 2712 possunt

217 2737 338 2772 neque
380 2727 581 2772 quidquam
622 2726 842 2762 coniecturis
884 2727 1022 2761 adsedit
1062 2727 1123 2762 vel
1164 2727 1298 2770 accepit
1345 2726 1579 2771 proficimus;
1636 2737 1706 2771 pro
