1890 3100
690 242 1077 280 ARGONAVTICON
1100 242 1247 278 LIBER
1273 241 1338 278 VI.
1640 240 1725 285 451

346 376 451 414 inter
479 388 604 427 equos
634 388 795 413 saevam
823 375 968 413 misero
995 374 1211 412 luctamine
1238 377 1402 411 versant
1724 386 1779 416 510

347 441 576 491 congeriem
605 446 646 478 et
672 439 804 491 longis
833 452 993 492 campos
1022 437 1261 490 singultibus
1289 437 1466 489 implent.

345 506 518 543 victores
546 505 717 556 patrium
745 510 883 543 contra
910 516 1067 555 paeana
1095 502 1243 542 Geloni

349 570 647 621 congeminant3
677 569 820 608 eadem
847 568 1018 607 redeunt
1044 581 1138 605 mox
1165 566 1313 618 gaudia
1338 567 1467 614 victis,

349 649 429 687 qua
456 634 555 673 deus
585 640 627 673 et
652 634 795 673 melior
820 633 919 672 belli
945 633 1123 684 respexit
1150 633 1293 683 imago.

403 699 502 748 Quis
529 699 633 738 tales
662 699 793 738 obitus
822 697 988 745 dederit,
1018 698 1106 750 quis
1134 697 1231 735 talia
1257 697 1374 744 facta,
1644 713 1646 715 ·
1725 711 1781 740 515

350 764 414 803 dic
440 777 529 815 age,
557 770 681 816 tuque
709 763 784 802 feri
811 763 1080 810 reminiscere,
1109 763 1237 810 Musa,
1267 762 1422 801 furoris.

346 829 549 880 Absyrtus
578 829 697 880 clipei
724 827 844 866 radiis
874 841 1070 880 curruque
1100 840 1287 866 coruscus

349 893 455 932 Solis
483 894 547 931 avi
578 894 705 946 (cuius
733 893 958 931 vibrantem
986 893 1204 931 comminus
1231 893 1388 931 hastam

336 1048 416 1083 510.
465 1047 534 1089 Qui
570 1047 609 1082 in
645 1058 757 1083 saeva
796 1046 970 1092 congerie
1008 1058 1201 1092 corporum
1236 1046 1401 1082 nondum
1433 1046 1597 1081 animam
1622 1044 1726 1081 effia-

237 1108 336 1153 runt,
361 1106 563 1142 semineces
588 1106 729 1141 frustra
754 1106 946 1141 luctantur
970 1117 1010 1141 se
1036 1117 1081 1141 ex
1106 1105 1172 1140 illa
1197 1105 1370 1150 congerie
1397 1105 1583 1151 expedire.

337 1178 417 1215 512.
466 1179 612 1213 victores
650 1198 694 1203 —-
731 1181 857 1212 contra
887 1198 931 1203 -—
960 1176 1101 1219 Geloni3
1136 1178 1207 1212 hoe
1238 1177 1322 1213 loco
1351 1188 1432 1212 rem
1456 1177 1547 1212 satis
1571 1176 1726 1212 obscure

237 1236 408 1272 Valerius
434 1236 617 1282 expressit
624 1250 632 1278 ;
658 1247 746 1271 nam
770 1236 891 1281 primo
928 1237 1081 1281 aspectu
1107 1235 1239 1271 Geloni
1263 1236 1391 1271 hostes
1418 1235 1611 1281 Getarum,
1635 1234 1726 1271 socii

240 1294 459 1331 Colchorum
474 1295 650 1343 videntur
675 1307 755 1331 esse
779 1306 900 1340 neque
924 1307 1036 1341 supra
1059 1295 1099 1330 in
1123 1295 1290 1331 exercitu
1306 1295 1444 1331 Persae
1463 1295 1725 1337 recensentur;

238 1355 279 1390 at
309 1356 438 1390 tamen
474 1366 553 1390 rem
584 1356 715 1390 contra
751 1366 791 1390 se
827 1355 978 1396 habere,
1017 1356 1176 1400 apparet
1213 1366 1258 1390 ex
1290 1354 1343 1390 eis
1378 1365 1474 1401 quae
1504 1355 1724 1400 sequuntur,

236 1413 369 1458 quibus
404 1413 608 1458 Absyrtum
643 1414 874 1459 superiorem
911 1413 1071 1450 evasisse
1101 1415 1277 1448 narratur
1318 1414 1554 1459 pugnantem
1587 1423 1723 1458 nempe

237 1473 368 1508 contra
385 1483 457 1514 eos,
484 1473 546 1517 qui
561 1473 672 1508 modo
688 1473 850 1509 victores
868 1475 985 1513 erant,
1013 1472 1185 1511 Gelonos.
1227 1472 1349 1515 Quare
1370 1472 1582 1508 coniunctio
1598 1475 1723 1507 contra

222 1542 311 1582 ‘non
335 1531 521 1577 significat
546 1531 594 1566 ‘in
620 1532 860 1567 contraria
891 1533 1023 1577 parte
1047 1532 1379 1578 pugnantium',
1406 1532 1483 1573 sed,
1508 1532 1552 1566 ut
1574 1524 1614 1566 in
1638 1531 1724 1566 hac

235 1591 371 1635 parte
408 1591 555 1636 campi
590 1591 680 1626 socii
705 1591 841 1627 Persae
879 1591 1088 1632 vincuntur,
1131 1592 1262 1627 eontra
1304 1591 1368 1626 alii
1404 1591 1444 1626 in
1485 1591 1559 1626 alia
1600 1590 1722 1636 campi

234 1650 346 1694 parte
370 1649 534 1685 vincunt.

324 1719 470 1752 paeana
493 1710 753 1754 cmuqeminant:
785 1709 923 1745 iterum
946 1709 1154 1755 iterumque
1180 1711 1329 1755 canunt,
1358 1709 1411 1745 sic
1435 1709 1483 1751 H,
1511 1709 1582 1744 200
1605 1719 1721 1744 vocem

236 1776 278 1807 e.‚
303 1767 369 1802 ubi
392 1767 479 1803 vide
506 1779 600 1812 quae
626 1768 728 1803 dicta
753 1770 847 1804 sunt.

333 1837 412 1872 514.
437 1838 583 1879 Versus,
610 1839 671 1883 qui
697 1839 845 1875 videtur
870 1851 1061 1885 expressus
1088 1851 1167 1875 esse
1194 1851 1238 1876 ex
1265 1840 1330 1875 Ov.
1356 1841 1449 1875 met.
1477 1840 1507 1881 I,
1532 1840 1590 1881 21,
1615 1838 1726 1874 valde

236 1897 446 1942 suspectus3
483 1908 558 1932 non
595 1899 833 1943 exspectatur
868 1910 954 1943 qua
977 1899 1064 1934 deus
1086 1920 1133 1925 —
1161 1900 1325 1943 respexit,
1353 1910 1370 1933 s
1389 1899 1436 1934 ed
1459 1899 1727 1943 simulatque

236 1965 358 2000 neque
382 1955 492 1990 facile
517 1956 531 1991 i
538 1967 659 2001 maye
685 1957 764 1992 belli
788 1957 966 2002 explicari
987 1957 1138 2002 poterit,
1164 1958 1229 1992 ubi
1253 1958 1300 1993 de
1325 1969 1436 1993 vero
1460 1957 1561 1993 bello
1590 1958 1727 2003 agatur

236 2024 358 2058 neque
393 2014 518 2059 imago
555 2015 696 2060 species
732 2015 793 2050 vel
830 2016 1028 2061 adspectus
1057 2016 1228 2062 intellegi
1250 2018 1394 2062 potest,
1434 2018 1478 2051 ut
1502 2028 1614 2062 supra
1636 2017 1724 2059 411;

237 2072 364 2118 paullo
389 2073 500 2109 aliter
524 2085 563 2109 se
588 2074 704 2110 habet
717 2075 797 2109 belli
821 2075 972 2110 civilis
994 2075 1112 2120 imayo
1130 2075 1230 2121 apud
1250 2074 1382 2112 Claud.
1400 2075 1439 2110 in
1462 2075 1549 2111 Rus.
1574 2076 1626 2120 H,
1643 2075 1724 2112 236.

331 2143 410 2179 515.
460 2146 540 2189 quis
575 2146 663 2180 tales
699 2145 815 2180 obims·
851 2145 993 2186 dederit,
1030 2146 1053 2180 i.
1081 2157 1113 2182 e.
1152 2146 1328 2187 effecerit,
1355 2146 1625 2192 significatione
1648 2159 1724 2184 non

240 2202 439 2238 admodum
476 2214 562 2238 rara
600 2204 715 2239 etiam
760 2204 888 2239 dativo
912 2216 986 2240 non
1021 2205 1160 2247 addito,
1186 2207 1229 2240 ut
1252 2206 1362 2251 Verg.
1388 2217 1515 2252 georg.
1540 2206 1611 2242 IIL
1637 2207 1723 2249 24&

235 2261 331 2298 Aen.
355 2261 406 2303 11,
430 2262 517 2304 482;
555 2263 658 2302 VIII,
685 2263 775 2307 5703
812 2263 899 2304 XII.
925 2263 1018 2310 3833
1052 2264 1141 2306 575;
1178 2264 1264 2300 Luc.
1290 2264 1319 2307 1,
1344 2265 1430 2308 531;
1461 2265 1523 2301 Sil.
1548 2265 1610 2307 IV,
1636 2266 1724 2311 216;

238 2319 345 2356 Lucr.
370 2321 400 2362 I,
438 2321 528 2363 288;
556 2322 598 2362 V,
632 2322 718 2363 347;
744 2322 894 2358 Anthol.
920 2323 987 2358 lat.
1013 2323 1090 2365 176,
1115 2323 1162 2359 99
1185 2323 1245 2366 Β.;
1271 2324 1368 2359 Man.
1394 2324 1436 2366 V,
1462 2324 1550 2372 4943
1576 2325 1723 2372 Coripp.

239 2378 323 2416 Iob.
346 2379 395 2421 II,
421 2380 502 2416 332.
554 2380 627 2415 Cfr.
652 2382 853 2426 praeterea
882 2382 999 2427 symb.
1025 2393 1110 2418 mea
1133 2382 1256 2420 Plaut.
1280 2395 1318 2428 p.
1342 2383 1412 2418 215
1438 2385 1477 2419 et
1501 2383 1723 2420 Thielmann

242 2437 320 2473 ‘das
344 2438 509 2474 Verbum
534 2439 635 2475 dare*
661 2452 695 2485 p.
722 2440 768 2474 62
793 2451 894 2486 seqq.

336 2509 414 2545 516.
464 2500 539 2545 vim·
561 2510 657 2550 Vat..
681 2511 753 2553 feri
778 2511 857 2547 cod„
885 2511 985 2547 carr.

336 2579 416 2616 518.
465 2581 657 2616 zn'brantem
696 2602 743 2608 -—
780 2583 934 2617 hanam:
974 2582 1041 2621 cfr.
1066 2583 1114 2621 Π.
1152 2583 1196 2618 67
1229 2595 1298 2629 quo
1328 2584 1442 2619 sidere
1465 2585 1575 2620 vibret
1599 2585 1720 2621 Ensis.

336 2639 476 2674 hastam
493 2651 632 2675 cernere
650 2651 712 2675 nec
728 2641 865 2686 galeam
886 2646 1086 2686 —potuere
1110 2642 1134 2679 i.
1152 2654 1182 2678 e.
1209 2644 1254 2678 et
1278 2643 1422 2689 galeam
1441 2655 1530 2679 non
1553 2646 1720 2689 potuere,

242 2695 311 2732 cfr.
336 2697 386 2732 ad
410 2697 477 2739 m,
504 2699 535 2734 5.

1440 2760 1486 2795 29
