1890 3100
244 232 330 275 476
767 230 802 266 O.
830 230 1010 265 VALERI
1036 229 1210 265 FLACCI

351 363 441 388 arce
470 351 636 401 pharon,
664 363 832 402 prensus
863 350 992 389 subito
1021 363 1218 403 nusquam
1248 349 1373 398 Ostia,
1403 363 1600 402 nusquam

351 416 573 454 Ausoniam
601 415 723 462 videt,
756 421 796 454 at
825 429 968 454 saevas
998 415 1191 454 accedere
1222 416 1376 467 Syrtes.

352 487 435 518 tum
464 486 610 529 tamen,
641 480 804 519 infando
834 494 938 533 quae
968 481 1036 519 det
1063 494 1260 532 responsa
1286 486 1472 532 tyranno,

354 546 506 598 colligit
535 553 575 585 et
603 546 765 585 tandem
795 547 934 585 obtutu
964 547 1167 598 consurgit
1197 546 1246 585 ab
1277 546 1369 584 alto.

356 608 455 650 ‘non'
489 613 543 650 ait
573 612 657 650 ‘hos
686 612 849 660 reditus,
880 626 959 650 non
988 612 1102 659 hanc,
1132 612 1274 660 Aeeta,
1306 611 1453 650 dedisti

352 692 463 731 spem
492 680 652 731 Minyis,
683 693 772 718 cum
800 680 926 731 prima
954 680 1031 717 tuis
1060 693 1130 730 pro
1160 678 1368 717 moenibus
1399 691 1508 716 arma

349 744 562 783 induimus.
620 759 698 797 quo
726 758 845 783 versa
872 744 999 783 fides?
1029 757 1127 796 quos
1157 750 1292 782 vestra
1319 743 1503 782 volutant

351 810 460 849 iussa
489 809 629 849 dolos?
658 810 779 848 alium
808 811 872 848 hic
901 810 1053 857 Pelian,
1085 810 1163 847 alia
1192 822 1368 861 aequora
1398 822 1529 847 cerno.

353 876 447 928 quin
476 876 583 926 agite
612 876 688 913 hoc
718 888 855 914 omnes
886 874 1066 927 odiisque
1094 880 1263 926 urguete
1293 874 1454 925 tyranni

351 941 607 992 imperiisque
639 945 774 991 caput,
804 953 1009 992 nunquam
1036 939 1132 977 mihi
1162 938 1328 978 dextera
1356 952 1432 977 nec
1462 952 1553 991 spes

353 1005 542 1052 defuerit,
573 1018 658 1043 mos
687 1005 797 1043 iussa
826 1004 907 1056 pati
937 1017 1011 1043 nec
1041 1003 1186 1042 cedere
1216 1003 1335 1042 duris.

352 1085 474 1109 unum
505 1084 585 1119 oro,
617 1084 689 1109 seu
717 1083 781 1109 me
810 1070 881 1107 illa
910 1071 991 1108 suis
1022 1082 1140 1121 seges
1172 1069 1313 1107 obruet
1340 1069 1478 1117 hastis,

352 1136 510 1174 hauriet
538 1135 708 1174 adverso
738 1149 810 1174 seu
840 1136 1036 1174 crastinus
1065 1135 1168 1186 ignis
1197 1135 1319 1182 hiatu,

339 1279 396 1315 85.
446 1290 571 1315 serena
597 1289 676 1314 aree
700 1278 723 1314 i.
751 1290 780 1314 e.
809 1278 912 1314 caelo
938 1289 1086 1320 seren03
1120 1288 1344 1322 quamquam
1369 1278 1472 1312 recte
1499 1276 1591 1312 dicit
1614 1277 1735 1313 Baeh-

245 1350 339 1386 rens,
370 1350 494 1374 arcem
526 1338 630 1373 nulla
673 1338 802 1374 addita
838 1337 990 1373 notione
1017 1337 1117 1383 apud
1152 1336 1242 1372 alios
1281 1348 1356 1372 non
1393 1335 1479 1381 poni
1513 1347 1583 1382 pro
1619 1336 1733 1382 caelo,

244 1399 374 1434 tamen
400 1398 498 1444 apud
524 1398 714 1434 Valerium
739 1397 853 1433 etiam
880 1397 970 1432 alibi
994 1396 1088 1432 talia
1114 1397 1151 1432 et
1177 1395 1416 1441 singulariter
1448 1396 1487 1431 et
1512 1395 1669 1432 obscure
1695 1396 1734 1432 et

245 1458 416 1494 breviter
442 1457 543 1493 dicta
567 1457 784 1504 reperimus,
810 1459 852 1492 ut
877 1457 971 1491 nihil
997 1456 1043 1491 sit
1067 1456 1297 1492 mutandum.

333 1528 509 1562 praeceps
533 1518 628 1559 Vat„
650 1528 807 1562 prensus
831 1517 1024 1552 Baehrens
1063 1516 1145 1551 coll.
1171 1516 1259 1552 Hor.
1297 1527 1326 1551 c.
1353 1514 1399 1557 ΙΙ,
1428 1515 1482 1556 16,
1509 1515 1548 1557 2;
1587 1514 1732 1560 saepius

246 1578 438 1622 depr-emus
463 1577 608 1618 dicitur,
638 1577 685 1612 de
711 1588 782 1621 quo
802 1576 1038 1621 disputantes
1055 1575 1246 1611 Baehrens
1273 1574 1385 1611 affert
1401 1574 1525 1612 Bentl.
1545 1574 1584 1609 et
1606 1573 1731 1609 Peerl-

245 1637 369 1682 kamp.
397 1637 445 1672 ad
470 1636 556 1672 Hor.
585 1648 614 1672 c.
640 1636 669 1678 Ι,
692 1636 747 1681 14,
778 1635 834 1671 10.

334 1697 488 1741 pharus,
517 1696 563 1731 de
589 1707 662 1740 qua
688 1695 831 1740 cogitat
855 1694 1035 1736 Valerius,
1071 1695 1153 1730 erat
1177 1705 1292 1739 prope
1329 1694 1480 1739 portum
1507 1692 1733 1738 Ostiensem,-

246 1755 312 1792 cfr.
339 1756 418 1791 Iuv.
445 1756 513 1791 sat.
541 1754 624 1796 XII,
652 1755 713 1797 763
741 1754 842 1792 Suet.
871 1753 999 1790 Claud.
1025 1753 1086 1796 203
1116 1753 1214 1790 Cass.
1229 1753 1337 1789 Dion.
1365 1752 1439 1799 LX,
1466 1752 1521 1787 11.

341 1815 396 1850 86.
448 1818 480 1850 et
504 1815 600 1860 Vae„
628 1818 666 1849 at
691 1813 882 1850 Maserius.

341 1874 396 1910 88.
449 1874 582 1919 eolliyit
605 1874 628 1910 i.
655 1885 686 1911 e.
713 1873 909 1917 deliberat,
935 1874 978 1907 ut
1002 1873 1090 1910 Hor.
1117 1874 1187 1909 sat.
1213 1872 1262 1918 Π,
1290 1873 1321 1914 1,
1341 1872 1403 1919 51;
1436 1883 1493 1917 ep.
1519 1871 1568 1913 ΙΙ,
1596 1871 1628 1915 1,
1656 1870 1733 1906 119.

343 1935 468 1970 obtutu
492 1934 673 1978 consumit
697 1934 742 1968 ab
768 1934 840 1968 alto
866 1932 944 1968 fere
975 1932 1076 1967 idem
1100 1932 1204 1982 valet
1235 1933 1350 1978 atque
1376 1932 1486 1967 altum
1519 1931 1654 1975 rumpit
1687 1931 1734 1966 32⁸-

247 1995 403 2030 lentium.
464 1993 606 2029 obtutus
643 1993 712 2028 hoc
752 1992 834 2028 loco
872 1991 976 2027 valet
1014 1991 1346 2032 deliberationem,
1388 1989 1732 2032 considerationem,

247 2055 289 2088 ut
316 2053 381 2089 Ov.
409 2053 506 2088 trist.
534 2052 594 2094 IV,
623 2053 654 2093 1,
681 2051 727 2087 39
751 2062 887 2096 semper
923 2052 963 2087 in
995 2052 1120 2086 obtutu
1157 2054 1304 2086 mentem
1328 2053 1423 2086 vetat
1451 2060 1525 2085 esse
1547 2050 1731 2092 malorum

247 2114 343 2148 altus
381 2113 507 2148 autem
546 2112 689 2147 obtutus
730 2110 867 2146 dicitur
900 2112 944 2145 ut
974 2111 1069 2146 altus
1099 2121 1243 2145 somnus
1279 2110 1458 2145 silentium
1493 2109 1593 2154 quies
1622 2109 1733 2145 otium

246 2172 489 2217 tranquillitas
495 2186 507 2217 ,·
543 2172 614 2207 hoc
647 2171 782 2206 obtutu
807 2170 948 2206 factum
973 2172 1044 2211 est,
1070 2170 1113 2204 ut
1143 2170 1255 2204 Iason
1286 2168 1519 2214 aliquantum
1553 2168 1732 2214 temporis

245 2232 402 2272 taceret,
443 2230 507 2266 cfr.
535 2231 646 2275 Verg.
673 2231 765 2266 Aen.
791 2229 873 2271 VII,
900 2229 970 2264 249
1003 2240 1095 2274 seq.;
1128 2228 1212 2270 XII,
1239 2228 1308 2263 666
1340 2229 1464 2264 obtutu
1487 2228 1595 2263 tacito
1620 2228 1732 2271 stetin

247 2290 407 2336 denique
445 2289 684 2335 consumendi
719 2289 877 2325 verbum
902 2300 978 2324 non
1013 2300 1099 2324 raro
1136 2288 1335 2324 adhibetur
1373 2287 1422 2323 ad
1453 2286 1734 2333 significandum

245 2349 393 2385 initium
419 2349 573 2385 actionis
591 2349 742 2384 maioris
767 2348 957 2390 momenti,
981 2349 1023 2383 ut
1039 2347 1170 2394 1‚499;
1198 2347 1283 2390 6733
1311 2347 1374 2383 Ov.
1403 2358 1447 2383 ex
1471 2345 1732 2388 Pont.111‚3‚

247 2410 310 2452 31;
336 2409 433 2445 trist.
460 2408 522 2447 IV.
548 2409 580 2450 3,
609 2408 664 2443 71.

343 2468 400 2504 90.
452 2468 515 2505 Ov.
544 2479 613 2503 am
640 2466 688 2509 ΙΙ,
718 2467 772 2508 18,
799 2467 831 2502 2.

341 2528 397 2563 91.
447 2531 564 2563 vestra
588 2550 634 2555 —
659 2527 759 2562 iussa
783 2525 806 2562 i.
834 2537 864 2561 e.
890 2526 1019 2562 Peliae
1052 2529 1090 2562 et
1115 2525 1271 2567 Aeetae,
1310 2525 1352 2559 ut
1389 2526 1545 2570 apparet
1582 2534 1628 2559 ex
1666 2523 1731 2566 eis,

248 2599 342 2633 quae
374 2588 587 2634 sequuntur.

341 2647 398 2683 94.
447 2657 658 2692 quamquam
683 2645 780 2686 Vat.,
806 2656 987 2689 nunquam
1015 2644 1224 2680 Columbus.

340 2717 420 2751 spes
445 2706 605 2749 defuerit,
634 2705 700 2741 cfr.
729 2706 772 2740 ad
797 2705 839 2747 V,
865 2703 945 2740 207.
965 2702 969 2705 ’

1752 1013 1789 1042 95

1873 2503 1890 2689 ἑ

1587 2695 1890 3100 l
