1890 3100
554 233 942 272 ARGoNAv'rIcon
969 233 1116 268 LIBER
1140 232 1209 268 111.
1533 235 1621 278 229

240 369 470 408 cornuaque
499 361 540 394 et
566 360 694 393 motas
721 353 832 392 videt
858 353 964 391 inter
990 352 1128 391 nubila
1154 357 1298 390 turres.

230 426 335 474 *tunc
364 421 497 472 gravis
525 425 567 460 et
594 411 703 458 certo
730 418 903 457 tendens
931 417 1100 456 stridore
1127 430 1203 469 per
1229 416 1409 455 umbram

242 486 410 524 Aesonii
435 485 547 524 venit
572 484 689 523 hasta
717 483 829 522 ducis
857 483 1063 535 latumque
1092 483 1166 521 sub
1194 482 1273 520 imo
1616 490 1671 520 240

242 557 407 602 pectore
434 550 581 602 rumpit
606 550 693 588 iter.
751 563 870 601 quam
897 562 1004 587 nunc
1030 548 1235 599 incognita
1262 546 1388 586 vellet

240 615 370 654 lustra
398 615 475 654 sibi
502 615 715 666 nullosque
746 614 861 652 datos
888 613 1101 652 venatibus
1130 611 1285 651 annos?

240 681 339 719 talia
366 680 608 732 magnanimi
636 679 794 718 diverso
822 679 982 718 turbine
1009 678 1183 717 fundunt

242 746 327 784 tela
355 746 441 793 viri,
471 746 704 797 sonitusque
733 744 881 797 pedum
909 750 1178 796 suspectaque
1205 749 1316 781 motu

244 810 472 863 explorant3
499 816 692 862 prensant
719 810 848 849 socios
876 822 1099 861 vocemque
1127 814 1354 860 reposcunt.
1621 811 1679 842 245

245 875 352 928 quod
380 877 414 914 si
439 881 553 914 tanta
578 875 668 914 lues
697 888 807 914 seros
837 874 1021 913 durasset
1047 875 1090 912 in
1118 880 1239 921 ortus,

245 941 463 979 extinctum
492 954 619 992 genus
650 946 690 979 et
719 940 825 979 solas
853 953 926 992 per
950 940 1111 979 moenia
1138 945 1286 978 matres

245 1005 414 1044 vidisset
442 1011 687 1058 stratamque
717 1004 803 1044 dies
831 1006 874 1043 in
901 1005 1018 1043 litore
1047 1010 1222 1056 gentem.

233 1149 335 1184 audit
356 1149 522 1191 fremitus
544 1149 687 1193 irasque
711 1149 867 1184 leonum:
891 1147 1002 1192 Verg.
1029 1147 1119 1182 Aen.
1146 1146 1230 1188 VH,
1266 1146 1311 1181 15
1344 1147 1427 1182 hinc
1464 1146 1629 1181 aaudiri

137 1209 287 1253 yemitus
316 1209 458 1252 iraeque
482 1208 630 1245 leonum.

234 1278 315 1315 238.
363 1283 477 1314 motas
502 1299 546 1304 —
570 1283 687 1314 turres
710 1278 734 1314 i,
761 1289 791 1314 e.
818 1277 1033 1323 conspicere
1058 1277 1129 1312 sibi
1153 1276 1303 1312 videtur
1322 1276 1486 1321 Cybelen
1503 1276 1628 1311 Turri-

140 1349 271 1383 geram
294 1349 376 1373 cum
409 1337 600 1382 comitatu,
625 1337 664 1372 in
689 1349 761 1382 quo
798 1338 933 1372 sonent
968 1348 1043 1372 non
1079 1336 1199 1372 solum
1236 1336 1411 1381 cymbala
1447 1337 1630 1381 tympana

139 1396 269 1438 tibiae,
295 1397 363 1432 sed
387 1396 503 1432 etiam
529 1408 677 1442 cornua,
702 1396 778 1432 vid.
803 1396 908 1431 Lucr.
935 1395 984 1440 Π,
1010 1395 1100 1437 619;
1129 1395 1261 1430 Catull.
1288 1395 1346 1439 64,
1371 1395 1451 1430 263.
1502 1396 1628 1431 nubila

141 1456 213 1491 hoc
235 1455 318 1492 loco
355 1457 441 1491 sunt
477 1456 659 1491 tenebrae
696 1455 833 1496 noctis;
871 1455 937 1491 cfr.
977 1455 1071 1490 Stat.
1099 1454 1216 1491 Theb.
1254 1454 1317 1496 IX,
1356 1454 1425 1490 851
1462 1455 1511 1490 ni
1516 1466 1568 1500 9⁷·
1580 1465 1630 1490 ae

135 1515 356 1559 praecedunt
378 1515 503 1550 nubila
526 1516 664 1556 mortim
690 1514 879 1550 interdum
903 1514 958 1549 ita
982 1514 1122 1560 legitur
1145 1514 1288 1549 nubaus
1313 1514 1543 1550 adjectivum
1558 1526 1628 1560 pro

140 1574 359 1610 tenebroso:
383 1574 475 1609 Enn.
501 1575 600 1619 trag.
627 1574 671 1608 71
697 1574 741 1612 R,
767 1574 991 1609 Acherunsia
1015 1574 1146 1618 templa
1170 1574 1246 1608 alta
1271 1572 1355 1608 Orci
1377 1574 1502 1609 nubila
1533 1577 1627 1608 tene-

142 1633 236 1678 bn'3;
261 1633 327 1671 OV.
352 1635 440 1670 met.
467 1633 530 1675 IV,
549 1633 619 1668 432
643 1635 705 1669 via
730 1653 772 1660 —
799 1634 943 1670 time-sta
964 1634 1088 1668 nubila
1112 1637 1214 1680 tet-2:03
1241 1632 1336 1674 XIV,
1356 1632 1426 1667 514
1451 1637 1559 1668 antra
1583 1654 1628 1659 -—

141 1693 255 1728 multa
277 1693 403 1729 nubila
425 1694 533 1734 silva;
565 1693 651 1728 fast.
678 1692 745 1734 ΙΠ,
772 1693 842 1727 322
866 1693 989 1727 nubila
1014 1692 1114 1738 Styx.
1166 1692 1268 1728 Haec
1293 1691 1417 1728 omnia
1443 1703 1629 1738 apparere

142 1751 229 1788 ideo
255 1751 387 1797 Cyzico
411 1753 542 1787 narrat
565 1753 696 1798 poeta,
733 1753 777 1787 ut
800 1763 867 1786 rex
892 1751 988 1787 sciat
1011 1752 1165 1787 auctore
1196 1751 1268 1786 dea
1293 1763 1333 1787 se
1363 1752 1485 1787 morte
1511 1751 1626 1787 feriri.

238 1822 321 1858 243.
370 1823 507 1859 diverso
531 1824 671 1858 turbine
692 1823 853 1866 fundunt
875 1823 945 1858 tela
969 1822 1138 1858 breviter
1162 1822 1304 1857 dictum
1338 1834 1408 1868 pro
1447 1834 1490 1858 eo
1529 1822 1630 1867 quod

145 1882 220 1918 est:
258 1882 414 1918 diversis
438 1882 528 1918 locis
554 1882 717 1917 fundunt
740 1883 820 1918 tela
843 1882 994 1917 turbine
1025 1883 1212 1923 contorta;
1249 1882 1361 1917 turbo
1398 1883 1526 1918 autem
1561 1881 1630 1918 teli

144 1940 280 1976 dicitur
305 1941 353 1977 de
377 1942 487 1977 hasta
512 1942 744 1977 ammentata
767 1942 811 1976 ut
834 1941 902 1982 m,
941 1941 1003 1983 78;
1029 1941 1140 1986 Verg.
1165 1941 1258 1977 Aen.
1283 1940 1347 1982 XI,
1385 1940 1472 1985 2843
1498 1940 1562 1977 Sil.
1598 1940 1627 1982 L

144 1999 232 2047 362;
256 1999 318 2042 IV,
346 2000 434 2042 540;
459 2000 524 2042 IX.
551 2001 637 2042 568;
662 2000 739 2041 XV,
766 2000 852 2042 631;
878 2000 976 2042 XVI,
1003 1999 1212 2042 58;XV11,
1238 2000 1321 2036 406.

239 2071 321 2107 244.
372 2071 463 2107 Cum
486 2083 555 2118 per
579 2072 757 2107 tenebras
783 2072 932 2107 omnino
957 2071 1051 2106 nihil
1076 2071 1240 2117 conspici
1263 2071 1391 2117 possit,
1418 2071 1557 2117 gradus
1584 2082 1628 2108 eo

145 2129 322 2176 dirigunt,
348 2131 448 2167 unde
473 2131 635 2167 sonitum
666 2131 805 2177 pedum
836 2131 898 2166 vel
923 2131 1036 2166 alium
1068 2131 1267 2176 strepitum
1297 2131 1402 2166 motu
1434 2142 1630 2176 corporum

16 2178 50 2219 rv
95 2193 99 2197 ’
146 2190 318 2225 exortum
342 2189 472 2226 audire
497 2189 569 2225 sibi
598 2189 789 2231 videntum
828 2189 946 2225 sicubi
980 2190 1020 2225 in
1056 2201 1167 2235 quem
1202 2189 1422 2230 inciderunt,
1460 2201 1553 2226 voce
1589 2201 1630 2226 se

147 2248 354 2284 ostendunt
377 2261 396 2284 r
410 2261 466 2284 ur
479 2261 496 2284 s
509 2261 533 2284 u
546 2260 637 2294 sque
662 2249 710 2284 ab
737 2250 857 2285 altero
881 2260 1012 2285 vocem
1035 2250 1078 2284 ut
1105 2249 1194 2285 edat
1217 2250 1386 2294 poscunt.

239 2319 322 2356 246.
372 2320 471 2356 Iovi-3
510 2319 608 2362 Vat..
650 2321 724 2355 lues
758 2320 951 2362 Heinsius;
994 2321 1065 2356 hoc
1101 2320 1378 2356 substantivum
1416 2320 1462 2356 de
1500 2322 1630 2366 strage

146 2377 283 2414 bellica
305 2381 526 2425 usurpatum
550 2379 719 2415 videmus
745 2379 860 2415 etiam
883 2379 944 2421 VI,
970 2379 1051 2419 400.
1078 2379 1145 2415 sed
1170 2379 1317 2425 saepius
1355 2380 1455 2426 apud
1480 2379 1629 2415 Silium:

147 2435 190 2478 v,
216 2436 302 2479 108;
328 2437 414 2479 390;
441 2437 484 2478 x.
510 2437 600 2485 603;
625 2437 707 2478 xn,
735 2438 819 2480 184;
846 2438 943 2479 XVI,
970 2439 1050 2474 622.

241 2507 287 2543 In
309 2509 393 2544 tota
418 2509 488 2544 hac
514 2508 764 2555 descriptione
789 2521 938 2555 pugnae
965 2509 1245 2546 cruentissimae
1270 2511 1310 2546 et
1334 2511 1448 2545 noctu
1479 2510 1629 2555 quidem

38 2570 74 2617 ,ᾖ
150 2564 275 2603 factae
298 2567 339 2602 id
360 2567 495 2603 mirum
520 2568 679 2604 fortasse
707 2568 887 2611 videatur,
913 2568 1013 2614 quod
1037 2568 1224 2604 neminem
1250 2570 1551 2614 Argonautarum
1581 2579 1630 2604 ne

149 2623 334 2662 levissimo
359 2627 508 2672 quidem
532 2627 686 2663 vulnere
711 2627 890 2664 affectum
913 2627 1083 2663 Valerius
1109 2628 1424 2664 commemoravit.

243 2696 323 2733 247.
366 2708 436 2742 per
458 2699 597 2734 moenia
620 2702 767 2734 matres:
796 2697 941 2744 Coripp.
968 2698 1048 2735 Ioh.
1069 2697 1131 2740 VI,
1158 2699 1213 2734 66.
