1890 3100
601 240 991 277 ARGONAVTICON
1015 239 1163 275 LIBER
1188 240 1250 276 IV.
1575 240 1661 282 317

285 363 413 414 pestis
442 368 483 401 et
511 362 663 400 offusae
692 360 826 399 media
850 361 957 399 inter
985 359 1091 398 dicta
1117 358 1323 397 tenebrae.

284 429 364 467 iam
391 427 553 466 tandem
581 439 741 466 cessere
768 427 872 473 irae3
900 438 976 463 nec
1005 437 1123 462 casus
1152 423 1202 462 ab
1232 423 1325 470 alto,

284 494 373 545 ipse
399 492 541 531 volens
569 492 714 530 nostris
744 490 817 529 sed
842 503 915 528 vos
945 489 1045 528 deus
1074 487 1228 540 appulit
1256 487 1360 527 oris‘.

286 558 343 596 sic
371 558 426 596 ait
454 564 506 604 et,
535 556 627 595 fatis
654 557 713 594 ita
738 556 817 593 iam
847 553 1095 601 cedentibus,
1126 566 1264 591 omnes
1662 556 1716 586 485

285 623 442 674 impulit
470 628 511 661 et
538 621 661 660 durae
690 619 902 658 commovit
928 619 1102 669 imagine
1129 631 1296 670 poenae.

285 688 496 726 instituere
524 692 631 725 toros
658 684 883 736 mediisque
910 683 1113 736 tapetibus
1142 684 1272 734 ipsum

288 753 486 804 accipiunt
514 752 741 802 circumque
768 751 919 797 iacent3
958 748 1075 787 simul
1104 761 1281 800 aequora
1309 754 1489 795 servant,

285 823 392 856 astra
421 816 548 863 simul,
578 816 769 867 vescique
797 815 939 853 iubent
966 827 1013 853 ac
1040 814 1200 852 mittere
1230 826 1363 852 curas:

285 896 375 921 cum
404 881 558 920 subitus
586 881 732 919 misero
760 886 910 918 tremor
937 886 978 917 et
1005 879 1199 931 pallentia
1226 879 1377 930 primae
1663 876 1718 906 490

287 961 357 986 ora
384 947 491 986 senis
519 946 660 997 fugere
688 958 841 984 manus.
898 958 974 983 nec
1001 943 1158 996 prodita
1185 945 1311 995 pestis

287 1018 391 1060 ante,
422 1011 494 1050 sed
521 1012 563 1049 in
590 1010 732 1049 mediis
762 1010 931 1062 dapibus
959 1009 1098 1048 videre
1126 1009 1325 1051 volucres,

284 1078 435 1129 fragrat
463 1077 630 1115 acerbus
661 1075 759 1114 odor
784 1076 984 1127 patriique
1014 1076 1169 1126 expirat
1196 1075 1349 1114 Averni

286 1143 453 1190 halitus3
482 1156 605 1180 uuum
634 1154 772 1179 omnes
800 1141 1003 1179 incessere
1032 1140 1271 1192 planctibus,
1300 1154 1423 1179 unum

286 1208 478 1246 infestare
507 1220 666 1254 manus3
694 1207 822 1244 inhiat
851 1205 1022 1257 Cocytia
1049 1206 1177 1244 nubes
1670 1209 1725 1239 49⁵

288 1274 495 1312 luxurians
523 1273 692 1325 ipsoque
719 1272 854 1311 ferens
882 1271 1044 1310 fastidia
1067 1272 1170 1309 visu.

252 1403 354 1439 -482,
405 1403 538 1446 effusae
560 1403 658 1442 Vat..
685 1401 822 1445 offusae
847 1401 1007 1437 Gronov.

273 1463 355 1498 484.
404 1463 461 1498 De
487 1461 731 1498 collocatione
756 1461 819 1497 sed
842 1460 1111 1497 coniunctionis
1129 1460 1195 1496 cfr.
1223 1461 1272 1496 ad
1296 1460 1346 1506 Π,
1373 1461 1451 1496 150.

277 1522 363 1558 deus
387 1523 529 1567 appulit
553 1522 643 1558 on‘s:
680 1521 791 1566 Verg.
819 1525 909 1556 Aen.
927 1519 998 1561 ΙΠ,
1017 1519 1097 1555 338.

274 1593 355 1629 488.
404 1594 511 1629 simul
550 1603 703 1638 aequora
743 1596 902 1632 servant,
950 1595 1051 1627 astra
1085 1592 1210 1626 simul:
1262 1592 1420 1627 eandem
1470 1592 1671 1628 verborum

185 1652 518 1688 conformationem
541 1652 699 1697 legimus
724 1652 835 1696 Verg.
861 1651 953 1686 Aen.
979 1650 1043 1692 IX,
1070 1650 1140 1686 318
1164 1651 1271 1686 ,simul
1294 1662 1396 1686 arma
1420 1653 1543 1691 iacere,
1576 1651 1670 1688 Vina

185 1713 299 1748 simul.

281 1770 362 1806 490.
405 1771 547 1816 primae
570 1793 618 1799 —
642 1781 768 1806 manu-3
790 1769 813 1804 i.
842 1780 872 1805 e.
899 1769 1018 1814 digiti,
1046 1781 1137 1814 quos
1163 1769 1285 1805 cibum
1316 1771 1491 1806 tenentes
1515 1770 1591 1806 iam
1616 1770 1673 1806 ori

187 1830 404 1866 admoturus
428 1829 590 1865 Phineus
613 1831 812 1875 postquam
835 1830 1004 1864 monstra
1029 1828 1159 1864 adesse
1183 1828 1312 1874 sensit,
1349 1841 1474 1864 rursus
1499 1829 1670 1865 retrahit.

280 1901 361 1937 493.
411 1901 512 1936 Raro
530 1900 725 1946 fragrandi
749 1901 907 1936 verbum
926 1899 1127 1936 adhibetur
1152 1900 1202 1934 ad
1227 1900 1415 1935 foedum
1440 1900 1594 1936 odorem
1618 1900 1674 1935 in-

188 1961 399 1999 dicandum.
427 1961 490 1996 cfr.
508 1960 618 1996 Mart.
635 1960 665 2001 I,
683 1959 741 2002 87,
760 1961 780 1994 1
805 1963 850 1995 n'e
872 1961 994 2005 qravis
1017 1960 1177 1994 hester-tw
1192 1959 1344 2004 frayres,
1363 1959 1573 2001 Fescenniu,
1590 1961 1674 1995 vino

189 2021 354 2056 Pastillos
380 2019 496 2055 Cosmi
521 2020 705 2055 lemur-iasa
728 2030 843 2054 voras.

282 2079 449 2115 Aves-nus
482 2080 631 2124 pau-ius
666 2078 880 2113 nominatur
893 2106 902 2120 ,
940 2078 1027 2123 quia
1061 2077 1231 2113 Valerius
1268 2079 1417 2123 patrem
1454 2078 1674 2124 Typhonem

188 2139 229 2174 in
253 2138 413 2174 Tartaro
436 2138 580 2174 versari
608 2137 761 2182 cogitat,
798 2137 898 2172 unde
936 2148 1020 2173 eum
1046 2148 1242 2182 assurgere
1279 2137 1373 2172 dixit
1409 2150 1443 2173 v.
1468 2138 1555 2180 517;
1606 2137 1673 2173 cfr.

193 2197 389 2234 Tartareas
411 2198 568 2233 volueres
591 2209 625 2233 v.
651 2197 721 2232 579
748 2198 787 2232 et
811 2197 941 2232 statim
965 2195 1065 2231 infra
1092 2196 1271 2242 Cocytiam
1294 2196 1428 2231 nubem.

282 2268 364 2303 494.
408 2269 614 2313 planctibus
652 2268 675 2303 i.
719 2279 749 2304 e.
792 2268 938 2303 alarum
976 2267 1127 2313 plausu;
1168 2267 1373 2313 plangendi
1409 2268 1566 2303 verbum
1607 2269 1678 2303 hac

191 2327 344 2364 notione
379 2327 558 2373 scriptum
596 2327 781 2372 reperitur
807 2327 872 2362 Ov.
897 2328 986 2362 met.
1013 2327 1076 2367 XI,
1104 2327 1165 2368 753
1198 2326 1260 2361 Sil.
1287 2327 1316 2367 Ι,
1343 2326 1430 2369 589;
1457 2326 1560 2370 XIII,
1586 2327 1677 2369 840;

194 2386 270 2422 alia
296 2388 355 2422 est
378 2386 567 2422 sententia
594 2386 659 2422 Ov.
686 2397 757 2421 am.
784 2385 832 2428 IL
860 2386 892 2427 6,
918 2386 951 2421 3.

289 2457 369 2492 495.
419 2458 528 2493 nubes
552 2457 803 2503 superlatione
829 2468 905 2493 non
921 2457 1087 2502 eleganti
1105 2457 1152 2491 de
1170 2457 1290 2492 tribus
1309 2457 1463 2499 dicitur;
1491 2457 1591 2492 aliud
1610 2459 1677 2497 est,

194 2516 294 2561 quod
317 2516 436 2552 Niobe
461 2517 552 2552 duos
577 2516 745 2552 Latonae
770 2516 864 2552 filios
890 2528 974 2551 cum
1000 2516 1138 2552 acerba
1174 2515 1294 2552 ironia
1331 2516 1471 2551 turbam
1508 2517 1679 2552 nominat

196 2573 262 2610 Ov.
287 2576 376 2611 met.
402 2575 464 2617 VI,
490 2575 570 2610 200.

290 2644 369 2680 496.
394 2643 397 2650 “
419 2647 608 2681 luxurians
628 2646 650 2681 i.
676 2646 773 2692 quod
798 2647 976 2687 saeviens.
1003 2649 1046 2682 ut
1071 2646 1166 2682 Stat.
1194 2647 1309 2684 Theb.
1336 2647 1386 2685 ΙΙ,
1413 2646 1481 2681 677
1507 2647 1681 2691 sanquine

196 2703 305 2739 multo
330 2705 514 2740 luxuriata
536 2705 665 2747 famem
703 2707 745 2749 V,
771 2704 838 2739 261
866 2717 940 2750 seq.
958 2706 1075 2750 ydida
1100 2717 1171 2741 mm
1195 2707 1335 2741 saevius
1354 2705 1445 2741 Ossa
1474 2706 1681 2740 Luxuriant
