1890 3100
607 220 996 257 ARGONAVTIOON
1018 220 1165 255 LIBER·
1189 221 1234 258 V.
1562 222 1650 265 373

277 340 472 391 Iuppiter3
502 346 565 378 ast
590 339 702 378 illum
730 345 885 378 tantum
910 352 992 377 non
1019 339 1191 390 gliscere
1219 338 1332 377 caelo

276 404 404 443 vellet
430 418 538 455 ager,
566 404 721 443 vellent
748 403 888 443 calidis
914 404 995 442 iam
1020 403 1197 442 fontibus
1226 416 1375 443 amnes.

274 470 427 521 regina,
457 470 624 508 attonito
653 482 892 521 quamquam
918 481 1044 519 pavor
1071 481 1139 507 ore
1168 468 1353 507 silentem

276 535 488 581 exanimet,
517 534 820 572 mirata'tamen
845 533 1090 585 paulumque
1118 532 1294 572 reductis

273 599 458 651 passibus
486 600 528 637 in
556 599 642 637 solo
671 599 822 650 stupuit
849 597 963 636 duce.
1017 611 1094 636 nec
1122 599 1252 636 minus
1279 599 1385 637 inter
1648 612 1704 641 375

273 663 343 702 ille
371 669 431 702 tot
456 664 583 715 ignoti
611 663 738 702 socias
765 663 901 714 gregis
928 663 1069 701 haeret
1101 663 1143 701 in
1170 677 1251 701 una

275 728 429 767 defixus
458 729 659 781 sentitque
687 727 829 766 ducem
857 727 1137 780 dominamque
1166 734 1363 766 catervae.

276 794 322 831 ‘si
350 793 437 840 dea,
467 794 501 831 si
527 793 663 844 magni
691 791 813 831 decus
841 792 921 831 huc
948 792 1058 831 ades‘
1086 793 1216 845 inquit
1245 792 1434 844 Olympi,

269 859 343 896 has
371 871 447 909 ego
475 857 594 896 credo
622 857 745 905 faces,
773 858 875 896 haec
901 858 1066 909 virginis
1094 871 1164 896 ora
1190 858 1361 905 Dianae,

164 959 336 995 ornatum
372 957 566 1003 cogitatur,
603 957 670 993 cfr.
695 957 749 1002 Π,
773 958 819 992 42
846 957 967 1000 effusis
1000 959 1162 993 stellatus
1197 959 1356 994 crinibus
1392 958 1534 1000 «lethem
1575 957 1642 993 Ov.

162 1019 253 1054 met,
286 1017 362 1057 XV,
394 1017 439 1052 31
476 1021 585 1061 caput
621 1017 794 1051 antulerat
833 1016 1041 1052 densissima
1076 1017 1250 1052 sidereum
1286 1028 1367 1052 nox.
1418 1016 1502 1052 Non
1538 1018 1643 1053 recte

162 1076 330 1112 nonnulli
351 1076 450 1119 faces
481 1077 645 1112 cometas
668 1075 911 1121 interpretati
934 1077 1039 1110 sunt:
1078 1075 1125 1111 de
1156 1076 1268 1111 solius
1298 1076 1383 1111 Sirii
1412 1076 1450 1111 vi
1479 1076 1645 1121 loquitur

161 1137 287 1182 poeta.
335 1135 442 1170 habet
463 1135 560 1176 Vat„
592 1135 690 1170 hebet
726 1135 807 1172 cod,
835 1134 954 1177 Carr.;
991 1135 1124 1178 Arcas,
1160 1135 1255 1170 filius
1282 1135 1512 1176 Callistonis,
1544 1135 1645 1170 inter

163 1194 287 1230 sidera
310 1195 491 1239 receptus,
516 1193 591 1230 vid.
618 1193 686 1229 Ov.
710 1195 799 1229 met.
825 1193 873 1235 H,
898 1193 970 1228 496
994 1205 1112 1239 seqq.;
1138 1193 1224 1229 fast.
1250 1194 1300 1235 Π,
1327 1194 1407 1230 189.

256 1253 325 1288 371
380 1257 480 1288 tanto
495 1253 590 1294 Vat„
615 1256 752 1287 tantum
765 1253 906 1298 scripsi.
931 1253 987 1289 De
1003 1264 1077 1288 non
1093 1253 1313 1299 particulae,
1333 1265 1429 1298 quae
1447 1255 1536 1289 ante
1552 1257 1636 1289 tan·

163 1316 238 1347 tum
263 1312 439 1358 ponenda
463 1314 555 1354 erat,
582 1312 826 1348 collocatione
852 1312 919 1347 cfr.
944 1311 992 1353 Π,
1018 1312 1087 1354 48;
1126 1312 1188 1352 IV,
1215 1312 1295 1349 179.

257 1370 336 1406 374.
385 1366 594 1415 quemquam
611 1371 800 1406 aanimet:
826 1372 936 1406 notus
954 1372 1012 1406 est
1028 1371 1283 1406 conjunctivus
1301 1372 1403 1416 apud
1417 1372 1645 1417 posteriores

163 1440 208 1464 ex
234 1429 492 1465 coniunctione
516 1441 730 1474 quamquam
744 1429 929 1475 pendens:
966 1430 1019 1465 sic
1044 1430 1152 1466 dome
1188 1442 1272 1466 eum
1298 1431 1533 1466 coniunctivo
1559 1443 1645 1467 con-

162 1489 347 1524 sta-uotum
368 1488 553 1534 reperitur
577 1487 626 1530 Π,
652 1488 733 1524 474.

223 1584 227 1586 ,
255 1547 336 1582 375.
383 1547 525 1583 insolito
549 1547 646 1588 Vat„
672 1548 711 1582 in
733 1548 808 1583 solo
832 1547 1015 1583 Heinsius.

254 1606 325 1642 378
349 1617 451 1652 seqq.
477 1607 696 1642 obversatus
722 1609 780 1642 est
803 1609 939 1652 poetae
964 1607 1066 1643 locus
1091 1607 1244 1643 Homeri
1270 1607 1338 1644 Od.
1364 1607 1426 1648 VI,
1446 1607 1644 1653 149-160,

160 1665 226 1700 ubi
247 1664 375 1701 Ulixes
401 1665 560 1707 dubitat,
586 1667 711 1700 utrum
735 1665 960 1701 Nausicaam
985 1667 1097 1702 deam
1121 1678 1170 1701 an
1194 1667 1394 1702 mortalem
1418 1679 1499 1703 esse
1523 1669 1642 1713 putet,

161 1726 275 1769 atque
300 1735 383 1759 cum
396 1724 519 1759 Diana
530 1724 764 1770 potissimum
789 1726 992 1771 comparat,
1016 1728 1097 1760 tum
1122 1725 1249 1762 felices
1273 1726 1541 1772 praedicantur
1566 1727 1643 1762 eius

159 1783 355 1828 parentes,
393 1782 537 1819 felicior
570 1785 697 1819 autem
726 1783 774 1823 is,
813 1784 870 1819 cui
905 1784 1112 1829 contingat,
1149 1787 1193 1819 ut
1225 1785 1409 1830 virginem
1441 1786 1480 1820 in
1514 1786 1643 1820 matri-

159 1842 324 1878 monium
349 1842 474 1878 ducat.
522 1843 646 1887 Atque
671 1842 785 1878 etiam
810 1843 850 1878 id
875 1855 898 1878 a
924 1843 1068 1879 Graeco
1092 1846 1207 1889 poeta
1232 1846 1422 1890 sumptum
1450 1846 1517 1888 est,
1543 1845 1643 1890 quod

161 1901 274 1937 Iason
296 1901 336 1936 in
361 1903 527 1937 extrema
558 1901 727 1937 oratione
763 1902 948 1948 virginem
984 1915 1059 1938 non
1094 1903 1170 1938 iam
1206 1904 1249 1938 ut
1274 1903 1395 1944 deam,
1435 1904 1502 1939 sed
1539 1905 1643 1940 certo

159 1961 203 1995 ut
241 1959 441 1996 mortalem
482 1959 704 2004 alloquitur;
747 1960 814 1996 sed
853 1960 893 1995 in
930 1962 1002 1996 hac
1041 1963 1171 1997 tamen
1211 1973 1252 1997 re
1292 1962 1403 2007 longe
1445 1964 1642 2008 superatur

158 2018 328 2054 Valerius
365 2018 415 2053 ab
445 2018 624 2060 Homero,
662 2019 760 2063 quod
791 2019 917 2055 Ulixes
950 2021 1036 2065 post
1066 2020 1218 2065 longam
1253 2020 1402 2056 demum
1433 2021 1641 2057 orationem

161 2077 398 2113 dubitatione
434 2079 578 2112 remota
612 2078 811 2113 mortalem
846 2090 926 2114 esse
962 2078 1147 2123 virginem
1183 2079 1311 2121 sumit,
1348 2079 1405 2114 ita
1439 2082 1483 2114 ut
1519 2091 1642 2126 pauca

158 2136 277 2172 verba
315 2135 477 2175 exordii,
514 2136 579 2171 ubi
617 2137 664 2172 de
701 2137 774 2172 dea
806 2137 950 2172 locutus
989 2140 1061 2178 est,
1100 2137 1211 2174 facile
1245 2138 1520 2179 obliviscamur,
1558 2151 1641 2174 cum

160 2195 260 2240 apud
283 2194 472 2231 Valerium
501 2197 588 2240 post
617 2196 858 2240 paucissimos
894 2208 1022 2232 versus
1059 2197 1134 2232 iam
1171 2197 1357 2233 dubitatio
1393 2198 1459 2233 illa
1496 2200 1642 2234 remota

158 2253 342 2290 videatur.
382 2254 505 2298 Atque
524 2254 623 2299 apud
641 2254 842 2290 Homerum
860 2255 986 2291 Ulixes
1002 2267 1151 2301 prorsus
1170 2256 1324 2298 nescius,
1343 2268 1438 2302 quae
1455 2257 1561 2303 virgo
1580 2258 1638 2299 sit,

164 2313 205 2348 id
226 2324 341 2348 unum
365 2313 413 2347 ab
440 2323 485 2348 ea
508 2313 618 2358 petit,
642 2315 685 2348 ut
708 2314 840 2349 urbem
864 2316 1059 2358 monstret,
1086 2315 1187 2361 apud
1210 2315 1401 2351 Valerium
1425 2316 1539 2352 Iason
1564 2318 1640 2352 ‘tua

158 2373 263 2408 tecta
274 2373 469 2417 petentes,
495 2372 625 2418 inquit,
651 2372 902 2412 ‘advehimur',
928 2373 1034 2418 quasi
1058 2374 1134 2408 iam
1148 2374 1242 2410 sciat
1260 2386 1339 2411 esse
1356 2375 1496 2420 regiam
1512 2375 1638 2417 filiam,

159 2430 318 2476 denique
342 2430 449 2476 petit,
486 2432 530 2465 ut
562 2430 665 2466 fandi
697 2443 780 2466 cum
810 2443 899 2476 rege
929 2434 1077 2478 tempus
1108 2433 1330 2479 modumque
1367 2434 1512 2471 doceat.
1564 2435 1638 2471 Cfr.

159 2489 273 2525 etiam
299 2489 408 2534 Vel-g.
434 2490 525 2526 Aen.
550 2489 579 2530 L
607 2491 677 2525 327
702 2502 826 2536 seqq.;
852 2491 918 2527 Ov.
943 2494 1023 2527 met
1060 2492 1120 2532 IV,
1147 2493 1217 2527 320
1242 2504 1343 2538 seqq.

252 2547 331 2584 379.
382 2548 437 2584 De
462 2549 607 2584 facibus
622 2549 765 2586 Dianae
792 2549 857 2586 cfr.
883 2551 1039 2586 Prelleri
1064 2563 1115 2596 gr
1145 2552 1300 2596 mythol.
1327 2553 1371 2593 1⁴,
1398 2553 1468 2588 306
1493 2555 1636 2595 annot.;

159 2605 245 2648 334;
283 2607 602 2653 archaeoL-epigr.
629 2608 753 2644 Mitth.
780 2620 845 2644 aus
872 2610 1032 2646 Oesterr.
1059 2610 1119 2655 lv,
1148 2611 1226 2646 142.

254 2676 356 2700 arma
377 2666 471 2708 Vat„
498 2678 563 2702 ora
588 2667 667 2702 cod.
696 2667 794 2703 Carr.

1356 2730 1423 2763 24*
