1890 3100
197 222 283 265 270
718 221 756 257 C.
785 220 963 257 VALERI
987 221 1162 257 FLACCI

303 353 404 392 quae
434 353 566 393 neque
595 341 674 379 iam
703 340 864 379 frondes
893 340 1041 379 virides
1071 354 1145 379 nec
1174 341 1349 393 proferet
1377 342 1550 390 umbras,

300 411 345 443 ut
375 405 501 444 semel
531 411 592 444 est
622 406 762 444 evulsa
791 407 894 458 iugis
924 420 970 444 ac
999 412 1124 445 matre
1154 413 1362 459 perempta

301 469 381 508 fida
408 471 629 510 ministeria
659 478 698 510 et
727 471 846 510 duras
877 472 959 510 obit
987 471 1147 510 horrida
1174 485 1341 524 pugnas,
1684 488 1738 518 710

301 541 427 574 testor
457 542 496 575 et
524 537 601 575 hoc
631 538 747 584 omni,
780 537 930 585 ductor,
961 537 1032 575 tibi
1061 538 1223 575 numine
1252 537 1381 576 firmo:

303 614 424 653 saepe
453 608 575 649 metu,
607 615 727 654 saepe
757 603 798 640 in
827 603 939 650 tenui
969 602 1194 641 discrimine
1223 616 1356 641 rerum

299 667 525 706 Herculeas
554 668 632 706 iam
664 681 775 706 serus
806 681 902 719 opes
934 668 1137 720 spretique
1165 668 1329 706 vocabis

304 746 413 771 arma
439 733 524 780 viri,
555 747 631 772 nec
658 747 731 772 nos
760 733 912 771 tumida
939 733 1041 772 haec
1068 739 1153 772 tum
1183 733 1289 771 dicta
1316 733 1535 772 iuvabunt.’

354 798 522 837 Talibus
552 799 750 837 Aeacides
782 800 909 837 socios
938 799 1157 838 terroribus
1186 812 1363 850 urguens
1629 818 1637 827 =
1686 814 1740 846 715

299 863 523 902 inlacrimat
551 863 758 916 multaque
790 877 922 902 comas
953 863 1150 902 deformat
1177 864 1338 903 harena.

300 929 384 967 fata
411 929 586 976 trahunt,
616 934 835 981 raptusque
865 929 994 966 virum
1023 928 1239 967 certamine
1269 928 1410 968 ductor

299 995 384 1033 ibat
414 1000 454 1033 et
483 999 649 1046 optenta
676 994 880 1032 mulcebat
907 993 1059 1032 lumina
1085 994 1206 1045 palla.

301 1060 366 1098 hic
394 1073 491 1098 vero
521 1060 676 1111 ingenti
704 1065 941 1111 repetuntur
968 1065 1133 1111 pectora
1160 1059 1282 1107 luctu,

195 1185 242 1219 ab
268 1184 380 1230 Verg.
406 1185 498 1221 Aen.
524 1185 567 1226 V,
606 1183 686 1225 359,
725 1183 789 1219 ubi
812 1183 950 1220 artifex
976 1184 1305 1229 commemoratur;
1355 1184 1426 1219 hoc
1453 1185 1578 1219 autem
1603 1184 1686 1220 loco

196 1244 252 1279 est
277 1243 333 1279 vir
359 1243 478 1286 fortis,
506 1255 578 1289 quo
605 1244 782 1289 superato
809 1243 991 1279 Telamon
1015 1244 1165 1278 hastam
1191 1242 1350 1289 spolium
1377 1242 1488 1288 cepit.

292 1303 335 1338 In
360 1303 538 1339 testanda
575 1304 686 1338 hasta
722 1303 891 1338 imitatus
934 1303 991 1338 est
1016 1302 1187 1338 Valerius
1212 1302 1319 1338 Hom.
1358 1301 1400 1337 ΙΙ.
1427 1302 1456 1344 Ι,
1489 1302 1559 1338 234
1584 1314 1683 1349 seqq.

194 1364 232 1398 et
257 1362 370 1408 Verg.
394 1363 487 1399 Aen.
514 1362 599 1405 XII,
627 1362 696 1397 206
722 1374 842 1410 seqq.;
893 1361 957 1399 cfr.
987 1362 1102 1398 etiam
1127 1361 1247 1407 Apoll.
1274 1361 1303 1403 I,
1330 1362 1410 1398 466.

287 1434 366 1470 709.
410 1438 522 1469 mater
540 1434 586 1470 de
607 1434 751 1476 arbore,
779 1445 801 1468 a
819 1445 892 1479 qua
909 1445 1033 1468 ramus
1051 1433 1199 1468 avulsus
1218 1434 1283 1474 est,
1304 1433 1440 1468 dicitur
1457 1433 1556 1479 apud
1572 1433 1684 1479 Verg.

191 1506 319 1540 georg.
346 1493 395 1540 11,
422 1494 486 1539 23,
519 1493 584 1538 553
632 1493 723 1529 Aen.
751 1492 833 1535 XII,
860 1493 948 1535 209;
999 1492 1230 1528 Pseudo-Ov.
1268 1492 1372 1527 nucis
1404 1492 1465 1535 13;
1515 1493 1613 1528 Man.
1640 1492 1683 1535 V,

191 1554 277 1596 241;
330 1553 476 1599 Coripp.
505 1553 551 1589 de
576 1553 676 1588 laud.
703 1552 794 1589 Iust.
821 1552 869 1594 II,
898 1552 958 1594 783
984 1551 1047 1594 81;
1074 1551 1295 1597 saepiusque
1314 1551 1430 1587 etiam
1448 1552 1548 1597 apud
1576 1552 1683 1588 Colu-

191 1613 346 1649 mellam
371 1613 410 1648 et
434 1612 596 1647 Plinium
612 1612 698 1647 mai.

287 1685 366 1720 711.
418 1685 513 1719 omni
530 1704 574 1710 —-
591 1685 736 1719 numine
753 1683 776 1722 i.
793 1694 823 1719 e.
843 1694 912 1729 per
930 1694 1057 1719 omnes
1076 1683 1181 1725 deos;
1207 1682 1335 1728 paullo
1354 1682 1465 1718 aliter
1482 1681 1686 1728 scripserat

193 1743 381 1789 Vergilius
406 1744 499 1780 Aen.
526 1743 608 1785 XII,
637 1743 705 1778 188
731 1743 769 1778 di
793 1744 938 1778 numine
961 1743 1110 1785 firment.

289 1815 369 1852 712.
419 1816 518 1850 tenui
542 1815 744 1850 discrimine
768 1813 953 1849 indicatur
979 1825 1162 1848 summum
1186 1812 1403 1858 periculum,
1434 1811 1474 1847 in
1499 1823 1571 1858 quo
1595 1823 1684 1858 par-

192 1887 281 1910 vum
305 1875 537 1911 momentum
561 1874 810 1910 mutationem
835 1885 960 1909 rerum
985 1873 1245 1919 gravissimam
1270 1872 1407 1909 afferre
1430 1872 1567 1918 possit3
1617 1871 1683 1909 cfr.

195 1934 260 1971 Ov.
286 1935 375 1972 met.
403 1933 485 1980 VII,
512 1934 582 1969 426
609 1934 782 1969 attonitus
807 1938 924 1968 tamen
949 1937 998 1968 est
1015 1933 1140 1979 inqens
1157 1933 1359 1968 discrimine
1371 1943 1489 1976 parvo
1511 1931 1687 1968 Committi

189 1995 352 2039 potuisse
375 1994 488 2036 nefas.

289 2065 369 2102 713.
420 2076 503 2110 opes
528 2064 659 2100 scribit
684 2063 855 2100 Valerius
880 2075 949 2109 pro
975 2063 1164 2109 singulari,
1192 2062 1370 2098 auxilium
1397 2061 1495 2098 enim
1519 2061 1567 2097 ab
1593 2059 1686 2097 Her-

195 2125 276 2161 cule
303 2124 500 2160 ferendum
535 2124 734 2166 indicatur,
773 2123 841 2159 sed
878 2123 1012 2159 eadem
1048 2122 1201 2158 notione
1240 2121 1356 2158 etiam
1392 2120 1577 2157 nonnullis
1603 2119 1686 2156 aliis

193 2184 284 2220 locis
309 2184 463 2230 pluralis
489 2183 828 2231 scriptuslegitur:
866 2183 928 2225 IV,
957 2183 1042 2225 1253
1081 2182 1159 2218 Liv.
1187 2184 1285 2228 trag.
1312 2181 1357 2217 fr.
1384 2181 1431 2216 20
1453 2181 1515 2228 R.;
1541 2180 1630 2216 Hor.
1655 2191 1684 2215 c.

194 2243 262 2286 ΠΙ,
289 2244 323 2290 3,
349 2243 411 2286 28;
464 2255 521 2290 ep.
559 2243 587 2285 Ι,
629 2243 683 2285 10,
723 2243 779 2285 36,
818 2243 883 2278 ubi
921 2243 1048 2287 opibus
1085 2241 1264 2277 auxilium
1289 2239 1491 2286 significari
1516 2238 1686 2285 argutius

196 2315 309 2349 quam
333 2303 457 2339 verius
482 2304 652 2348 negatur.

291 2374 370 2410 716.
423 2374 496 2410 Cfr.
536 2374 721 2410 Achillem
759 2374 860 2420 apud
895 2374 1098 2409 Homerum
1129 2372 1173 2410 Il.
1205 2371 1340 2413 XVDJ,
1379 2371 1445 2418 233
1482 2370 1684 2416 praeterea

194 2434 305 2480 Verg.
332 2434 424 2470 Aen.
451 2434 493 2475 X,
521 2433 591 2468 844
599 2447 606 2476 ;
660 2433 793 2471 Catuu.
821 2433 876 2474 64,
903 2433 989 2475 224;
1041 2432 1134 2467 Stat.
1162 2432 1278 2468 Theb.
1305 2430 1372 2472 ΠΙ,
1400 2430 1457 2466 50.

291 2505 372 2543 718.
421 2506 562 2541 obtenta
587 2518 632 2532 —
658 2506 793 2540 lwmina
813 2505 939 2549 palla:
989 2503 1083 2540 Stat.
1110 2503 1228 2539 Theb.
1254 2502 1336 2544 XII,
1361 2500 1446 2538 469.

292 2577 370 2612 719.
420 2580 630 2622 repetuntua·
658 2580 807 2621 pectora
844 2577 948 2617 luctu,
988 2576 1030 2610 ut
1068 2576 1181 2610 antea
1216 2573 1377 2619 primum
1413 2572 1526 2617 capta
1563 2571 1682 2616 erant,

199 2649 281 2673 cum
306 2636 504 2673 Herculem
528 2635 781 2681 requirerent3
832 2634 900 2671 cfr.
940 2634 1001 2670 Sil.
1028 2633 1131 2675 VIII,
1159 2632 1241 2668 ⁴104
1278 2632 1419 2667 Aeneas
1455 2631 1551 2667 dulci
1585 2640 1684 2675 repe-

198 2698 284 2732 titus
309 2707 435 2733 amore.
