1890 3100
558 232 945 272 ARGONAVTICON
969 231 1118 266 LIBER
1141 230 1171 264 Ι.
1523 227 1607 271 109

234 360 358 398 verba
386 358 510 397 ducis.
565 356 622 394 sic
650 368 739 393 cum
768 351 935 391 stabulis
965 356 1006 389 et
1031 347 1230 387 messibus
1258 347 1401 397 ingens
1470 395 1473 397 Β

234 426 294 463 ira
321 424 440 463 deum
468 428 509 461 et
537 420 700 460 Calabri
725 418 937 470 populator
965 415 1092 453 Sirius
1122 413 1205 451 arvi

234 490 423 536 incubuit,
453 488 532 526 coit
559 490 762 537 agrestum
789 495 929 521 manus
958 480 1078 519 anxia
1103 479 1277 531 priscum

234 557 276 594 in
302 567 444 594 nemus
473 558 514 591 et
539 550 694 590 miseris
724 548 848 587 dictat
874 548 941 599 pia
967 551 1062 584 vota
1090 543 1290 583 sacerdos.
1611 547 1664 576 685

236 633 331 660 ecce
359 625 494 658 autem
521 616 632 655 molli
661 615 861 666 zephyros
891 610 1138 651 descendere
1166 609 1283 660 lapsu

235 685 447 737 aspiciunt3
475 682 586 721 volat
612 680 799 719 immissis
828 691 929 716 cava
954 677 1071 728 pinus
1099 675 1268 713 habenis

235 749 469 801 infinditque
498 747 626 786 salum
654 751 695 784 et
723 757 883 796 spumas
910 743 1035 780 vomit
1063 754 1155 779 aere
1184 738 1366 778 tridenti:
1402 767 1405 770 .

236 815 392 867 Tiphys
420 814 503 865 agit
529 812 719 863 tacitique
748 808 891 848 sedent
919 807 971 846 ad
996 807 1106 844 iussa
1133 804 1320 851 ministri3

236 880 406 933 qualiter
433 877 485 917 ad
512 876 655 916 summi
682 875 824 914 solium
851 873 960 911 Iovis
989 871 1122 910 omnia
1149 871 1295 908 circum
1613 871 1667 900 690

235 959 361 998 prona
385 949 525 996 parata
553 942 640 990 deo,
669 941 860 992 ventique
887 939 1116 989 imbresque
1145 936 1340 986 nivesque

237 1010 475 1062 fulguraque
505 1014 545 1046 et
571 1007 740 1046 tonitrus
771 1011 811 1044 et
839 1004 968 1043 adhuc
996 1003 1038 1040 in
1064 1001 1240 1039 fontibus
1271 1012 1420 1038 amnes.

342 1076 399 1113 At
426 1074 581 1112 subitus
611 1068 786 1123 curaque
815 1069 957 1108 ducem
984 1073 1114 1106 metus
1144 1067 1271 1105 acrior
1300 1064 1405 1103 omni

236 1153 429 1192 mensque
458 1139 553 1177 mali
579 1150 777 1189 praesaga
806 1135 943 1188 quatit,
975 1132 1082 1185 quod
1109 1132 1215 1182 regis
1246 1130 1408 1169 adortus

237 1205 471 1258 progeniem
498 1209 693 1255 raptoque
723 1201 825 1240 dolis
854 1199 1027 1238 crudelis
1055 1199 1206 1236 Acasto

225 1389 305 1425 683.
357 1388 500 1424 Calabri
518 1387 715 1432 populator
740 1385 861 1420 Sirius
885 1384 965 1419 arvi
972 1399 981 1430 3
1021 1380 1197 1417 Calabria
1221 1379 1381 1414 multum
1412 1377 1615 1413 laborabat

132 1449 256 1485 calore
287 1447 441 1489 aestivo,
478 1446 566 1482 inde
597 1445 699 1491 apud
729 1444 818 1481 Hor.
844 1455 874 1479 c,
899 1443 927 1484 1,
954 1442 1011 1483 31,
1037 1441 1060 1475 5
1085 1443 1251 1475 aestuosa
1275 1437 1506 1478 nominatur;
1546 1435 1613 1471 cfr.

131 1507 239 1554 epod.
263 1506 292 1549 Ι,
318 1507 376 1543 27.

223 1578 305 1615 687.
352 1577 545 1612 Rudentes
576 1576 743 1612 velorum
779 1573 971 1609 interdum
1007 1583 1030 1606 a
1066 1570 1190 1617 poetis
1226 1570 1384 1605 habenae
1418 1567 1613 1607 vocantur,

131 1650 215 1674 cum
251 1637 314 1679 eis,
351 1639 395 1672 ut
432 1636 517 1682 equi
554 1634 720 1676 habenis,
761 1633 844 1669 vela
878 1631 1106 1677 dirigantur:
1132 1629 1192 1671 IV,
1220 1628 1307 1675 6793
1332 1627 1375 1670 V,
1400 1626 1489 1668 436;
1515 1625 1613 1666 VlII,

131 1697 218 1742 1393
243 1696 310 1733 Ov.
335 1695 422 1732 fast.
446 1696 512 1737 ΙΠ,
538 1694 623 1736 593;
650 1693 760 1738 Ver-g.
785 1693 879 1729 Aen.
897 1691 966 1731 ·V1,
994 1691 1031 1733 1;
1059 1689 1143 1725 Seu.
1168 1688 1267 1724 Med.
1293 1687 1380 1732 3473
1407 1685 1474 1723 cfr.
1501 1685 1616 1721 etiam

131 1757 182 1792 ad
203 1755 248 1797 V,
273 1755 355 1792 604.

223 1826 305 1863 688.
352 1826 463 1871 Verg.
490 1826 583 1861 Aen.
609 1825 637 1866 1,
663 1824 726 1865 35;
759 1823 944 1866 infindunt
967 1843 1014 1847 —
1038 1821 1154 1856 sulcos
1177 1819 1317 1864 legitur
1342 1818 1435 1854 Aen.
1461 1816 1502 1858 V,
1531 1816 1613 1852 142.

131 1898 210 1923 aere
232 1886 387 1927 tridenti,
425 1886 587 1921 rostrum
615 1883 721 1918 navis
744 1882 911 1918 trifidum
940 1880 1148 1916 invenimus
1180 1878 1295 1915 etiam
1318 1877 1430 1922 Verg.
1455 1877 1547 1911 Aen.
1572 1874 1615 1916 V,

132 1946 201 1982 143
225 1946 423 1982 convolsum
446 1944 552 1979 remis
575 1943 767 1987 rostrisque
790 1941 1000 1976 tridentibus
1025 1950 1171 1984 aequom
1197 1938 1298 1973 idem
1323 1947 1451 1972 versus
1475 1935 1615 1980 legitur

135 2005 228 2047 VIII,
253 2003 344 2050 6903
375 2003 436 2039 Sil.
461 2003 524 2044 VI,
551 2002 621 2037 358
646 2001 760 2044 m'fidi
782 1999 998 2045 splendentis
1021 1999 1061 2033 in
1086 2008 1235 2042 aequore
1258 1996 1378 2032 rostri.

225 2075 306 2112 689.
358 2075 492 2120 Tiphys
517 2074 592 2119 agit
616 2085 666 2108 sc.
691 2083 827 2107 navem
851 2069 1114 2116 gubernand0;
1141 2068 1313 2104 similiter
1344 2067 1431 2103 Hor.
1471 2078 1527 2112 ep.
1567 2065 1614 2107 H,

134 2136 166 2177 1,
204 2135 272 2170 114
308 2135 429 2170 navim
465 2144 567 2179 aqere
604 2133 755 2177 iqnams
789 2130 893 2166 navis
930 2130 1041 2170 timet;
1081 2128 1146 2164 Ov.
1186 2127 1273 2163 fast.
1310 2128 1338 2168 1,
1370 2125 1441 2161 499
1477 2126 1617 2170 iamque

6 2226 7 2230 ,
48 2192 55 2230 j
132 2198 243 2230 ratem
279 2194 402 2237 doctae
436 2193 572 2228 monitu
599 2191 796 2227 Carmentis
830 2190 871 2225 in
906 2199 1042 2223 amnem
1079 2191 1212 2233 eyerat;
1250 2188 1339 2222 met.
1365 2186 1415 2227 11,
1442 2185 1489 2220 60
1524 2185 1618 2220 vasti

51 2259 57 2298 Q
133 2264 267 2299 quoque
289 2257 405 2288 rector
429 2251 571 2298 Olympi
595 2272 639 2278 —
663 2261 737 2286 non
767 2253 853 2295 aqat
882 2249 947 2284 hos
970 2259 1114 2289 curru&
1150 2248 1282 2282 contra
1307 2245 1402 2281 Stat.
1428 2244 1544 2280 Theb.
1572 2242 1615 2284 V,

133 2312 203 2348 412
227 2312 323 2348 dixit
346 2313 521 2348 clavum
544 2312 656 2346 lassat
681 2320 789 2355 aqens
818 2308 964 2353 Tiphys.

226 2382 307 2419 690.
356 2383 457 2419 Item
480 2381 605 2428 parati
629 2382 715 2416 sunt
731 2381 973 2425 Argonautae
999 2378 1049 2413 ad
1072 2378 1172 2412 iussa
1188 2376 1341 2422 Tiphyis
1367 2373 1615 2419 exsequenda.

2 2437 6 2444 ’
42 2431 49 2446 ⁸
135 2443 178 2478 ut
200 2442 360 2478 ministri
384 2441 446 2487 qui
471 2441 609 2477 circum
633 2440 762 2476 Iovem
786 2440 883 2475 sunt.
932 2437 1077 2473 Audaci
1106 2436 1271 2482 imagine
1297 2435 1420 2471 fontes
1453 2433 1617 2469 amnium

137 2501 236 2548 apud
260 2501 392 2538 solium
416 2501 515 2539 Iovis
542 2511 622 2536 esse
647 2499 739 2534 dicit
761 2498 947 2534 Valerius:
985 2497 1166 2532 imbribus
1197 2495 1340 2531 scilicet
1363 2494 1461 2531 Iovis
1494 2493 1616 2528 fontes

138 2559 302 2603 dantum
329 2560 395 2597 cfr.
420 2572 611 2595 nummum
635 2558 736 2605 apud
761 2556 1117 2594 MueHer-Wieseler
1142 2555 1189 2596 H,
1217 2555 1248 2596 2,
1277 2555 1331 2596 14,
1358 2553 1422 2588 ubi
1447 2551 1618 2597 Iuppiter

137 2618 177 2655 in
200 2619 292 2655 solio
316 2619 449 2655 sedens
472 2618 640 2665 pluviam
662 2617 702 2652 in
727 2617 839 2653 deum
862 2616 965 2651 fluvii
990 2614 1167 2651 demittit.

230 2689 312 2726 694.
362 2689 470 2735 Verg,
496 2689 590 2726 Aen.
614 2689 661 2731 X,
687 2688 767 2724 843.

1615 1196 1670 1226 695
