1890 3100
259 247 282 288 7
287 246 314 289 6
786 246 823 282 C.
849 246 1031 283 VALERI
1055 247 1231 284 FLACCI

363 378 445 403 non
472 371 626 405 metuat
655 366 719 405 cui
746 379 872 418 regna
900 367 1007 415 ratis,
1045 368 1109 406 cui
1135 367 1296 408 tradere
1327 370 1515 410 caelum«
1559 358 1857 417 s,.v.=„v3-.⁴x⁴1‘»2w³

364 430 532 470 adsidua
559 432 715 483 Tiphys
744 432 900 471 vultum
929 433 1102 472 lassatus
1132 434 1181 472 ab
1210 434 1348 474 Arcto.
1385 464 1418 479 f...
1453 448 1479 480 ς,
1599 475 1610 487 f
1667 479 1703 492 Η

362 501 504 535 taurea
532 497 720 537 vulnifico
748 503 881 549 portat
910 498 1147 551 caelataque
1175 499 1339 551 plumbo
1552 512 1554 514 ’
1607 489 1619 496 ²
1636 488 1650 494 ἢ
1749 519 1804 550 420

362 568 477 613 terga
505 563 652 610 Lacon,
684 562 827 602 saltem
855 564 897 602 in
924 577 1074 603 vacuos
1103 570 1148 603 ut
1175 565 1365 604 bracchia
1391 571 1535 606 ventos

363 634 526 679 spargat
555 634 595 668 et
625 628 841 668 Oebalium
868 629 1068 680 Pagaseia
1094 631 1239 682 puppis
1269 630 1474 671 alumnum

363 699 519 745 spectet
548 707 690 734 securo
720 694 993 734 celebrantem
1022 695 1140 734 litora
1167 695 1276 744 ludo,

363 771 512 811 oraque
539 760 777 799 Thessalico
806 760 948 799 melior
975 760 1223 800 contundere
1252 761 1366 801 freno

253 906 527 953 interrogativo
551 908 763 954 postposito
790 908 856 944 cfr.
884 908 969 952 768;
1008 908 1057 955 ΙΙ,
1083 909 1148 951 66;
1187 909 1249 953 68;
1288 910 1378 953 242;
1412 909 1495 953 VIL
1521 911 1592 947 426
1607 925 1615 954 ;
1652 912 1746 956 427;

253 966 339 1010 433;
377 967 445 1008 ΠΙ,
472 967 541 1003 376
568 968 773 1013 (quisnam).

347 1039 427 1074 418.
478 1050 589 1085 reyna
621 1040 714 1075 ratis
743 1041 787 1075 ut
819 1039 1019 1086 imperium
1045 1040 1196 1077 carinae
1221 1041 1263 1082 V,
1292 1041 1346 1076 14.
1384 1041 1630 1088 Anaphoram
1662 1055 1747 1089 pro-

252 1098 411 1134 nominis
437 1099 588 1135 relativi
613 1100 717 1134 amat
741 1099 928 1142 Valerius,
963 1101 1028 1136 cfr.
1052 1099 1080 1142 I,
1109 1100 1194 1144 768;
1232 1100 1323 1144 812;
1360 1100 1428 1143 ΠΙ,
1454 1101 1518 1148 94;
1544 1102 1631 1145 252;
1658 1102 1746 1146 505;

252 1156 338 1199 592;
364 1157 427 1199 IV,
456 1157 540 1201 179;
566 1157 630 1200 VI,
657 1158 743 1202 355;
769 1159 859 1202 414;
886 1158 968 1195 581.
1018 1158 1206 1204 (Schmitz,
1245 1159 1292 1196 de
1317 1159 1400 1196 Val.
1433 1160 1583 1197 dicendi
1607 1173 1746 1208 genere

251 1229 288 1263 p.
320 1217 393 1261 25.)

346 1288 427 1324 419.
479 1289 633 1325 adsidua
657 1311 702 1316 —
728 1290 773 1326 ab
798 1290 926 1336 Arcto3
965 1290 1100 1327 omisso
1125 1290 1243 1327 verbo
1268 1290 1480 1328 necessario
1506 1292 1744 1338 sequebatur,

251 1349 295 1384 ut
326 1348 466 1384 assidui
498 1349 603 1386 not10
636 1350 685 1385 ad
709 1349 867 1386 Arctum
897 1350 1078 1387 transiret
1118 1351 1157 1386 et
1194 1350 1423 1387 adjectivum
1458 1360 1537 1398 pro·
1565 1351 1745 1389 adverbio

252 1409 469 1453 poneretur.

346 1479 428 1516 420.
478 1483 613 1526 leryum
646 1491 760 1526 saepe
794 1481 895 1526 apud
918 1482 1051 1527 poetas
1077 1480 1214 1517 dicitur
1240 1481 1287 1518 de
1312 1482 1424 1518 rebus
1458 1493 1504 1518 ex
1535 1482 1635 1519 corio
1669 1483 1745 1520 fac-

250 1538 310 1582 tis,
349 1539 397 1575 de
435 1539 622 1575 caestibus
648 1539 759 1585 Verg.
791 1540 884 1578 Aen.
910 1541 954 1583 V,
980 1540 1068 1587 403;
1105 1540 1191 1584 4193
1231 1541 1283 1576 sic
1319 1542 1474 1587 teymim
1505 1541 1600 1579 Stat.
1626 1542 1743 1579 Theb.

250 1597 314 1640 VI,
342 1598 422 1636 733.

346 1659 458 1695 celera
481 1658 579 1701 Vat„
618 1659 821 1704 caelataque
846 1659 925 1695 cod.
956 1659 1057 1697 Carr.
1089 1661 1227 1697 caelata
1252 1661 1400 1706 plumbo
1434 1660 1609 1697 dicuntur
1641 1661 1746 1697 facili

250 1717 498 1754 translatione
541 1719 584 1753 ut
614 1717 656 1760 V,
696 1718 718 1753 6
759 1719 897 1754 caelata
935 1719 1131 1762 velamina;
1172 1720 1216 1755 ut
1257 1720 1357 1756 em’m
1397 1719 1491 1757 levis
1531 1720 1745 1766 superficies

250 1777 396 1812 metalli
422 1777 536 1822 signis
563 1777 741 1819 caelatur,
775 1778 819 1812 ut
845 1788 889 1813 ea
915 1778 1116 1820 emineant,
1152 1779 1285 1815 eodem
1310 1779 1390 1816 fere
1415 1779 1528 1816 modo
1550 1780 1746 1826 plumbum

251 1847 296 1872 ex
323 1835 412 1873 corii
445 1836 640 1882 superficie
672 1836 824 1875 eminet.
876 1836 1051 1874 Ceterum
1075 1850 1150 1873 non
1175 1838 1255 1874 sine
1279 1838 1550 1884 probabilitate
1577 1838 1746 1877 Chauvin

251 1907 366 1933 revue
400 1896 448 1932 de
479 1896 608 1942 philol.
643 1896 733 1932 XIX
765 1909 803 1942 p.
833 1897 879 1933 34
914 1897 1073 1934 coniecit
1105 1898 1194 1934 celer
1218 1908 1348 1943 aspera
1365 1899 1513 1945 plumbo
1546 1899 1630 1936 coll.
1654 1899 1745 1938 locis

249 1955 360 2001 Verg.
390 1956 428 1991 et
454 1955 502 1992 de
527 1957 616 1991 celer
641 1955 828 1992 adjectivo
854 1955 935 1991 Val.
961 1956 990 1998 Ι,
1018 1956 1097 1992 355.
1178 1971 1179 1974 ¹

344 2028 425 2063 421.
475 2027 609 2069 Lacon,
635 2027 778 2069 Pollux.
806 2027 870 2073 qui
887 2029 1035 2063 caestus
1053 2029 1213 2073 gerebat
1237 2040 1313 2065 non
1339 2029 1388 2065 ad
1404 2040 1572 2076 pugnam
1594 2029 1743 2074 iustam,

250 2086 345 2123 scire
372 2087 471 2122 enim
495 2088 578 2122 tum
602 2098 678 2123 non
702 2088 865 2132 poterat,
904 2087 977 2123 sibi
1002 2098 1082 2124 rem
1116 2087 1251 2124 seriam
1277 2087 1445 2124 futuram
1477 2100 1561 2125 cum
1590 2090 1742 2135 Amyco.

180 2162 181 2166 ¹
249 2148 290 2182 in
313 2157 445 2182 vacuos
470 2168 516 2174 —-
540 2150 671 2189 ventos,
700 2146 767 2182 cfr.
793 2146 857 2189 IV,
883 2147 970 2190 302;
997 2147 1098 2189 VHI,
1127 2147 1206 2184 173.

344 2217 424 2251 422.
476 2217 645 2252 bracchia
669 2238 715 2244 -—
739 2221 900 2264 spargat,
927 2218 970 2253 ut
996 2217 1090 2253 Stat.
1117 2219 1209 2256 Ach.
1235 2218 1286 2261 ΙΙ,
1311 2219 1382 2255 441
1406 2230 1462 2266 ep.
1483 2224 1641 2263 caestum
1673 2220 1744 2259 Iau-

250 2287 332 2311 can.
358 2275 421 2318 IV,
449 2276 518 2311 752
543 2277 665 2319 ἐτώσια
694 2277 823 2315 Claud.
851 2277 898 2313 de
925 2288 1022 2313 cons.
1051 2277 1132 2314 Stil.
1158 2278 1228 2320 ΙΠ,
1256 2278 1326 2313 140
1342 2279 1511 2325 cli-werdt
1534 2300 1579 2308 -—-
1603 2291 1742 2323 mamam

251 2334 318 2371 cfr.
345 2335 394 2370 ad
418 2335 489 2380 III,
517 2335 586 2370 603
601 2349 609 2378 ;
637 2336 684 2371 de
709 2336 899 2373 sententia
923 2336 997 2372 vid.
1024 2336 1137 2382 Verg.
1154 2337 1245 2373 Aen.
1272 2337 1314 2380 V,
1342 2338 1411 2374 377
1435 2338 1743 2377 wheratictibus

251 2405 378 2437 auras;
405 2394 487 2436 XII,
516 2395 584 2429 105
609 2399 798 2440 ventosque
823 2396 963 2431 lacessit
986 2396 1125 2433 ictibus.

345 2466 427 2505 422.
479 2465 646 2502 Oebalius
672 2467 837 2502 alumnus
852 2466 985 2502 Pollux
1011 2466 1148 2503 dicitur
1166 2467 1214 2503 ab
1234 2467 1387 2511 Oebalo,
1413 2469 1523 2514 patre
1541 2468 1742 2514 Tyndarei.

344 2524 424 2560 423.
476 2526 704 2560 celebrantem
737 2526 860 2561 littora
896 2525 922 2563 i.
961 2537 990 2562 e.
1030 2537 1169 2572 magna
1205 2527 1448 2564 multitudine
1488 2528 1740 2574 spectantium

252 2583 519 2630 complentem;
545 2584 715 2620 imitatus
742 2586 800 2620 est
824 2585 995 2621 Valerius
1020 2586 1138 2622 verba
1163 2585 1273 2633 Verg.
1299 2587 1392 2624 Aen.
1416 2586 1484 2630 m,
1523 2586 1594 2623 280
1617 2587 1741 2626 Actia·

250 2653 316 2688 que
341 2643 473 2679 Iliacis
498 2644 713 2679 celebramus
738 2644 860 2679 littora
886 2644 989 2681 ludis.

344 2715 426 2751 424.
451 2716 574 2751 melior
598 2726 647 2751 sc.
675 2726 786 2760 quam
812 2715 949 2759 frater;
976 2727 1035 2752 res
1060 2716 1143 2763 ipsa
1166 2716 1362 2754 notissima
1385 2716 1474 2754 inde
1499 2717 1549 2753 ab
1578 2717 1740 2756 Homero
