1890 3100
254 221 340 263 254
723 208 726 212 '
802 217 838 252 c.
864 215 1045 251 VALERI
1071 215 1245 251 FLAom

360 342 445 375 tum
474 337 530 375 sic
560 336 804 388 adloquitur:
837 341 1056 388 ‘procerum
1085 336 1125 372 vi
1153 334 1292 386 pulsus
1321 334 1458 386 iniqua

361 402 622 454 germanique
651 415 772 439 manu
801 402 978 454 (repetis,
1011 415 1088 454 quo
1119 400 1298 452 crimine)
1328 400 1473 438 Perses

360 467 587 505 barbaricas
616 467 695 505 iam
725 467 847 505 movit
876 479 973 518 opes
1003 467 1275 517 Hyrcanaque
1307 465 1438 516 signa:

362 533 516 571 Aeetes
547 538 685 571 contra.
713 533 898 571 thalamis
930 538 969 571 et
998 532 1151 583 virgine
1181 537 1299 583 pacta
1742 528 1796 558 495

362 598 550 636 conciliat
578 611 695 649 reges
728 598 952 649 Scythicos,
983 598 1214 650 primusque
1244 602 1382 636 coacta

363 662 526 702 advehit
553 663 714 702 Albana
742 663 887 715 Styrus
917 676 1042 715 gener
1071 663 1230 714 agmina
1257 668 1381 714 porta.

361 728 514 767 bellum
541 729 697 780 ingens,
728 735 849 782 atque
877 730 964 780 ipse
996 729 1082 766 citis
1114 727 1314 767 Gradivus
1344 726 1512 765 habenis

361 794 493 832 fundit
521 807 657 847 equos.
701 794 823 833 viden
850 794 1001 832 Arctoo
1031 793 1080 832 de
1113 793 1276 831 cardine
1308 798 1457 844 quanta

361 860 477 898 tollat
506 873 549 898 se
579 860 706 899 nubes
737 865 856 912 atque
887 860 1050 897 aethere
1078 858 1254 910 pendeat
1283 857 1395 896 atro}>
1746 849 1800 878 500

363 925 517 976 corripe
546 926 674 976 prima
701 926 808 973 vias3
839 925 960 962 finem
990 938 1078 962 cum
1107 922 1296 961 Phasidis
1321 923 1392 961 alti

363 991 568 1028 transierit
595 990 740 1028 Perses
771 990 978 1042 aciemque
1008 988 1230 1027 admoverit
1257 988 1356 1036 urbi,

365 1061 509 1107 coepta
536 1055 643 1093 refer
669 1055 914 1107 paulumque
943 1067 1072 1092 moras
1103 1060 1143 1092 et
1170 1053 1336 1092 foedera
1363 1058 1480 1092 necte

367 1121 544 1159 consiliis
574 1128 694 1173 atque
724 1127 808 1160 arte
838 1127 918 1159 tua.
977 1120 1129 1172 sponde
1159 1119 1297 1158 adfore
1326 1132 1444 1171 reges

368 1186 426 1224 dis
456 1188 627 1238 genitos,
659 1187 746 1239 quis
777 1201 886 1225 arma
913 1186 1067 1234 volens,
1099 1187 1185 1238 quis
1216 1186 1375 1237 agmina
1402 1184 1565 1236 iungat.’
1750 1180 1803 1209 505

369 1258 408 1290 at
437 1253 562 1304 virgo,
594 1265 835 1304 quamquam
863 1251 1029 1290 insidias
1060 1256 1253 1303 astusque
1282 1263 1483 1288 novercae

354 1371 434 1406 492.
485 1371 541 1407 De
555 1370 794 1406 contentione
808 1370 907 1406 inter
919 1370 1078 1406 Aeetam
1092 1371 1131 1405 et
1143 1370 1283 1405 Persen
1299 1369 1382 1404 orta
1399 1368 1485 1417 vide
1503 1369 1545 1409 V,
1564 1367 1634 1402 265
1647 1378 1750 1412 seqq.

354 1442 434 1477 493.
470 1443 596 1477 Perses
626 1443 683 1477 est
711 1441 807 1476 filius
838 1440 931 1476 Solis
957 1442 995 1477 et
1025 1441 1143 1476 frater
1172 1440 1324 1481 Aeetae,
1356 1439 1430 1475 vid.
1462 1439 1556 1484 Hyg.
1593 1438 1668 1474 fab.
1687 1439 1749 1480 27;

261 1503 349 1545 224;
375 1515 411 1547 p.
439 1502 484 1536 12
510 1501 631 1536 Schm.

355 1561 436 1596 494.
488 1561 729 1607 Hyrcanaque
766 1561 886 1605 siyna3
942 1559 1060 1594 utitur
1104 1561 1143 1595 et
1184 1560 1253 1595 hoc
1288 1558 1473 1595 adiectivo
1505 1557 1674 1593 Valerius
1714 1558 1753 1592 et

263 1633 316 1661 eo,
344 1621 443 1666 quod
461 1620 598 1665 legitur
615 1619 696 1661 496,
717 1619 900 1665 Scythicos
913 1620 1021 1664 reges
1047 1630 1121 1654 non
1146 1618 1298 1654 notione
1323 1617 1474 1663 proprie
1491 1616 1751 1663 geographica,

261 1682 305 1715 ut
342 1680 484 1715 certam
519 1679 682 1724 aliquam
720 1678 912 1725 regionem
939 1678 1122 1723 designet,
1160 1677 1226 1713 sed
1264 1677 1413 1713 omnino
1448 1677 1498 1712 ad
1534 1675 1753 1711 indicandas

263 1740 395 1785 gentes
413 1739 451 1773 in
477 1738 608 1774 ultimo
627 1738 771 1774 oriente
791 1738 1016 1773 habitantes.
1070 1737 1242 1773 Ceterum
1270 1737 1340 1772 sibi
1356 1737 1470 1782 poeta
1495 1747 1571 1772 non
1587 1734 1755 1771 constitit

262 1800 302 1834 in
327 1799 434 1835 sociis
460 1798 652 1843 utriusque
691 1797 794 1832 ducis
833 1797 1083 1842 designandis,
1123 1796 1188 1832 cfr.
1215 1796 1276 1838 VI,
1303 1797 1348 1831 34
1388 1797 1426 1832 et
1463 1806 1558 1840 quae
1584 1795 1755 1830 dicentur

264 1859 313 1894 ad
343 1858 385 1900 V,
412 1858 493 1894 606.

359 1918 440 1953 497.
488 1928 594 1963 ρεπεν
631 1929 681 1952 sc.
714 1916 878 1959 futurus3
917 1917 968 1952 sic
993 1916 1104 1961 Verg.
1130 1918 1220 1951 Aen.
1248 1916 1292 1957 ΙΙ,
1320 1915 1408 1957 344;
1447 1914 1529 1950 Tib.
1555 1913 1603 1955 Π,
1629 1914 1662 1956 2,
1691 1913 1753 1956 13;

264 1989 362 2013 socer
399 1977 482 2013 Ter.
521 1977 636 2012 Andr.
665 1976 751 2024 792;
789 1978 945 2012 coniunx
968 1976 1078 2021 Verg.
1107 1976 1174 2012 ecl.
1199 1975 1299 2016 VIII,
1327 1974 1372 2010 18
1399 1975 1437 2010 et
1461 1974 1522 2016 66;
1562 1974 1652 2009 Aen.
1673 1972 1753 2013 VII,
1779 1986 1788 1989 ·

267 2037 352 2082 189;
392 2037 473 2072 Tib.
512 2037 581 2078 ΙΙΙ,
608 2037 640 2079 2,
667 2037 707 2083 43
744 2037 896 2071 maritus
919 2037 1031 2081 Verg.
1072 2035 1139 2073 ecl.
1168 2034 1265 2077 VIII,
1291 2034 1354 2076 30;
1392 2034 1484 2070 Aen.
1510 2033 1572 2075 IV,
1599 2032 1663 2077 35;
1700 2033 1761 2068 vir

266 2097 348 2132 Tib.
375 2096 443 2137 ΙΙΙ,
471 2097 503 2138 2,
531 2096 586 2131 13.

362 2156 542 2191 Albanam
560 2160 708 2201 portam
727 2155 880 2201 Caspias
910 2156 1039 2200 portas
1058 2154 1227 2190 Valerius
1244 2154 1395 2190 videtur
1412 2153 1545 2193 dicere,
1574 2151 1641 2187 cfr.
1659 2151 1752 2187 Plin.

269 2217 345 2250 nat.
372 2215 457 2252 hist.
483 2215 543 2256 VI.
571 2215 629 2251 40.

363 2274 444 2310 499.
492 2274 615 2316 fundit
640 2285 745 2319 equos
768 2275 922 2319 praeter
948 2273 1255 2309 consuetudinem
1281 2273 1422 2307 dictum
1448 2283 1516 2317 pro
1541 2270 1687 2307 incitat.

364 2344 502 2369 carcere
528 2334 623 2378 Vat„
650 2334 795 2368 cardine
819 2333 1003 2368 Heinsius.

363 2393 444 2428 501.
488 2394 622 2438 prima,
647 2404 716 2438 pro
743 2404 786 2428 eo
813 2393 911 2437 quod
938 2394 995 2428 est
1018 2392 1130 2438 prior,
1157 2394 1246 2427 ante
1271 2403 1347 2434 me;
1380 2391 1431 2426 sic
1450 2391 1594 2436 primus
1617 2389 1756 2435 legitur

268 2465 338 2499 pro
374 2452 498 2499 priore
536 2452 651 2487 etiam
687 2452 749 2493 IV,
777 2452 862 2495 3983
901 2452 986 2494 670;
1027 2451 1088 2493 VI,
1114 2452 1199 2493 214;
1241 2451 1307 2487 Ov.
1334 2462 1404 2486 am.
1431 2449 1458 2490 Ι,
1486 2450 1517 2491 7,
1544 2449 1606 2492 32;
1644 2449 1756 2494 Verg.

272 2513 364 2549 Aen.
389 2511 451 2554 VI,
479 2511 558 2546 143.

368 2571 447 2607 503.
497 2571 601 2613 nefas
626 2570 722 2611 Vat..
749 2581 868 2605 moras
892 2570 1094 2604 Burmann.

369 2630 448 2666 505.
498 2630 554 2665 dis
576 2630 730 2675 yenit083
770 2629 837 2664 cfr.
864 2629 913 2664 ad
937 2625 966 2674 I,
995 2630 1026 2664 1.

374 2690 453 2725 506.
504 2693 687 2734 aestusque
711 2689 806 2731 Vat.‚
833 2693 998 2734 astusque
1024 2688 1110 2724 edit.
1138 2688 1229 2724 Bon.
1257 2689 1296 2724 et
1321 2687 1402 2722 Ald.
