1890 3100
249 235 306 278 54
633 268 658 322 ἅ
727 223 741 226 “
765 235 816 331 ῖο.
842 236 1024 272 VALERI
1048 237 1224 273 FLACCI

357 354 625 406 conspicuusq
656 352 678 393 e
706 337 810 410 Qis
834 357 1084 408 Tirynthius.
1143 363 1237 396 exta
1264 359 1433 397 ministri

355 424 470 470 rapta
499 419 619 458 simul
675 420 808 473 eribus
839 421 1114 474 Cereremque
1144 422 1293 462 dedere
1324 424 1516 472 canistris.
1548 417 1670 459 ff'wkfi

197 480 211 529 'f
263 483 279 537 ζ
461 484 629 537 Iamque
659 477 799 525 aderat
828 500 980 525 summo
1011 487 1228 527 decurrens
1255 490 1407 528 vertice
1439 490 1591 529 Chiron
1746 499 1800 530 255

284 550 285 553 ’
355 549 675 603 clamantemque
705 553 809 603 patri
836 552 978 604 procul
1007 553 1248 592 ostendebat
1274 554 1475 594 Achillen.

354 621 397 653 ut
425 629 527 667 puer
555 616 606 654 ad
633 623 752 656 notas
786 624 963 657 erectum
991 619 1118 657 Pelea
1146 633 1267 658 voces
1456 655 1465 674 ·,

354 680 452 719 vidit
482 686 531 727 et*
549 682 709 733 ingenti
737 683 971 722 tendentem
1000 684 1187 723 bracchia
1215 699 1349 737 passu,
1421 675 1600 772 fffflst

354 745 517 784 adsiluit
546 760 719 800 caraque
750 748 817 786 diu
847 750 1003 788 cervice
1033 750 1241 801 pependit.
1553 773 1556 778 .

352 811 465 850 illum
493 826 570 851 nec
597 813 731 852 valido
762 816 988 866 spumantia
1017 815 1164 867 pocula
1191 816 1353 855 Baccho
1745 826 1800 856 260

365 936 445 972 253.
472 938 750 983 conspicuusque
775 939 879 981 toris;
919 940 1006 974 sunt
1031 939 1094 984 qui
1126 940 1255 976 dicant
1287 941 1336 976 ad
1360 941 1562 977 Herculem
1592 944 1746 988 praeter

247 997 392 1032 ceteros
417 997 678 1032 honorandum
705 998 738 1033 ei
762 997 938 1043 pulvinar
963 999 1197 1034 substratum
1223 1011 1314 1042 esse,
1342 1001 1441 1046 quod
1466 1002 1616 1038 omnino
1643 1002 1746 1038 credi

245 1067 319 1090 non
354 1057 491 1101 potest,
530 1068 661 1092 verum
693 1057 919 1092 describitur
953 1059 1024 1094 hoc
1055 1071 1129 1094 uno
1162 1059 1348 1096 adjectivo
1373 1060 1490 1096 moles
1516 1061 1681 1107 corporis
1707 1063 1746 1098 et

244 1115 358 1150 robur
382 1115 552 1151 Herculis
585 1116 757 1152 similiter
782 1118 907 1164 atque,
932 1119 976 1152 ut
1000 1119 1071 1154 hoc
1103 1119 1272 1165 exemplo
1296 1121 1391 1162 utar,
1417 1121 1657 1166 pulchritudo
1682 1121 1745 1156 Iu-

245 1174 350 1209 nonis
377 1175 478 1220 apud
502 1175 707 1211 Homerum
734 1187 788 1218 eo,
816 1177 915 1221 quod
940 1180 1141 1219 λευκώλενος
1167 1178 1321 1226 dicitur3
1347 1178 1422 1215 tori
1446 1181 1534 1214 sunt
1559 1180 1621 1225 qui
1645 1192 1744 1216 nunc

245 1233 419 1269 dicuntur
450 1235 711 1271 bracchiorum
736 1236 903 1278 musculi,
944 1237 1006 1281 qui
1033 1237 1185 1283 proprie
1212 1239 1250 1273 et
1274 1238 1477 1284 praecipue
1502 1239 1654 1275 Herculi
1677 1240 1743 1275 tri-

243 1293 425 1331 buuntur:
462 1294 528 1330 Ov.
554 1295 631 1331 her.
658 1295 722 1338 IX,
750 1295 812 1338 60;
846 1297 937 1333 met.
964 1296 1040 1338 XV,
1067 1297 1138 1332 230
1147 1311 1154 1340 ;
1190 1297 1273 1333 Sen.
1299 1298 1409 1334 Herc.
1435 1298 1507 1333 fur.
1534 1298 1620 1342 624;
1659 1299 1743 1337 Oet.

245 1352 330 1395 751;
356 1353 518 1392 Phaedr.
544 1354 613 1389 807
622 1368 630 1396 ;
662 1354 744 1391 Val.
770 1355 817 1397 II,
847 1355 931 1397 510;
962 1355 1034 1394 Cic.
1061 1356 1168 1395 Tusc.
1194 1357 1243 1403 II⁷
1270 1356 1302 1399 9,
1329 1357 1375 1392 22
1384 1371 1391 1400 ;
1427 1358 1630 1394 admodum
1654 1370 1740 1396 raro

245 1412 292 1447 (le
324 1412 405 1448 aliis
431 1413 652 1456 hominibus,
691 1416 735 1449 ut
772 1414 853 1451 Val.
879 1415 941 1462 IV,
969 1415 1040 1450 245
1065 1416 1112 1452 de
1137 1416 1289 1461 Amyco.
1315 1417 1444 1462 pugile
1469 1417 1641 1460 terribili,
1679 1418 1742 1454 vel

244 1471 353 1508 Prud.
378 1472 506 1518 perist.
527 1476 568 1515 V,
597 1474 665 1508 124
691 1474 738 1509 de
765 1475 939 1510 carnifice
965 1475 1231 1521 crudelissimo,
1256 1476 1369 1522 paulo
1395 1477 1544 1523 saepius
1570 1478 1617 1513 de
1642 1490 1740 1513 mus-

244 1531 335 1566 culis
377 1532 463 1568 colli
499 1533 560 1568 vel
598 1545 777 1578 equorum
811 1534 925 1579 Verg.
963 1546 1091 1580 georg.
1118 1535 1186 1576 III,
1213 1535 1277 1578 81;
1315 1535 1463 1572 Nemes.
1491 1548 1622 1583 cyneg.
1649 1537 1738 1580 295;

244 1590 303 1626 vel
339 1591 458 1627 leonis
494 1591 606 1637 Verg.
644 1593 736 1629 Aen.
776 1593 859 1639 XII,
888 1595 925 1636 7;
952 1593 1104 1640 (Catull.
1131 1594 1187 1637 63,
1215 1595 1290 1641 83)‚·
1326 1595 1507 1641 imprimis
1543 1597 1740 1632 taurorum

243 1649 323 1686 Val.
349 1650 429 1693 VII,
458 1651 548 1697 596‚·
574 1652 639 1687 Ov.
666 1653 756 1688 met.
783 1652 845 1694 IX,
872 1653 934 1696 82;
980 1653 1044 1691 Sil:
1069 1653 1111 1696 V,
1139 1654 1225 1697 313;
1255 1654 1428 1701 Calpurn.
1452 1655 1534 1697 VII,
1561 1655 1626 1698 61;
1652 1655 1736 1692 Sen.

242 1709 402 1746 Phaedr.
431 1710 539 1754 10423
566 1711 676 1747 Drac.
702 1711 744 1754 V,
771 1712 852 1748 315.

361 1781 441 1818 254.
468 1786 585 1827 rapta,
614 1783 787 1819 celeriter
813 1784 978 1830 dempta,
1005 1784 1176 1821 similiter
1193 1785 1235 1828 V,
1262 1786 1332 1820 244
1339 1799 1351 1831 ,·
1374 1785 1438 1829 VI,
1464 1786 1551 1829 318;
1575 1786 1738 1832 primum

243 1841 344 1886 apud
368 1840 575 1887 Vergilium
600 1854 701 1877 amna
733 1854 859 1887 rapere
883 1843 904 1878 i.
933 1855 963 1880 e.
992 1844 1166 1880 celeriter
1192 1845 1380 1891 corripere
1411 1845 1611 1887 invenitur,
1649 1846 1738 1882 inde

243 1900 377 1935 similia
416 1901 517 1946 apud
554 1913 681 1937 omnes
718 1904 851 1948 poetas
891 1903 1024 1948 epicos,
1058 1904 1266 1946 Horatium,
1301 1904 1485 1947 Ovidium,
1522 1905 1736 1949 Manilium;

243 1959 309 1995 cfr.
347 1959 428 1995 Val.
467 1965 576 2005 rapta
612 1962 774 1997 consistit
810 1962 849 1997 in
890 1963 996 1998 hasta
1019 1962 1119 2005 VIII,
1148 1963 1216 1998 133
1243 1964 1282 1999 et
1306 1964 1334 2006 I,
1360 1964 1431 1999 264
1456 1966 1577 2000 oscula
1600 1975 1736 2010 rapere,

241 2030 392 2063 prorsus
419 2019 494 2054 alia
518 2020 708 2056 sententia
734 2020 873 2056 dictum
900 2023 1013 2066 atque
1040 2022 1141 2068 apud
1165 2022 1364 2058 Horatium
1390 2035 1419 2059 c.
1445 2023 1493 2065 ΙΙ,
1522 2023 1578 2069 12,
1603 2023 1659 2059 28.

337 2091 417 2126 lam
448 2091 616 2136 sequitur
642 2092 905 2127 venustissima
932 2094 970 2128 et
996 2094 1045 2128 ad
1070 2093 1272 2130 veritatem
1299 2105 1474 2140 expressa
1498 2094 1635 2141 imago,
1661 2106 1735 2141 qua

243 2150 282 2185 et
317 2150 471 2195 puerilis
510 2162 601 2196 erga
637 2152 787 2197 patrem
824 2152 981 2188 affectus
1020 2154 1060 2189 et
1097 2153 1241 2188 animus
1278 2153 1397 2188 futuri
1432 2154 1557 2190 herois
1595 2154 1735 2200 optime

243 2208 460 2254 depingitur
467 2223 479 2254 ‚·
503 2210 551 2245 ab
577 2210 658 2255 ipso
684 2211 834 2247 Valerio
851 2211 964 2257 longe
980 2212 1162 2258 pleraque
1178 2212 1334 2248 inventa
1352 2214 1448 2256 sunt,
1475 2213 1600 2265 brevis
1623 2213 1735 2250 modo

243 2269 548 2304 commemoratio
592 2269 761 2305 Chironis
805 2272 843 2306 et
883 2271 1038 2307 Achillis
1078 2272 1269 2308 invenitur
1310 2273 1411 2318 apud
1450 2273 1571 2319 Apoll.
1611 2273 1638 2315 I,
1666 2273 1735 2309 553

242 2337 343 2372 seqq.
396 2327 571 2363 Ceterum
602 2328 735 2365 Catull.
766 2330 894 2372 LXIV,
923 2331 967 2365 19
997 2342 1098 2377 seqq.
1125 2333 1266 2374 narrat,
1297 2332 1451 2368 Peleum
1479 2333 1564 2378 post
1591 2331 1735 2368 factam

242 2386 392 2422 demum
418 2387 696 2432 expeditionem
721 2388 921 2425 Thetidem
945 2390 984 2425 in
1008 2390 1288 2427 matrimonium
1313 2391 1472 2427 duxisse.

360 2457 440 2494 258.
466 2458 603 2503 inqenti
626 2480 673 2486 —
691 2470 808 2503 passu
842 2460 1033 2496 Heinsium
1064 2463 1167 2498 recte
1199 2463 1292 2507 puto
1325 2462 1619 2508 interpretatum
1653 2474 1734 2500 esse

241 2517 289 2553 de
314 2517 508 2563 bracchiis,
536 2529 760 2563 quamquam
788 2520 959 2565 exempla
985 2521 1059 2555 alia
1085 2521 1236 2564 desunt3
1264 2523 1305 2556 at
1328 2521 1479 2557 videtur
1494 2522 1589 2558 haec
1611 2522 1734 2568 prima

242 2578 281 2612 et
309 2576 463 2623 propria
493 2577 596 2612 notio
629 2577 753 2619 fuisse,
799 2580 861 2614 cfr.
888 2579 1104 2615 Woelflinii
1131 2581 1230 2617 arch.
1256 2581 1323 2616 lat.
1353 2581 1529 2627 lexicogr.
1555 2581 1618 2624 VI,
1652 2582 1732 2620 567.

359 2647 440 2685 260.
466 2648 584 2683 valido
611 2669 653 2674 —
680 2649 835 2691 Baccho,
861 2662 1011 2700 prorsus
1037 2652 1080 2685 ut
1110 2663 1176 2687 nos
1203 2651 1381 2687 Germani
1406 2651 1562 2688 dicimus
1589 2652 1732 2689 ‘ln-affi-

241 2718 309 2752 ger
325 2707 465 2750 Wein’;
491 2707 592 2743 idem
616 2707 806 2743 invenitur
828 2709 892 2745 Ov.
920 2711 1010 2746 met.
1037 2710 1113 2752 XV,
1140 2711 1226 2753 324;
1254 2710 1340 2747 fast.
1366 2710 1429 2753 VI,
1456 2711 1524 2747 677
1535 2716 1549 2755 ;“
1561 2712 1732 2750 similiter
