1890 3100
236 225 292 268 90
763 223 800 260 C.
826 223 1007 258 VALERI
1033 222 1207 259 FLACCI

343 343 482 382 abnuit
510 343 631 382 Inoas
660 343 766 382 ultor
793 356 869 382 nec
897 343 1009 382 venit
1038 342 1089 381 ad
1118 357 1218 390 aras,

342 409 497 460 imperii
527 408 599 448 sed
627 414 741 462 parte
769 409 897 447 virum
926 414 1127 461 nataeque
1156 414 1332 447 moratus

276 520 279 529 Ἴ,
343 475 527 526 coniugio
556 474 668 513 videt
697 488 719 513 e
750 474 873 514 Graia
900 488 1007 514 nunc
1036 475 1157 526 stirpe
1186 480 1354 526 nepotes

266 540 278 583 Ϊ
343 546 383 579 et
411 540 551 592 generi
579 546 698 578 vocat
726 539 933 578 adiunctas
964 540 1039 578 sibi
1074 540 1268 591 sanguine
1300 546 1440 578 terras.

340 605 458 644 flecte
487 611 614 644 ratem
643 611 868 658 motusque,
898 611 1024 657 pater,
1054 619 1130 644 nec
1157 605 1326 644 vulnere
1354 610 1490 643 nostro
1725 623 1779 653 525

343 684 520 723 aequora
547 670 681 723 pande
710 671 825 709 viris:
855 671 1005 710 veteris
1035 676 1097 709 sat
1126 671 1285 710 conscia
1311 671 1443 708 luctus

343 736 445 774 silva
472 735 572 774 Padi
603 741 643 774 et
671 736 756 775 viso
786 736 928 775 flentes
958 737 1141 788 genitore
1171 736 1352 774 sorores.'

343 801 528 840 adfremit
557 802 618 840 his
649 808 893 854 quassatque
924 807 1043 854 caput
1071 803 1139 854 qui
1166 801 1321 840 vellera
1350 801 1454 840 dono

221 862 586 926 Mfflbellipotens
617 868 691 905 sibi
719 867 800 905 fixa
828 867 950 915 videt,
969 873 1257 921 'temptataque
1287 872 1426 905 contra
1476 854 1652 893 lamanai.

343 932 478 971 Pallas
509 939 549 971 ct
578 933 782 971 amborum
812 933 964 991 gemuit
994 933 1182 971 Saturnia
1211 938 1390 985 questus
1729 949 1784 980 530

330 1094 410 1128 521.
461 1093 518 1129 De
544 1104 606 1128 nec
630 1093 839 1139 particulae
865 1093 1111 1129 collocatione
1137 1092 1204 1129 cfr.
1231 1092 1280 1128 ad
1305 1104 1339 1128 v.
1357 1092 1439 1128 261.

331 1166 411 1200 524.
463 1169 495 1200 et
517 1176 664 1211 qeneros
694 1169 795 1200 vocat
827 1169 858 1200 et
889 1166 1031 1200 iunctas
1063 1165 1239 1210 corrupta
1263 1163 1348 1199 Vat.
1382 1163 1579 1209 scriptura,
1618 1175 1729 1209 quam

237 1225 442 1261 defendere
460 1236 535 1260 non
554 1225 645 1260 licet
661 1225 743 1260 loco
751 1225 864 1270 Verg.
878 1225 969 1262 Aen.
984 1223 1068 1265 ΧΠ,
1083 1224 1151 1258 657
1171 1235 1283 1268 seqq.;
1311 1234 1354 1259 en
1369 1226 1507 1259 teneros
1524 1223 1727 1266 Baehrens,

237 1285 304 1320 sed
328 1295 398 1320 nec
423 1295 466 1319 en
489 1284 583 1319 illud
607 1284 736 1330 placet
760 1295 830 1320 nec
855 1285 1013 1329 nepotes
1038 1283 1182 1319 Aeetae
1207 1283 1283 1318 iam
1320 1282 1441 1318 adulti
1477 1283 1582 1319 recte
1607 1282 1730 1319 teneri
1789 1282 1792 1286 ’

238 1344 429 1387 dicuntur;
466 1355 593 1390 yenero
618 1348 720 1379 vocat
750 1345 817 1379 has
843 1343 1015 1385 Schenkl
1056 1343 1155 1388 quod
1193 1354 1268 1378 non
1291 1341 1531 1388 probandum
1567 1342 1727 1386 videtur,

237 1403 324 1449 quia
350 1405 417 1438 aut
451 1414 579 1449 qenero
619 1405 685 1438 aut
721 1404 896 1449 sanquine
934 1413 1252 1450 supervacaneum
1291 1402 1364 1444 est3
1402 1401 1530 1447 recepi
1562 1401 1728 1438 'Philonis

237 1463 490 1499 coniecturam
515 1463 554 1498 in
580 1463 888 1499 adnotationibus
913 1459 1112 1508 prolatam.

330 1527 455 1564 terras,
483 1522 712 1558 audiendum
739 1521 873 1558 Graias
899 1534 944 1558 ex
970 1522 1034 1563 eis,
1063 1533 1160 1567 quae
1185 1520 1426 1557 antecedunt.

331 1594 411 1630 525.
461 1598 574 1630 vatem
597 1598 780 1640 motusque
803 1594 824 1629 i.
855 1606 883 1630 e.
911 1593 1004 1629 ratis
1029 1594 1183 1635 motum
1211 1604 1368 1628 cursum.

330 1655 473 1690 vulnere
496 1658 630 1700 nostro,
657 1654 723 1690 cfr.
751 1654 800 1689 ad
827 1654 905 1690 158.

331 1726 410 1760 526.
461 1730 519 1761 sat
536 1726 677 1762 conseia
695 1747 737 1752 —
756 1726 848 1761 silva
871 1725 894 1762 i.
923 1736 952 1761 e.
981 1725 1072 1760 satis
1089 1725 1181 1760 mihi
1200 1727 1257 1762 est
1275 1725 1460 1762 consciam
1481 1737 1562 1762 esse
1579 1725 1728 1768 silvam;

234 1785 382 1831 poetice
408 1785 524 1821 silvae
551 1784 779 1821 conscientia
803 1785 998 1827 tribuitur;
1038 1784 1104 1820 cfr.
1131 1785 1200 1827 HI,
1228 1785 1296 1820 584
1315 1789 1428 1830 pavet
1451 1786 1566 1821 omnis
1589 1785 1731 1821 conada

235 1845 304 1879 late
340 1845 431 1880 silva
464 1845 503 1880 et
528 1844 590 1886 IV,
618 1844 688 1879 356
725 1848 899 1889 anm-aque
936 1845 1128 1889 depremae
1165 1848 1384 1881 tremuerunt
1419 1845 1560 1881 conseia
1585 1845 1727 1890 eulpam

234 1903 402 1939 indicare
426 1905 579 1949 poetam
606 1903 760 1940 exitium
783 1903 1004 1939 Phaetontis
1030 1915 1106 1939 non
1130 1915 1222 1950 opus
1249 1905 1307 1940 est
1332 1904 1468 1941 dicere.

329 1975 409 2011 528.
461 1975 628 2018 adfremit
652 1976 718 2017 his,
759 1975 954 2011 fremendo
981 1975 1195 2017 assentitur,
1233 1976 1277 2010 ut
1301 1976 1458 2011 adnuere
1482 1975 1632 2012 nuendo
1657 1986 1728 2012 ass.

330 2046 410 2082 530.
458 2048 590 2092 qemuz't
604 2046 758 2092 ponitur
773 2058 843 2092 pro
859 2047 997 2092 plurali
1020 2048 1253 2092 gemuerunt,
1282 2046 1349 2083 cfr.
1373 2047 1422 2082 ad
1440 2047 1519 2092 136,
1545 2047 1593 2083 de
1617 2046 1728 2083 collo-

234 2095 383 2142 catione
408 2106 610 2142 verborum
635 2106 702 2142 cfr.
729 2106 756 2148 Ι,
783 2106 854 2141 483
893 2110 925 2142 et
956 2106 1067 2149 dadin
1102 2106 1182 2149 VII,
1210 2107 1280 2141 426
1305 2117 1374 2151 per
1404 2117 1495 2152 quae
1522 2106 1729 2142 dicer-imma

233 2176 361 2201 mersus
386 2169 418 2200 et
441 2165 568 2200 reddat
593 2177 664 2210 qua
689 2167 769 2211 leye.

329 2224 475 2260 Iamdiu
501 2224 716 2260 dubitatum
744 2226 809 2267 est,
836 2226 963 2260 utrum
989 2229 1227 2271 temptataque
1243 2225 1293 2261 ad
1319 2236 1364 2261 ea
1382 2235 1478 2271 quae
1497 2224 1728 2260 antecedunt

235 2295 284 2319 an
310 2284 359 2319 ad
385 2295 430 2319 ea
456 2295 550 2329 quae
576 2286 782 2329 sequuntur
806 2285 1046 2321 referendum
1071 2285 1136 2327 sit;
1164 2285 1226 2330 qui
1251 2284 1345 2320 illud
1367 2284 1634 2331 probaverunt,
1671 2283 1726 2319 ni-

233 2344 365 2378 tuntur
391 2354 446 2385 eo,
473 2343 573 2388 quod
597 2355 672 2378 non
697 2355 796 2379 nunc
814 2344 964 2379 demum
989 2344 1095 2380 videt
1119 2344 1219 2379 Mars
1245 2344 1388 2380 vellera
1413 2343 1485 2379 sibi
1510 2343 1607 2379 dono
1638 2341 1723 2385 fixa,

234 2402 301 2439 sed
325 2414 424 2438 nunc
449 2403 649 2448 temptata,
675 2403 798 2448 petita
825 2414 847 2437 a
866 2403 1003 2444 Graii&
1031 2404 1130 2448 quod
1155 2403 1186 2438 si
1210 2403 1424 2449 probamus,
1449 2401 1561 2438 valde
1586 2402 1725 2438 incom-

233 2462 346 2498 moda
373 2463 430 2498 est
453 2461 641 2507 particula
665 2472 748 2507 que5
764 2462 920 2497 accedit
946 2463 1045 2507 quod
1069 2462 1239 2499 Valerius
1263 2462 1302 2497 in
1339 2461 1553 2498 universum
1589 2460 1726 2497 vitavit

233 2532 371 2557 novam
396 2520 623 2557 sententiam
649 2521 697 2556 ab
722 2521 855 2556 ultimo
873 2521 970 2567 pede
987 2521 1162 2567 incipere,
1183 2521 1363 2557 eiusmodi
1380 2521 1559 2566 quattuor
1574 2521 1725 2556 tantum

233 2581 306 2617 loci
330 2580 583 2626 reperiuntur:
610 2580 671 2626 IV,
697 2580 743 2615 35
769 2581 808 2616 et
824 2579 910 2623 4693
936 2582 1017 2615 tum
1042 2580 1144 2623 VIII,
1180 2581 1225 2615 73
1263 2581 1302 2616 et
1338 2579 1424 2623 268;
1462 2591 1550 2615 nam
1586 2579 1615 2622 Ι,
1653 2579 1724 2615 436

233 2641 321 2676 inde
350 2641 398 2675 ab
425 2639 612 2675 adiectivo
637 2643 752 2675 certus
776 2639 869 2674 nihil
893 2639 981 2680 novi
1010 2639 1152 2685 incipit,
1192 2640 1258 2675 sed
1297 2639 1348 2675 eis
1386 2650 1482 2684 quae
1519 2639 1724 2684 sequuntur

234 2700 452 2746 explicatur.
480 2711 575 2745 quae
601 2699 650 2734 sit
673 2699 739 2734 illa
762 2699 886 2745 proles
907 2698 1083 2744 Cyllenia.
1127 2699 1259 2744 Itaque
1284 2698 1416 2734 melius
1444 2698 1592 2734 videtur
1614 2701 1722 2743 temp—
