1890 3100
195 251 281 294 286
722 248 760 286 C.
784 249 966 284 VALERI
992 248 1166 284 FLACCI

306 369 472 407 vincunt
500 368 584 407 fata
611 369 732 416 Iovis,
761 370 892 421 potior
920 369 983 407 cui
1013 383 1108 407 cura
1136 382 1297 407 suorum
1327 374 1398 407 est.

302 440 422 486 atque
451 433 542 472 ideo
571 447 704 486 neque
735 448 810 486 ego
839 435 943 473 hanc
971 434 1133 472 tumidis
1163 439 1345 472 avertere
1376 435 1508 473 ventis

301 500 494 551 temptavi
523 500 687 538 tenuive
716 505 854 547 ratem,
885 513 960 538 nec
989 500 1067 538 iam
1097 512 1207 537 mora
1234 500 1351 537 morti

302 564 397 603 hinc
427 565 502 603 erit
530 565 614 603 ulla
641 571 747 604 tuae.
804 579 922 616 reges
950 578 1099 617 preme,
1132 564 1241 612 dure,
1273 564 1496 603 secundos?
1688 578 1743 607 130

301 630 466 668 abstulit
494 630 587 669 inde
618 631 766 678 oculos,
797 637 1016 683 natumque
1047 637 1087 669 et
1114 631 1244 669 tristia
1271 631 1459 683 linquens

300 696 455 748 proelia
484 697 704 748 sanguineo
734 702 861 735 terras
890 702 1005 747 pater
1034 696 1149 734 alluit
1178 702 1304 734 aestu.

357 762 558 813 Principio
587 762 729 800 fluvios
759 767 1004 814 gentemque
1034 768 1075 800 et
1102 762 1221 800 litora
1250 761 1391 800 ductor

305 827 514 879 explorare
543 827 667 874 iubet,
697 827 943 879 paulumque
974 841 1162 878 egressus
1190 828 1350 866 Echion

300 893 455 930 invenit
484 892 655 930 obscura
683 893 855 943 gemitus
884 893 925 929 in
953 892 1061 930 valle
1089 893 1316 931 trahentem
1690 898 1742 927 135

305 958 407 995 clam
436 958 624 996 iuvenem
654 963 694 996 et
724 958 832 996 caesi
860 963 1108 996 maerentem
1136 971 1282 996 nomen
1312 958 1439 996 amici.

193 1094 326 1139 quibus
352 1094 562 1129 succumbit
587 1094 739 1130 fortuna
764 1094 879 1140 prolis
896 1094 1127 1140 Neptuniae3
1155 1095 1218 1129 cfr.
1239 1093 1354 1129 etiam
1373 1095 1513 1129 maiora
1528 1094 1689 1129 carmina

192 1153 274 1199 VII,
300 1153 379 1190 352.
431 1153 515 1189 Non
540 1155 643 1190 recte
668 1154 791 1189 locum
816 1154 1085 1190 intellexerunt
1109 1154 1302 1188 Burmann
1328 1154 1367 1189 et
1391 1153 1570 1199 Wagner.

288 1226 367 1261 128.
417 1226 564 1261 tumidis
583 1246 624 1251 —-
645 1227 775 1269 ventis,
803 1225 856 1261 sic
882 1230 1002 1261 auster
1026 1225 1192 1261 tumidus
1209 1226 1367 1261 vocatur
1383 1225 1495 1270 Verg.
1513 1225 1606 1261 Aen.
1624 1224 1689 1270 ΙΙΙ,

192 1285 278 1329 3573
306 1296 413 1320 eurus²
439 1285 505 1321 Ov.
533 1296 605 1321 am.
630 1286 659 1330 Ι.
686 1285 719 1323 9.
747 1285 802 1321 13.

288 1344 367 1380 130.
418 1345 500 1380 hinc
524 1345 549 1380 i.
576 1356 607 1380 e.
634 1356 657 1379 a
682 1356 759 1387 me;
788 1356 835 1380 an
862 1345 909 1380 ab
937 1346 1007 1380 hoc
1032 1347 1226 1390 tempore?

286 1415 384 1449 reyes
402 1415 525 1448 preme
550 1405 637 1438 dure
661 1404 849 1446 secu·ndos;
876 1405 970 1439 haec
996 1404 1114 1439 verba
1140 1404 1219 1440 sine
1246 1403 1359 1440 dubio
1385 1403 1519 1439 vitiose
1544 1402 1689 1438 tradita

193 1464 289 1504 sunt,
329 1475 412 1498 cum
449 1463 530 1499 fieri
566 1476 642 1499 non
678 1463 807 1509 possit,
846 1465 889 1498 ut
925 1463 1122 1509 Neptunus
1160 1465 1240 1498 tam
1279 1464 1440 1509 abrupte
1479 1473 1687 1498 sermonem

191 1535 317 1558 rursus
343 1523 393 1558 ad
418 1522 546 1559 Iovem
572 1524 780 1568 convertat,
812 1523 878 1558 sed
905 1534 985 1558 cum
1013 1523 1135 1558 adhuc
1162 1523 1376 1559 emendatio
1402 1522 1527 1567 aliqua
1552 1522 1689 1557 saltem

194 1593 239 1617 ex
262 1584 373 1628 parte
397 1582 600 1628 probabilis
626 1594 700 1618 non
725 1582 880 1618 inventa
906 1582 965 1622 sit,
991 1583 1109 1618 verba
1134 1582 1364 1628 intemptata
1389 1581 1532 1627 reliqui.

289 1654 367 1689 132.
418 1654 637 1700 Prodigium
662 1654 848 1690 indicatur
874 1655 1052 1690 cruentae
1077 1653 1208 1689 mortis
1234 1653 1310 1689 filio
1342 1653 1532 1689 instantis:
1566 1652 1687 1688 simile

192 1714 367 1749 narratur
394 1713 495 1759 apud
519 1713 625 1749 Hom.
653 1713 696 1749 Il.
723 1712 819 1755 XVI,
846 1712 927 1749 459.

289 1774 367 1808 133.
417 1774 521 1816 fluvii
545 1773 722 1809 videntur
747 1774 818 1809 hoc
843 1773 925 1809 loco
951 1773 1163 1818 significare
1188 1772 1312 1808 fontes
1340 1783 1460 1817 aquae
1485 1772 1600 1808 dulcis
1625 1771 1688 1806 vel

191 1833 312 1879 ipsam
346 1834 444 1868 hanc
481 1844 634 1878 aquam;
675 1832 742 1869 cfr.
768 1833 811 1874 V,
839 1833 925 1875 342;
964 1832 1076 1878 Verg.
1103 1844 1230 1878 georg.
1258 1831 1324 1874 III,
1358 1831 1445 1874 126;
1477 1831 1568 1878 3013
1599 1831 1686 1866 Luc.

191 1892 272 1935 VII,
298 1893 385 1935 224;
413 1892 475 1927 Sil.
502 1892 600 1931 XIII,
628 1893 708 1928 123.

289 1952 367 1988 134.
418 1952 582 1988 Echione
608 1952 684 1988 filio
709 1952 886 1988 Mercurii
916 1951 1036 1987 utitur
1059 1952 1172 1987 Iason
1205 1953 1399 1996 tamquam
1430 1961 1618 1996 praecone
1649 1950 1689 1985 et

193 2012 442 2057 exploratore,
468 2011 543 2048 vid.
568 2012 597 2053 I,
629 2011 701 2046 440
709 2025 716 2054 ;
749 2011 812 2053 IV,
845 2011 931 2054 '7343
963 2011 1042 2055 VH,
1076 2011 1155 2047 543.
1181 2011 1369 2053 Narratio,
1397 2021 1492 2055 quae
1518 2009 1687 2054 sequitur

192 2071 239 2106 de
271 2071 385 2107 Otreo
423 2073 462 2107 et
499 2071 697 2116 Dymante,
738 2083 813 2107 non
849 2071 989 2116 legitur
1027 2071 1127 2116 apud
1158 2070 1406 2116 Apollonium,
1447 2069 1514 2105 sed
1550 2080 1688 2104 navem

192 2131 470 2176 appellentibus
497 2130 626 2166 statim
651 2130 731 2176 ipse
750 2130 913 2176 Amycus
939 2130 1101 2166 occurrit
1125 2131 1171 2170 II,
1197 2130 1220 2165 8
1245 2141 1357 2175 seqq.,
1385 2129 1437 2164 sic
1455 2129 1570 2165 etiam
1587 2128 1688 2174 apud

192 2190 348 2226 Theocr.
386 2190 490 2235 idyll.
523 2190 639 2235 XXII,
678 2190 726 2225 44
762 2201 863 2235 seqq.
926 2191 1021 2225 Rem
1058 2189 1138 2235 ipse
1174 2189 1346 2225 Valerius
1384 2188 1500 2231 finxit,
1535 2187 1689 2224 nomina

192 2249 351 2295 sumpsit
377 2250 424 2284 ab
451 2250 558 2285 Hom.
585 2250 627 2285 Il.
657 2250 720 2291 ΠΙ,
749 2250 817 2284 186
845 2251 883 2285 et
908 2249 1002 2291 XVI,
1031 2249 1109 2284 718.

288 2308 368 2347 135.
415 2310 567 2354 yemitus
593 2330 637 2335 -—
664 2310 805 2344 trahere
829 2321 878 2345 sc.
907 2321 926 2345 e
957 2310 1131 2355 pectore;
1165 2308 1231 2345 cfr.
1258 2309 1357 2350 VIII,
1383 2307 1470 2350 400;
1504 2306 1570 2343 Ov.
1596 2307 1685 2342 met.

193 2369 256 2411 XI.
283 2367 367 2413 7093
402 2368 494 2403 Eun.
520 2369 618 2413 trag.
645 2368 689 2403 67
725 2369 770 2404 R.
807 2369 866 2415 (ex
893 2370 998 2404 certa
1036 2368 1335 2413 emendatione);
1367 2366 1523 2415 {saepius
1547 2365 1688 2411 legitur

191 2428 351 2473 suspiria
376 2429 537 2463 trahere:
567 2427 633 2463 Ov.
659 2429 749 2464 met.
775 2429 821 2470 11,
849 2428 935 2474 753;
964 2440 1077 2464 amor.
1104 2427 1151 2469 Π,
1180 2427 1235 2470 19,
1263 2427 1323 2470 55;
1361 2427 1444 2462 Val.
1471 2425 1572 2466 VIII,
1597 2424 1684 2466 457;

193 2487 255 2523 Sil.
281 2488 309 2529 I,
337 2487 425 2534 5303
463 2498 564 2532 aegr.
591 2487 700 2523 Perd.
731 2487 815 2534 185,
854 2488 944 2535 2353
974 2488 1087 2523 Prud.
1115 2499 1143 2523 c.
1177 2487 1314 2532 Symm.
1352 2487 1379 2529 Ι,
1419 2485 1507 2533 4803
1547 2483 1684 2530 (Plaut.

193 2547 339 2585 Trucul.
365 2517 435 2582 600
459 2547 701 2592 suspiritum);
726 2548 877 2592 yemitus
902 2547 1026 2582 ducere
1052 2547 1146 2582 dixit
1170 2547 1282 2592 Verg.
1308 2546 1400 2582 Aen.
1421 2546 1465 2587 11,
1493 2544 1582 2591 2883
1607 2554 1686 2579 sus-

187 2608 290 2651 piria
315 2607 441 2642 ducere
466 2606 534 2642 Ov.
558 2607 649 2641 met.
666 2606 695 2650 Ι,
722 2606 807 2648 656;
835 2607 878 2652 X,
904 2606 985 2641 402.

289 2666 370 2702 136.
421 2669 632 2701 maerentem
655 2676 780 2701 nomen
804 2665 828 2702 i.
860 2677 888 2701 e.
924 2677 1007 2700 cum
1032 2676 1202 2700 maerore
1233 2675 1371 2700 nomen
1403 2663 1585 2710 cientem3
1617 2661 1683 2698 cfr.

195 2725 260 2761 Ov.
286 2726 376 2762 met.
402 2726 429 2767 Ι,
469 2725 539 2760 664
563 2726 654 2760 talia
677 2728 886 2760 maerentem
909 2725 933 2760 i.
962 2723 992 2760 e.
1020 2736 1103 2759 cum
1128 2735 1299 2759 maerore
1327 2723 1528 2760 dicentem.
