1890 3100
583 201 971 239 ARGONAVTIGON
994 202 1142 238 LIBER
1166 202 1210 239 V.
1577 204 1665 248 345

290 326 564 373 rectoremque
592 326 686 360 tuae
714 334 878 360 moneas
906 321 1029 360 ratis'.
1083 321 1185 359 haec
1213 320 1283 359 ubi
1309 321 1427 369 fatus,
1455 317 1459 319 “

290 386 378 424 sola
403 386 531 424 virum
558 385 724 424 flammis
752 385 852 424 vidit
878 386 1106 424 labentibus
1136 399 1239 424 ossa.

292 450 411 503 ‘quod
438 457 573 489 tamen
601 451 776 489 externis
805 464 927 489 unum
956 450 1135 489 solamen
1162 451 1204 489 in
1233 451 1311 489 oris

289 516 438 563 restat'‚
470 517 536 563 ait,
568 520 691 554 ‘caras
719 516 862 554 humus
890 515 992 554 haec
1019 529 1101 553 non
1129 515 1282 553 dividat
1309 515 1470 554 umbras

290 593 460 633 ossaque
489 594 565 619 nec
591 581 743 619 tumulo
771 593 847 618 nec
876 593 1016 631 separe
1046 585 1234 631 contegat
1262 593 1373 628 urna,

289 645 362 684 sed
390 645 518 692 simul,
547 651 592 684 ut
618 646 763 683 iunctis
792 645 959 684 venistis
987 646 1030 683 in
1057 658 1233 697 aequora
1260 645 1379 684 fatis'.

288 710 397 748 haud
423 724 551 749 mora:
579 710 768 762 reliquias
798 710 895 748 socii
923 709 1150 763 defletaque
1178 711 1347 749 miscent

287 776 459 814 nomina.
514 781 598 813 tum
626 776 717 813 vivo
745 774 935 814 frondens
965 789 986 814 e
1017 776 1168 827 cespite
1196 775 1319 814 tellus

287 841 501 891 aggeritur,
532 841 787 892 cineremque
815 841 926 891 Lyco
955 840 1206 879 commendat
1233 841 1366 882 Iason.

338 905 485 943 Maesti
514 918 650 943 omnes
680 904 881 956 dubiique,
910 911 1038 944 ratem
1064 905 1256 944 fidissima
1285 906 1397 945 cuius

288 968 430 1009 dextra
455 976 587 1021 regat3
618 970 735 1008 simul
762 971 951 1008 Ancaeus
981 970 1205 1023 sollersque
1234 971 1399 1022 petebat

286 1034 497 1086 Nauplius.
552 1035 749 1086 Erginum
777 1035 860 1073 fato
888 1041 1005 1074 vocat
1032 1036 1120 1087 ipsa
1147 1036 1325 1074 monenti

286 1113 469 1151 quercus,
500 1105 539 1138 et
568 1099 620 1138 ad
646 1106 782 1138 tonsas
811 1101 906 1138 victi
933 1100 1089 1139 rediere
1118 1101 1310 1152 magistri,

287 1177 334 1202 ac
360 1164 473 1202 velut
499 1164 581 1211 ille,
611 1165 745 1216 gregis
775 1166 896 1204 cessit
924 1166 988 1203 cui
1015 1166 1138 1217 regia,
1167 1171 1304 1204 taurus

181 1305 294 1339 quam
317 1306 392 1330 non
415 1296 496 1329 tam
521 1294 701 1330 audacter
726 1294 820 1330 dixit
844 1295 933 1332 Tae.
959 1295 1081 1340 Agr-ic.
1109 1295 1154 1330 12
1178 1296 1311 1330 cadum
1339 1297 1470 1332 crebris
1492 1297 1664 1333 imbribus

180 1364 223 1388 ac
245 1354 381 1403 nebulis
402 1354 556 1396 foedum.

273 1411 331 1447 58.
378 1423 505 1457 separe
542 1412 656 1448 efiam
693 1413 743 1448 ad
778 1414 910 1449 tumulo
941 1413 1192 1459 referendum,
1222 1414 1298 1451 vid.
1337 1414 1385 1449 ad
1410 1414 1440 1457 Ι,
1468 1415 1531 1457 18;
1556 1426 1665 1460 sepas·

178 1470 318 1516 legitur
342 1471 457 1507 etiam
481 1470 575 1506 Stat.
602 1471 719 1508 Theb.
745 1471 807 1513 IV,
833 1472 919 1514 481;
945 1473 1055 1508 Prud.
1084 1473 1211 1518 apoth.
1236 1473 1324 1520 2433
1348 1473 1417 1511 cfr.
1441 1485 1573 1520 ἕτερ’-ατ.

273 1530 329 1565 61.
378 1532 526 1566 nmina
561 1532 752 1576 ponuntur
787 1543 855 1577 pro
894 1531 946 1567 eis
982 1531 1082 1577 ipsis,
1114 1531 1178 1577 qui
1200 1532 1352 1567 nomina
1377 1533 1530 1574 habent,
1556 1535 1600 1569 ut
1623 1545 1661 1570 v.

181 1582 265 1631 1193
290 1589 374 1630 VH,
399 1590 486 1631 275;
512 1589 616 1635 VIII,
641 1590 721 1626 462.

270 1648 328 1683 62.
377 1648 493 1684 Huius
517 1649 651 1684 tumuli
675 1650 901 1685 mentionem
925 1650 1019 1685 facit
1043 1650 1162 1686 Amm.
1188 1650 1306 1693 XXII,
1332 1651 1365 1693 8,
1391 1652 1449 1688 22.

272 1707 330 1744 63.
377 1707 582 1752 Postquam
606 1708 781 1744 amissum
805 1708 951 1754 Tiphyn
984 1709 1215 1745 defleverunt
1249 1710 1501 1756 Argonautae,
1532 1711 1663 1747 statim

179 1766 229 1801 ad
253 1776 299 1802 ea
321 1767 529 1807 vertuntur,
556 1778 651 1812 quae
675 1768 878 1803 necessitas
901 1768 1129 1813 postulabat,
1156 1769 1248 1803 nihil
1275 1769 1449 1815 segnitiei
1473 1770 1662 1816 dolorique

177 1824 280 1860 inani
304 1837 344 1861 se
370 1825 504 1866 datm-i.
530 1828 572 1861 ut
597 1837 777 1871 agnoscas
801 1828 956 1872 poetam
978 1839 1068 1863 vere
1081 1828 1303 1870 Romanum
1330 1830 1370 1864 at
1396 1829 1495 1875 apud
1510 1830 1662 1875 Apollo-

179 1884 281 1919 nium
304 1885 437 1920 heroes
463 1896 508 1920 ex
532 1885 644 1921 inerti
679 1886 868 1921 maestitia
903 1886 1118 1922 interventu
1141 1887 1289 1922 demum
1320 1888 1469 1923 Iunonis
1496 1888 1661 1924 eximun-

178 1944 241 1978 tur
263 1942 313 1985 Π,
338 1943 410 1978 860
434 1955 536 1989 seqq.

272 2002 329 2037 64.
378 2003 583 2044 Ancaeum,
622 2003 788 2049 Neptuni
812 2004 936 2043 filium,
976 2004 1131 2050 Tiphyis
1172 2017 1426 2042 successorem
1465 2006 1663 2042 nominant

177 2060 297 2106 Apoll.
316 2060 364 2102 Π,
389 2061 459 2096 896
484 2073 602 2107 seqq.;
627 2062 799 2108 Apollod.
824 2063 852 2103 Ι,
878 2063 911 2104 9,
936 2063 994 2107 23,
1009 2064 1047 2104 1;
1074 2063 1206 2109 Hygin.
1224 2064 1301 2100 fab.
1321 2066 1366 2100 14
1392 2067 1432 2101 et
1457 2065 1519 2111 18;
1546 2065 1660 2111 Orph.

177 2119 267 2165 Arg.
292 2120 378 2162 727;
403 2120 616 2156 Herodorus
642 2122 769 2157 autem
793 2121 967 2167 Erginum
992 2123 1088 2158 teste
1113 2123 1227 2161 schol.
1252 2124 1373 2170 Apoll.
1399 2124 1447 2165 Π,
1473 2124 1560 2166 895;
1593 2125 1659 2160 Er-

150 2216 153 2218 ,
177 2178 282 2224 ginus
314 2181 353 2215 et
388 2180 569 2226 Nauplius
606 2180 747 2216 frustra
783 2181 951 2226 regimen
975 2182 1081 2217 navis
1116 2182 1294 2227 petivisse
1332 2185 1531 2219 narrantur
1564 2186 1662 2230 apud

178 2237 299 2284 ApolL
322 2239 347 2274 L
372 2238 397 2275 1.
422 2239 514 2275 Uter
537 2239 586 2274 sit
602 2240 782 2280 Ancaeus,
803 2240 972 2276 Valerius
997 2253 1072 2276 non
1096 2241 1298 2283 indicavit:
1329 2243 1394 2279 cfr.
1421 2243 1470 2277 ad
1486 2242 1553 2284 HI,
1574 2243 1660 2290 1383

177 2307 226 2333 ne
249 2297 462 2344 Apollonius
488 2298 638 2343 quidem
663 2299 870 2334 accuratius
895 2301 1085 2335 Ancaeum
1112 2300 1330 2346 designavit.

270 2355 328 2392 66.
375 2358 566 2402 maqistros
589 2358 658 2393 hoc
683 2358 765 2394 loeo
791 2358 959 2394 Valerius
985 2370 1047 2395 eos
1073 2359 1174 2401 dicit,
1201 2361 1264 2405 qui
1289 2372 1329 2396 se
1353 2360 1435 2397 fore
1460 2361 1660 2406 magistros

176 2425 245 2460 pro
270 2416 372 2451 certo
397 2418 651 2462 speraverant.

272 2473 328 2510 67.
377 2476 484 2510 vehcti
500 2475 612 2522 .Vat.;
637 2476 730 2511 velut
753 2476 810 2511 iae
841 2476 922 2512 cod.
955 2477 1073 2523 Carr.;
1104 2480 1202 2523 reqia
1235 2478 1282 2514 de
1312 2479 1412 2514 tauri
1443 2479 1482 2514 in
1506 2491 1660 2525 gregem

177 2531 342 2578 imperio,
370 2534 434 2570 cfr.
459 2534 568 2580 Verg.
593 2546 717 2580 georg.
743 2535 813 2577 111,
839 2535 909 2571 228
934 2537 1091 2582 (taurus)
1115 2538 1235 2583 requie
1265 2540 1410 2574 messit
1434 2540 1557 2581 aviti&
1596 2538 1659 2574 Sil.

179 2590 275 2632 XVI.
301 2592 324 2627 5
348 2594 477 2628 amisso
502 2597 630 2628 taurus
667 2605 774 2639 reyno
803 2615 845 2620 -—-
869 2595 1013 2631 molitur
1038 2617 1079 2622 —
1107 2597 1322 2632 certamina.-
1358 2608 1469 2642 reqem
1509 2598 1660 2632 taurum

179 2650 348 2685 nominat
373 2650 469 2688 Stat.
494 2651 611 2688 Theb.
637 2653 680 2699 V,
705 2653 790 2697 3333
817 2653 882 2695 XL
910 2654 966 2689 28.
