1890 3100
249 244 304 287 78
775 241 812 277 C.
838 241 1019 276 VALERI
1046 241 1220 276 FLACCI
1250 262 1251 265 =
1293 257 1297 267 2

358 367 398 399 et
426 361 537 399 volat
566 361 772 400 amborum
800 362 952 414 patrius
982 362 1032 400 de
1062 368 1224 413 pectore
1255 375 1419 413 cycnus.

356 435 396 467 at
423 429 496 467 tibi
526 429 715 467 collectas
746 430 864 467 solvit
892 430 971 467 iam
999 429 1123 467 fibula
1151 435 1287 467 vestes

357 494 612 547 ostenditque
642 508 800 533 umeros
830 495 954 533 fortes
985 495 1238 546 spatiumque
1263 493 1431 545 superbi

354 558 528 611 pectoris
558 560 772 598 Herculeis
803 574 988 612 aequum,
1025 560 1243 610 Meleagre‚
1280 559 1452 597 lacertis.
1490 591 1491 594 ,
1739 567 1792 597 435

354 626 419 663 hie
448 639 662 664 numerosa
689 626 878 677 phalanx,
907 625 1048 676 proles*
1072 624 1280 675 Cyllenia:
1313 631 1443 663 certus

356 691 594 730 Aethalides
626 691 776 729 subitas
806 704 930 728 nervo
960 690 1156 728 redeunte
1193 691 1384 741 sagittas·

247 816 286 851 in
310 816 395 850 Rus.
424 816 469 857 Π,
497 816 583 858 225;
611 816 721 850 Prud.
750 816 910 850 hamart.
939 815 1023 857 776;
1052 815 1167 851 etiam
1193 815 1293 860 apud
1318 814 1463 850 Livium
1487 814 1635 860 legitur,
1668 813 1742 850 vid.

247 876 434 911 Kuehner.
462 887 618 920 gramm.
645 875 710 909 lat.
732 874 770 909 II
795 878 814 918 ξ
842 874 910 909 119
937 886 1019 909 ann.
1048 875 1103 911 10.

343 936 485 979 sonipes
509 947 578 980 pro
605 945 699 979 equo
727 934 830 979 apud·
851 934 984 979 poetas
1010 934 1098 970 inde
1125 946 1147 968 a
1172 934 1320 969 Catullo
1345 933 1535 976 usitatum,
1562 933 1742 979 imprimis

250 995 350 1040 apud
376 994 507 1029 Silium
534 995 571 1029 et
599 993 811 1039 Corippum.

343 1055 445 1090 niveo
471 1054 512 1088 de
536 1054 687 1089 stamine
705 1057 833 1098 portat
858 1053 888 1099 si
915 1053 1201 1098 coniunguntur,
1244 1055 1391 1090 stamen
1416 1053 1661 1089 statuendum
1686 1054 1743 1088 est

248 1113 391 1148 dictum
426 1120 505 1149 esse
531 1125 599 1159 pro
634 1124 747 1159 opere
772 1114 906 1155 textQ‘
930 1115 968 1148 et
999 1114 1079 1147 tam
1106 1114 1195 1158 apte
1230 1113 1279 1148 ad
1311 1115 1487 1148 naturam
1518 1113 1639 1159 pictos
1674 1123 1743 1147 acu

248 1184 327 1209 esse
367 1168 489 1218 equo's.
528 1174 571 1207 ut
609 1172 714 1218 quasi
752 1184 796 1208 ex
835 1184 948 1218 opere
987 1172 1133 1208 exsilire
1171 1172 1388 1215 videantur;
1427 1173 1493 1208 sed
1531 1184 1615 1208 cum
1650 1173 1745 1207 haec

246 1232 512 1278 interpretatio
537 1232 665 1278 paullo
692 1232 926 1267 artificiosior
958 1231 1133 1267 videatur
1166 1233 1204 1267 et
1230 1232 1417 1267 Dioscuris
1450 1232 1527 1267 albi
1562 1231 1647 1276 equi
1677 1231 1742 1266 tri-

247 1292 412 1326 buantur
444 1293 661 1336 (λευκὸπωλοι
692 1291 799 1329 Pind.
831 1292 940 1336 Pyth.
968 1291 997 1337 Ι,
1025 1291 1110 1338 126;
1150 1291 1216 1328 Ov.
1252 1293 1341 1328 met.
1367 1291 1470 1333 VIII,
1503 1291 1600 1336 373),
1632 1301 1740 1336 prae-

248 1352 350 1387 stare
375 1351 536 1392 videtur,
561 1352 663 1386 niveo
682 1352 724 1386 de
746 1352 899 1386 stamine
926 1363 1009 1386 cum
1034 1362 1126 1386 voce
1145 1352 1287 1395 sonipes
1313 1351 1538 1396 coniungere
1564 1352 1603 1387 et
1626 1350 1741 1386 inter-

246 1410 390 1456 pretari
418 1422 552 1455 equum
579 1411 625 1446 de
651 1410 769 1446 niveis
795 1410 865 1445 filis
899 1422 968 1446 acu
995 1422 1221 1455 expressum.

342 1471 423 1506 432.
445 1471 592 1514 patrius
619 1492 663 1497 —
689 1470 1032 1516 eycnw9;‹sequitur
1058 1471 1128 1505 hoc
1154 1470 1235 1505 loco
1253 1470 1423 1506 Valerius
1449 1482 1534 1506 eam
1558 1470 1737 1511 fabulam,

248 1541 321 1575 qua
347 1531 505 1575 uterque
532 1530 631 1566 Iovis
658 1530 752 1565 filius
780 1542 860 1566 esse
885 1530 1116 1571 tradebatur,
1144 1530 1210 1565 cfr.
1238 1531 1363 1575 hymn.
1390 1531 1530 1566 homer.
1557 1528 1673 1570 XVII,
1701 1529 1741 1572 23

247 1589 371 1635 Eurip.
412 1589 472 1625 Or.
501 1589 611 1631 1689;
651 1589 764 1625 schol.
799 1589 905 1625 Pind.
941 1589 1047 1625 Nem.
1075 1590 1116 1631 X,
1146 1589 1229 1631 150;
1268 1589 1425 1625 Prelleri
1461 1590 1578 1634 myth.
1618 1599 1742 1634 graec.

250 1648 315 1691 11³,
343 1648 400 1685 92.

341 1708 423 1745 433.
473 1709 630 1744 solvendi
660 1709 852 1757 notionem
884 1709 1021 1744 fibulae
1052 1708 1187 1743 tribuit
1212 1708 1388 1744 Valerius
1416 1708 1603 1753 etiamque
1630 1707 1744 1742 auda-

249 1767 325 1803 cius
352 1767 443 1802 dicit
469 1768 566 1802 hanc
604 1768 759 1803 fibulam
790 1779 937 1803 umeros
971 1767 1194 1810 ostendisse3
1234 1768 1300 1803 sed
1331 1780 1456 1803 rursus
1481 1768 1552 1803 hoe
1582 1766 1743 1803 brevilo-

248 1826 424 1871 quentiae
451 1827 575 1862 studio
602 1827 745 1862 factum
771 1828 849 1863 est:
877 1828 1023 1862 remota
1048 1827 1164 1862 fibula
1189 1828 1313 1862 vestes
1340 1827 1533 1863 solvuntur
1560 1828 1598 1868 et
1622 1826 1743 1862 umeri

250 1886 517 1928 ostenduntur;
555 1886 685 1931 itaque
710 1897 800 1921 sane
827 1886 942 1921 etiam
967 1886 1082 1920 fibula
1109 1886 1215 1931 quasi
1247 1886 1429 1930 quasdam
1459 1887 1589 1932 partes
1626 1886 1744 1922 habet

250 1945 288 1979 in
314 1945 451 1981 umeris
478 1946 733 1987 ostendendis,
767 1945 833 1982 cfr.
860 1946 998 1990 Reisig.
1026 1946 1140 1982 schol.
1169 1947 1188 1992 ξ
1216 1945 1301 1985 183.

342 2005 424 2041 434.
474 2004 587 2050 Verg.
612 2005 704 2041 Aen.
730 2005 772 2047 V⁷
800 2005 869 2040 376
896 2005 1113 2049 ostenditque
1137 2017 1276 2040 umeros
1300 2006 1401 2042 latos.

343 2064 424 2100 435.
474 2065 522 2099 Et
553 2065 735 2110 Meleagri
769 2066 807 2100 et
832 2065 1002 2100 Herculis
1039 2065 1153 2100 robur
1190 2065 1333 2110 pariter
1369 2066 1441 2102 hoc
1477 2065 1560 2100 loco
1595 2064 1744 2110 praedi-

250 2124 377 2157 catur:
402 2123 464 2158 vel
490 2124 560 2158 hoc
586 2135 765 2168 magnum
792 2125 859 2165 est,
893 2124 992 2168 quod
1028 2125 1160 2168 pectus
1187 2124 1372 2169 Meleagri
1407 2125 1544 2170 aequat
1580 2124 1743 2170 spatium

249 2183 418 2218 tororum
443 2183 625 2219 Herculis.

344 2242 424 2278 436.
475 2243 532 2278 De
558 2243 614 2277 his
639 2243 760 2278 tribus
779 2243 954 2279 Mercurii
979 2243 1061 2278 filiis
1088 2243 1152 2279 cfr.
1179 2244 1301 2290 Apoll.
1327 2245 1354 2286 Ι,
1381 2244 1426 2278 51
1452 2254 1553 2288 seqq.
1578 2242 1743 2288 Eurytus

250 2301 297 2336 ab
326 2301 446 2346 Apoll.
476 2303 514 2337 et
538 2302 644 2338 Pind.
671 2302 780 2347 Pyth.
808 2302 870 2344 IV,
897 2302 967 2337 319
1005 2304 1139 2348 Erytus
1177 2303 1407 2345 nominatur,
1445 2303 1605 2348 Eurytus
1643 2303 1743 2348 apud

248 2359 343 2405 Hyg.
371 2359 448 2396 fab.
477 2360 521 2394 14
548 2361 587 2396 et
611 2361 782 2406 Apollod.
810 2362 836 2402 Ι,
864 2361 896 2403 9,
926 2361 980 2402 16.
1007 2362 1046 2404 83
1086 2362 1253 2397 diversus
1289 2363 1346 2398 est
1382 2362 1431 2397 ab
1455 2362 1596 2407 Euryto
1632 2363 1742 2407 patre

250 2418 362 2464 Clytii
400 2421 439 2455 et
476 2419 591 2465 Iphiti
627 2421 929 2465 Argonautarum
965 2421 1087 2466 Apoll.
1119 2421 1148 2462 I,
1181 2421 1240 2457 88.
1290 2421 1413 2457 Mater
1449 2421 1650 2456 Aethalidis
1687 2422 1743 2456 est

247 2478 468 2524 Eupolemia
493 2479 587 2524 Hyg.
614 2480 690 2514 fab.
719 2480 780 2521 14;
807 2480 934 2525 Apoll..
955 2481 982 2521 1,
1010 2480 1072 2522 55;
1099 2480 1274 2516 Echionis
1300 2482 1339 2516 et
1363 2480 1498 2526 Ewryti
1521 2481 1643 2519 mater
1667 2481 1741 2516 An-

253 2538 416 2577 tianeira
440 2538 562 2584 Apoll.
588 2539 616 2584 I,
644 2539 712 2580 56;
739 2540 835 2584 Hyg.
863 2539 884 2573 l.
912 2539 936 2574 l.

346 2597 426 2633 437.
476 2599 614 2633 subitae
638 2599 725 2632 sunt
750 2598 924 2643 sagittae.
953 2610 1043 2643 quas
1069 2599 1189 2634 mittit
1214 2611 1289 2635 non
1315 2599 1377 2634 diu
1404 2598 1625 2642 collineans;
1658 2611 1741 2635 ner-

252 2669 317 2692 vus
344 2658 471 2692 autem
497 2657 596 2693 redit
620 2656 659 2691 in
678 2668 762 2693 eum
788 2658 939 2698 statum,
967 2658 1066 2696 unde
1084 2669 1197 2693 manu
1224 2658 1411 2703 sagittarii
1436 2658 1618 2694 adductus
1638 2659 1742 2700 erat;

254 2716 302 2752 de
327 2720 442 2751 certus
468 2716 654 2752 adiectivo
674 2715 739 2752 cfr.
759 2716 809 2751 ad
825 2716 913 2759 366;
939 2717 1092 2761 sayittas
1117 2728 1234 2762 coyere
1258 2719 1418 2763 praeter*
1437 2717 1743 2766 consuetudinem
