1890 3100
586 227 970 265 ARGONAVTICON
992 225 1138 261 LIBER
1161 225 1212 262 Π.
1550 227 1634 270 169

275 348 534 401 Gargaraque
562 353 603 386 et
627 347 756 386 Moesi
783 350 976 384 steterant
1001 344 1210 383 formidine
1237 343 1328 382 luci.
1638 351 1695 383 360

276 413 432 452 saevior
457 413 555 451 haut
581 411 658 450 alio
685 410 871 449 mortales
898 415 1078 461 tempore
1106 413 1261 447 mentes

275 484 403 517 terror
429 478 531 529 agit3
558 482 654 515 tune
680 480 825 526 urguet
853 475 969 522 enim,
997 480 1092 512 tune
1121 474 1274 525 flagitat
1306 474 1384 511 iras

275 543 316 581 in
343 542 510 594 populos
536 541 708 579 Astraea
734 540 874 578 Iovem
899 539 1095 591 terrisque
1122 538 1271 578 relictis

274 607 432 645 invocat
458 605 623 644 adsiduo
653 604 838 643 Saturnia
866 603 997 642 sidera
1024 609 1180 656 questu.

171 723 296 760 standi
331 723 486 759 verbum
521 722 704 768 reperitur
742 733 826 757 eum
859 721 1011 767 propria
1044 721 1206 763 notione,
1247 722 1291 755 ut
1326 720 1414 756 Hor.
1447 732 1477 756 c.
1502 720 1531 764 L
1561 720 1594 762 9,
1620 722 1642 755 1

171 783 269 819 vides
297 786 338 818 ut
361 783 435 817 alta
457 785 524 817 stet
547 783 626 817 nive
649 781 838 816 candidum
855 780 1016 822 Soracte;
1053 780 1114 815 vel
1137 779 1248 825 Verg.
1272 780 1365 816 Aen.
1390 779 1438 821 IL
1470 779 1541 815 333
1570 784 1643 816 stat

169 841 263 885 feni
278 842 372 877 ades
386 851 549 877 mucrone
566 851 709 876 corusco
724 841 849 875 stricta
872 839 934 875 vel
954 839 1059 875 Caee.
1086 850 1178 875 com.
1195 838 1305 884 frgm.
1323 838 1392 874 219
1417 850 1502 885 αρα-
1525 843 1641 875 autem

170 904 238 936 stet
259 900 425 937 muzus.

175 991 182 1005 Χ
265 958 345 995 361.
394 958 490 994 Mira
513 959 609 1000 sunt,
637 969 730 1005 quae
746 957 915 993 hocloco
939 958 1068 992 narrat
1084 957 1265 992 Valerius.
1291 956 1390 992 Fieri
1405 968 1481 993 non
1503 958 1642 1003 potest,

169 1018 214 1053 ut
249 1018 345 1053 haec
379 1017 498 1052 verba
519 1016 707 1052 361—364
743 1017 792 1051 ad
826 1027 940 1051 unam
975 1017 1248 1061 tempestatem,
1288 1027 1382 1062 quae
1417 1015 1644 1061 Argonautis

172 1075 303 1112 Lemni
326 1076 560 1112 versantibus
587 1075 775 1111 concitata
792 1077 883 1117 erat,
909 1075 1123 1116 referamus,
1148 1074 1189 1109 id
1213 1074 1312 1119 quod
1336 1074 1507 1110 fecerunt
1529 1074 1645 1110 inter-

171 1136 314 1181 pretes:
340 1135 411 1170 hoc
435 1135 627 1180 quominus
657 1134 845 1180 faciamus,
880 1134 1120 1179 prohibemur
1149 1135 1318 1179 tempore
1348 1134 1539 1179 praesenti
1562 1145 1644 1169 ver-

170 1194 303 1230 borum
327 1195 402 1240 agit
425 1198 552 1240 urquet
573 1194 714 1239 flayitat
737 1195 898 1235 invocat;
925 1194 1014 1229 ante
1039 1193 1162 1228 omnia
1186 1195 1261 1238 ayit
1286 1194 1443 1238 apparet
1466 1193 1538 1228 hoc
1561 1193 1645 1228 loco

171 1265 246 1289 non
270 1252 402 1288 haberi
423 1264 532 1298 posse
556 1264 624 1298 pro
656 1252 846 1298 praesenti
877 1252 1066 1294 historico,
1102 1252 1168 1288 sed
1191 1263 1281 1287 vera
1305 1263 1454 1288 necesse
1481 1253 1539 1288 est
1565 1262 1645 1287 esse

171 1311 386 1357 praesentia
423 1313 463 1348 et
493 1313 569 1357 agit
598 1311 677 1347 fere
719 1311 820 1347 idem
856 1311 1042 1356 signifieat
1080 1312 1191 1357 atque
1227 1322 1330 1357 ayere
1364 1312 1460 1347 solet.
1509 1312 1643 1356 Itaque

172 1370 321 1406 videtur
356 1370 522 1406 indicare
552 1372 666 1416 poeta
702 1370 851 1406 omnino
880 1372 1049 1415 tempore
1074 1370 1269 1406 Pleiadum
1299 1370 1547 1406 occidentium
1571 1369 1645 1404 sin-

173 1428 269 1474 gulis
298 1429 403 1464 annis
427 1429 628 1464 maximum
650 1431 834 1465 terrorem
865 1429 1012 1475 populis
1035 1429 1124 1464 inici
1154 1428 1273 1465 solere
1296 1429 1416 1465 foedis
1441 1429 1646 1474 tempesta-

172 1487 273 1538 tibus
298 1487 433 1524 coortis
458 1489 498 1524 et
520 1488 718 1524 Astraeam
741 1488 831 1534 ipsis
855 1488 912 1523 his
937 1487 1163 1523 turbulentis
1195 1487 1386 1523 auctumni
1416 1488 1546 1524 diebus
1576 1487 1648 1522 sibi

172 1546 292 1582 videri
330 1546 648 1593 opportunitatem
682 1548 831 1583 nactam
870 1558 950 1583 esse
986 1546 1175 1583 hominum
1212 1547 1312 1592 apud
1346 1548 1475 1583 Iovem
1510 1546 1648 1582 iratum

176 1605 476 1642 accusandorum.
526 1606 583 1642 De
606 1606 766 1642 Astraea
800 1607 954 1652 propter
978 1606 1120 1642 scelera
1155 1606 1346 1641 hominum
1380 1607 1501 1642 terras
1536 1606 1647 1642 relin-

177 1665 314 1711 quente
338 1664 549 1701 notissimus
576 1666 633 1700 est
654 1665 755 1701 locus
773 1665 839 1701 Ov.
862 1667 951 1703 met.
970 1665 998 1706 Ι,
1017 1665 1102 1707 150;
1128 1664 1195 1701 cfr.
1213 1664 1294 1700 Oet.
1311 1666 1408 1711 trag.
1441 1665 1511 1700 422
1528 1676 1646 1712 seqq.;

176 1721 256 1760 Iuv.
281 1724 341 1766 VI,
368 1723 423 1758 19.
471 1723 555 1759 Non
578 1723 713 1759 iniuria
736 1724 942 1770 suspicatus
968 1725 1025 1760 est
1056 1724 1206 1760 Dureau
1235 1723 1384 1760 Valerio
1410 1724 1648 1760 obversatum

177 1793 258 1818 esse
295 1782 418 1818 locum
447 1782 554 1819 Hom.
600 1783 644 1819 11.
688 1783 783 1825 XVI,
824 1783 894 1818 384
933 1794 1043 1830 seqq.,
1089 1783 1154 1818 ubi
1193 1794 1335 1818 summa
1383 1783 1439 1818 vis
1474 1783 1649 1819 imbrium

177 1842 516 1887 tempestatumque
551 1841 781 1883 describitur,
820 1853 914 1888 quae
947 1842 1028 1878 fieri
1058 1842 1178 1878 solent
1208 1842 1327 1888 ἤματ’
1359 1841 1559 1888 ὀπωρινῷ,
1596 1842 1649 1879 ὅτε

177 1898 377 1946 λαβρότατον
392 1897 459 1948 χέει
473 1902 563 1947 ὕδωρ
579 1903 670 1947 Ζεύς,
695 1901 748 1938 ὅτε
764 1904 807 1947 δή
823 1904 849 1947 ῥ’
867 1902 1019 1948 ἄνδρεσσι
1037 1903 1344 1947 κοτεσσάμενος
1366 1905 1592 1953 χαλεπήνῃ,
1617 1900 1650 1939 οἳ

177 1959 241 2010 βίῃ
264 1960 309 1996 εἰν
334 1960 434 2010 ἀγορῇ
459 1963 626 2004 σκολιὰς
649 1961 815 2006 κρίνωσι
838 1960 1045 2007 θέμιστας,
1069 1960 1173 1997 ἐκδὲ
1199 1960 1318 2006 δίκην
1343 1960 1535 2004 ἐλάσωσι,
1561 1965 1649 2000 θεῶν

177 2019 248 2055 ὄπιν
273 2019 332 2055 οὖσι
356 2015 536 2064 ἀλέγοντες.

268 2081 386 2122 yades
410 2079 506 2123 vat,
530 2082 660 2114 mentes
683 2078 864 2114 Heinsius.

270 2147 351 2184 364.
400 2148 577 2184 Saturnia
599 2149 718 2185 sidera
753 2149 776 2185 i.
817 2160 847 2185 e.
885 2149 1031 2185 stellam
1068 2150 1218 2186 Saturni
1255 2151 1402 2192 (stellam
1439 2151 1650 2187 Saturniam

177 2206 346 2242 nominat
371 2206 442 2244 cic.
469 2207 516 2243 de
539 2218 617 2253 rep.
642 2207 702 2253 VI,
729 2208 788 2254 17)
811 2208 976 2253 pluviam
1009 2208 1216 2251 afferentis;
1249 2208 1348 2244 Serv.
1385 2210 1497 2255 Verg.
1522 2221 1649 2256 georg.

178 2263 208 2308 1,
233 2265 303 2300 336
328 2265 510 2302 Saturnus
539 2266 624 2302 deus
657 2267 862 2311 pluviarum
905 2268 1060 2303 est—hic
1095 2271 1212 2302 autem
1235 2269 1275 2303 in
1315 2267 1532 2313 Capricorno
1560 2270 1652 2312 facit

176 2325 406 2370 pavi-ssimae
422 2326 577 2370 pluvias,
610 2325 677 2362 cfr.
701 2325 788 2361 Hor.
815 2337 845 2361 e.
871 2325 918 2368 Π,
946 2327 1001 2372 17,
1026 2326 1074 2361 20
1096 2330 1273 2372 tyrannus
1296 2327 1492 2372 Hesperiae
1524 2328 1650 2374 Capri-

178 2392 307 2418 cornus
328 2383 460 2426 nudam
486 2384 585 2430 apud
609 2384 708 2420 Pers.
734 2386 802 2420 sat.
827 2384 870 2430 V,
898 2385 943 2420 50
965 2386 1086 2430 yravis
1110 2385 1286 2421 Saturnus
1320 2386 1473 2429 dicitur;
1498 2388 1582 2424 Luc.
1621 2391 1650 2434 Ι,

180 2440 249 2476 662
271 2452 399 2478 nocens
423 2441 573 2478 Saturni
597 2443 721 2486 stella;
746 2443 855 2489 Prop.
881 2443 942 2484 IV,
969 2445 1001 2489 1,
1028 2444 1073 2479 84
1096 2456 1203 2490 yrave
1228 2444 1378 2481 Saturni
1412 2446 1527 2489 sidus;
1553 2447 1651 2485 Plin.

180 2501 254 2538 nat.
278 2500 365 2538 hist.
389 2501 437 2546 H,
464 2501 531 2536 106
561 2503 672 2547 iqitur
695 2503 735 2538 in
757 2513 822 2538 suo
853 2514 1008 2548 quaeque
1036 2508 1132 2539 motu
1162 2508 1330 2539 naturam
1360 2516 1462 2540 suam
1494 2510 1652 2541 exercent

183 2557 333 2605 (sidera)
357 2560 451 2606 quod
480 2561 703 2603 manifestum
729 2561 880 2598 Saturni
915 2563 1066 2598 maxime
1100 2564 1274 2599 transitus
1303 2564 1473 2600 imbribus
1500 2565 1650 2607 faciunt.

185 2616 259 2654 Ofr.
283 2618 393 2654 sehoL
420 2618 542 2655 Germ.
567 2620 671 2656 Arat.
696 2632 732 2665 p.
759 2620 827 2656 183
852 2621 898 2656 de
929 2621 966 2656 vi
1003 2621 1157 2657 exitiosa
1194 2621 1344 2657 Saturni
1382 2626 1646 2668 exponentem;

185 2675 334 2712 brevior
358 2678 415 2713 est
439 2678 551 2714 schol.
578 2677 671 2716 Stat.
698 2678 812 2716 Theb.
839 2679 869 2720 Ι,
899 2679 978 2716 305.
1028 2680 1185 2716 Pluralis
1209 2681 1329 2716 sidera
1354 2681 1399 2716 de
1431 2692 1506 2716 una
1538 2682 1648 2717 stella
