1890 3100
486 834 545 908 O.
595 832 945 906 VALERI
1005 830 1342 905 FLAGGI

384 967 1451 1060 ARGONAVTICON

582 1120 821 1162 LIBER
869 1118 1250 1172 QVARTUS.

289 1306 452 1404 Atque
483 1365 531 1390 ea
559 1364 639 1388 non
668 1350 792 1388 oculis
824 1349 959 1388 divum
986 1356 1100 1401 pater
1128 1349 1298 1401 amplius
1332 1348 1471 1400 aequis

244 1447 250 1451 .
282 1417 484 1464 sustinuit,
521 1416 685 1467 natique
714 1416 801 1467 pios
830 1416 1041 1453 miseratus
1070 1427 1227 1453 amores

246 1487 250 1490 '
282 1482 478 1521 Iunonem
507 1480 663 1519 ardenti
690 1480 887 1532 trepidam
916 1480 1049 1531 gravis
1078 1480 1257 1531 increpat
1284 1479 1360 1517 ira:

286 1551 342 1585 ‘ut
369 1560 475 1585 nova
503 1559 608 1584 nunc
636 1546 758 1584 tacito
788 1559 831 1583 se
861 1551 1024 1597 pectore
1054 1544 1201 1596 gaudia
1227 1544 1399 1582 tollunt!

224 1639 226 1641 -
284 1612 426 1650 haeret
454 1611 569 1662 inops
599 1611 774 1663 solisque
803 1611 898 1648 furit
925 1610 1161 1661 Tirynthius
1192 1611 1282 1648 oris.

285 1683 327 1715 at
354 1678 498 1715 comite
527 1677 777 1714 immemores
806 1676 972 1727 Minyae
1001 1676 1221 1727 facilesque
1251 1675 1392 1714 relicto

286 1741 369 1780 alta
395 1747 546 1780 tenent.
605 1742 660 1779 sic
690 1741 790 1779 Iuno
821 1741 963 1779 ducem
1002 1741 1111 1779 fovet
1140 1741 1259 1778 anxia
1287 1741 1392 1778 curis

286 1807 520 1854 Aesonium,
553 1807 609 1844 sic
638 1820 748 1844 arma
775 1807 860 1844 viro
891 1807 1099 1859 sociosque
1129 1807 1337 1844 ministrat.

286 1873 366 1910 iam
395 1872 538 1925 quibus
566 1872 760 1910 incertam
787 1871 905 1910 bellis
936 1871 1232 1923 Scythicaeque
1262 1877 1477 1922 paventem
1673 1882 1709 1911 10

286 1938 421 1988 gentis
452 1950 560 1989 opes,
592 1943 742 1989 quanta
769 1937 965 1989 trepidam
994 1936 1201 1975 formidine
1232 1936 1411 1975 cernam!

286 2008 373 2040 tum
400 2001 598 2054 precibus,
628 2008 713 2040 tum
742 2015 805 2040 me
835 2002 1008 2040 lacrimis
1038 2008 1078 2040 et
1108 2002 1286 2053 supplice
1318 2001 1461 2040 dextra

287 2073 526 2119 attemptare
556 2073 668 2115 veto3
698 2080 831 2105 rerum
860 2067 955 2105 mihi
982 2067 1094 2105 firma
1122 2073 1313 2119 potestas.

277 2192 309 2226 1.
359 2191 470 2236 Verg.
497 2191 589 2226 Aen.
614 2190 678 2235 IV,
704 2191 789 2232 372;
817 2191 877 2233 IX,
904 2190 984 2225 209.

276 2251 310 2286 4.
359 2261 396 2285 se
433 2262 504 2286 om.
541 2250 638 2289 Vnt„
678 2250 764 2287 add.
805 2246 994 2296 Heinsius3
1046 2250 1092 2286 (le
1146 2252 1253 2286 tacito
1290 2255 1431 2295 pectore
1470 2251 1533 2287 cfr.
1560 2250 1671 2296 Verg.

182 2311 275 2346 Aen.
300 2308 328 2350 L
355 2308 424 2343 502
450 2309 612 2344 Latonae
637 2310 783 2344 tacitum
803 2313 1045 2354 pertemptant
1068 2310 1202 2355 qaudz'a
1221 2314 1358 2354 pectus.

277 2367 309 2403 6.
357 2368 482 2410 faciles
518 2368 541 2402 i.
574 2379 606 2404 e.
641 2367 744 2403 facili
779 2368 933 2414 negotio
970 2369 1096 2414 parati
1133 2381 1181 2404 sc.
1217 2369 1266 2403 ad
1302 2369 1503 2405 Herculem
1540 2369 1671 2404 oblivi-

182 2426 371 2466 scendum,
398 2426 661 2472 deserendum
687 2427 734 2463 de
760 2428 831 2462 hac
857 2427 1034 2463 adjectivi
1056 2428 1176 2471 facilis
1200 2428 1353 2464 notione
1379 2428 1445 2464 cfr.
1472 2429 1522 2463 ad
1539 2428 1566 2469 Ι,
1595 2428 1673 2465 151.

277 2485 312 2521 8.
361 2487 457 2521 viros
481 2485 577 2531 Vat.‚
604 2487 680 2521 viro
707 2486 890 2523 Heinsius.

279 2544 312 2581 9.
360 2546 531 2580 incertam
556 2545 580 2580 i.
607 2557 637 2581 e.
664 2546 891 2581 nescientem
916 2558 988 2591 quo
1014 2558 1053 2582 se
1082 2548 1216 2587 vertat,
1244 2547 1334 2592 quid
1358 2547 1485 2587 faciat,
1523 2548 1672 2592 inopem

189 2603 341 2644 consilii,
366 2606 409 2638 ut
434 2603 500 2644 ΠΙ,
527 2604 614 2650 603;
663 2604 706 2648 V,
732 2604 820 2645 303;
871 2605 957 2640 Luc.
985 2605 1084 2647 VIII,
1113 2606 1196 2647 166;
1247 2606 1341 2642 falso
1368 2606 1557 2652 explicant
1582 2607 1672 2640 Bur-

187 2672 300 2696 mann
326 2663 365 2698 et
388 2662 556 2708 Wagner
580 2663 763 2699 incertam
790 2675 868 2699 esse
894 2664 1076 2700 Iunonem
1101 2665 1148 2701 de
1175 2667 1311 2701 eventu
1337 2666 1531 2701 bellorum.

282 2720 338 2756 12.
386 2732 503 2756 remm
528 2723 615 2758 mihi
636 2723 744 2765 firma
770 2727 948 2768 potesta&
986 2723 1155 2758 imitatus
1192 2725 1341 2759 videtur
1369 2724 1535 2759 Valerius
1562 2724 1672 2769 Verg.

1395 2783 1437 2818 18
