1890 3100
582 218 970 255 ARGONAVTICON
997 219 1145 254 LIBER
1170 218 1254 255 v11.
1575 219 1663 264 475

290 353 359 379 ore
386 339 530 378 fremit.
586 338 758 378 succede
786 351 913 386 meae,
942 339 1169 385 fortissime,
1197 337 1319 385 laudi,

291 410 332 444 et
358 409 516 443 nostros
544 403 690 451 recole,
719 403 879 455 hospes,
909 416 1038 455 agros.
1094 417 1170 442 nec
1199 403 1354 441 semina
1382 401 1537 449 derunt,

289 483 392 522 quae
419 470 528 521 prius
555 470 641 521 ipse
671 468 827 515 dabam,
856 474 898 507 et
923 481 1088 515 messes,
1119 480 1219 520 quas
1247 467 1358 506 solus
1386 466 1556 506 obibam.

288 534 462 572 consiliis
490 547 570 572 nox
596 547 678 572 una
704 534 814 580 satis,
841 539 1054 584 tecumque
1082 537 1255 571 retracta

293 612 463 651 cumque
492 599 570 637 tuis
598 599 700 637 haec
725 598 836 636 iussa
863 597 967 645 deis;
997 610 1044 636 ac
1073 596 1204 649 siquid
1231 597 1273 635 in
1300 597 1377 635 isto
1406 603 1469 636 est

288 664 443 712 robore,
472 663 665 716 praedicti
691 663 831 702 venies
859 663 901 701 in
928 675 1022 701 rura
1047 662 1209 701 laboris.

288 729 376 781 ipse
403 730 578 768 incertus
606 728 749 775 adhuc,
776 727 953 767 tenebris
981 732 1022 766 te
1051 728 1230 779 protinus
1258 726 1338 765 illis

288 794 439 832 involvi
465 793 712 846 flammisque
741 792 875 840 velim,
905 792 1047 831 durare
1076 805 1290 844 parumper

289 872 341 897 an
367 859 506 910 magis,
536 871 677 897 everso
705 858 828 896 iacias
857 857 950 896 dum
979 858 1132 896 semina
1160 871 1311 909 campo,

288 937 335 962 ac
361 923 434 962 tibi
462 923 628 962 Cadmei
657 922 751 961 dum
779 922 966 962 dentibus
995 928 1114 961 exeat
1142 922 1260 974 hydri

289 989 404 1028 miles
434 994 474 1027 et
502 994 653 1027 armata
679 988 892 1027 florescant
918 988 1026 1039 pube
1053 987 1249 1028 novales’.

340 1053 444 1092 Filia
470 1054 598 1106 prima
623 1054 745 1092 trucis
774 1066 913 1092 vocem
942 1053 1085 1091 mirata
1110 1053 1273 1104 tyranni

290 1119 422 1157 haesit
450 1124 491 1157 et
519 1118 570 1157 ad
597 1119 784 1156 iuvenem
812 1118 1005 1170 pallentia
1033 1118 1186 1156 rettulit
1215 1131 1284 1156 ora

290 1184 604 1235 contremuitque
633 1189 753 1230 metu,
783 1196 834 1221 ne
863 1183 1022 1221 nescius
1052 1182 1199 1221 audeat
1225 1182 1372 1234 hospes

290 1262 417 1301 seque
444 1249 565 1287 miser
591 1261 642 1287 ne
670 1261 789 1300 posse
818 1254 945 1299 putet.
1000 1248 1288 1299 perstrinxerat
1315 1248 1455 1286 horror

290 1314 420 1366 ipsum
448 1314 569 1359 etiam
597 1319 637 1352 et
664 1320 818 1351 maesta
845 1312 977 1351 stabat
1006 1312 1160 1351 defixus
1188 1313 1230 1351 in
1258 1313 1330 1352 ira.

289 1393 371 1418 non
397 1379 455 1417 ita
480 1378 715 1429 Tyrrhenus
744 1383 880 1430 stupet
905 1378 1124 1430 Ioniusque
1154 1378 1357 1429 magister,

290 1444 358 1496 qui
384 1444 463 1482 iam
490 1449 543 1491 te,
573 1443 776 1490 Tiberine,
804 1448 923 1482 tuens
953 1443 1183 1495 clarumque
1211 1456 1356 1483 serena

243 1602 247 1604 -
278 1556 335 1593 71.
382 1557 419 1593 si
442 1556 529 1601 quid
551 1557 591 1592 in
614 1557 686 1591 isto
709 1559 762 1591 est
785 1555 910 1591 robore
933 1555 1088 1591 obscure
1112 1555 1232 1598 dicta;
1276 1555 1359 1591 coll.
1391 1567 1425 1591 v.
1451 1554 1498 1592 59
1522 1555 1669 1592 videtur

182 1617 252 1653 hoc
275 1617 389 1662 poeta
413 1615 538 1651 dicere
562 1614 739 1650 voluisse:
779 1614 821 1649 ‘si
857 1614 946 1659 quid
983 1613 1099 1649 divini
1129 1614 1256 1649 auxilii
1290 1616 1348 1650 est
1378 1613 1418 1649 in
1449 1614 1523 1650 ista
1547 1614 1669 1650 navi’;

184 1674 428 1721 contemptim
453 1674 547 1709 dixit
570 1674 679 1709 robur
701 1673 840 1709 Aeetes
864 1685 932 1718 pro
957 1673 1046 1709 navi
1071 1684 1116 1708 ex
1139 1673 1243 1719 ligno
1270 1673 1383 1709 facta.

277 1734 333 1770 75.
383 1744 500 1770 everso
525 1751 569 1757 -—
594 1743 718 1777 campo
755 1733 779 1770 i.
806 1743 837 1768 e.
879 1733 986 1768 eruto
1023 1732 1071 1767 ab
1109 1733 1259 1768 aratore
1296 1732 1467 1768 similiter
1499 1733 1543 1767 ut
1566 1743 1664 1768 mare

186 1793 306 1830 everti
329 1792 465 1828 dicitur
487 1792 600 1837 Verg.
624 1792 716 1827 Aen.
741 1791 771 1832 I,
798 1791 845 1826 43
871 1792 910 1827 et
934 1802 1074 1826 eversae
1097 1803 1211 1836 aquae
1237 1791 1303 1829 Ov.
1328 1792 1406 1828 her.
1432 1791 1494 1834 VI,
1521 1791 1578 1828 40.

278 1852 335 1888 76.
383 1851 527 1887 seminis
546 1850 643 1891 Vat.,
669 1850 833 1885 dentibus
855 1849 1037 1886 Heinsius.

278 1911 383 1947 Haec
408 1910 465 1946 est
489 1909 644 1954 vulgata
668 1908 808 1949 fabula,
846 1920 920 1954 qua
956 1909 1183 1944 narrabatur
1220 1909 1352 1945 dentes
1377 1908 1488 1954 hydri
1514 1908 1669 1945 Cadmei

186 1970 357 2007 Iasonem
383 1969 531 2010 sevisse,
556 1968 624 2004 sed
646 1967 753 2003 initio
779 1967 890 2003 aliter
913 1968 1149 2010 tradebatur,
1175 1967 1348 2003 Iasonem
1372 1969 1582 2010 draconem,
1609 1967 1670 2014 qui

185 2029 304 2066 vellus
328 2027 573 2068 custodiebat,
598 2026 841 2067 interfecisse,
880 2025 1057 2062 deinde
1095 2026 1195 2061 eius
1231 2026 1364 2063 dentes
1397 2026 1545 2067 sevisse,
1582 2026 1671 2063 vide

188 2087 289 2125 Serv.
315 2087 365 2123 ad
388 2087 499 2132 Verg.
525 2097 653 2131 georg.
679 2085 730 2130 11,
756 2085 835 2125 140,
861 2084 926 2120 ubi
952 2085 1083 2120 addita
1108 2086 1167 2121 est
1192 2084 1307 2120 etiam
1340 2085 1461 2121 altera
1484 2085 1669 2128 narratio;

186 2147 303 2193 myth.
328 2147 413 2182 Vat.
438 2145 467 2191 1,
492 2146 555 2192 233
581 2144 643 2187 25;
669 2144 718 2186 II,
747 2144 832 2186 136;
858 2143 981 2180 Sidon.
1007 2143 1070 2186 IX,
1098 2144 1165 2191 70;
1192 2144 1318 2180 Muell.
1338 2144 1510 2182 Orchom.
1525 2157 1565 2192 p.
1582 2145 1670 2188 261;
1718 2156 1723 2160 ’

185 2205 313 2243 Iessen
335 2206 478 2252 proleg.
503 2205 543 2240 in
567 2204 678 2240 catal.
702 2204 840 2249 Argon.
866 2215 902 2248 p.
928 2203 984 2238 36.
1035 2203 1138 2246 Quae
1171 2203 1269 2239 ratio
1292 2204 1492 2250 postquam
1522 2205 1671 2240 mutata

187 2266 255 2311 est,
270 2265 443 2309 additum
459 2263 611 2299 fabulae
628 2263 836 2298 Minervam
854 2263 920 2297 aut
936 2262 1110 2298 Phrixum
1130 2264 1280 2308 partem
1297 2263 1465 2299 dentium
1484 2262 1670 2300 Cadmeae

188 2323 372 2370 serpentis
395 2323 538 2359 Aeetae
576 2322 739 2358 dedisse:
778 2321 930 2358 Pherec.
968 2322 1039 2368 irg.
1076 2322 1140 2366 443
1180 2322 1299 2368 Apoll.
1326 2322 1392 2368 111,
1430 2323 1522 2358 1177
1548 2334 1669 2369 seqq.;

186 2382 357 2428 ApoUod.
382 2381 411 2424 I,
437 2381 470 2424 9,
495 2382 552 2423 23,
578 2381 611 2422 4,
653 2380 767 2416 schol.
792 2380 899 2415 Pind.
924 2380 1055 2417 Isthm.
1081 2380 1164 2423 VH,
1191 2381 1258 2423 13;
1292 2381 1460 2427 Philarg.
1486 2381 1534 2417 ad
1558 2382 1670 2427 Verg.

189 2452 317 2488 georg.
341 2441 391 2486 II,
416 2441 495 2477 142.
543 2440 712 2475 Valerius
737 2439 903 2485 neglexit
926 2439 1103 2481 indicare,
1130 2440 1315 2488 quomodo
1352 2440 1496 2476 factum
1532 2440 1593 2485 sit,
1630 2442 1673 2476 ut

191 2500 328 2536 Aeetes
353 2500 485 2536 dentes
509 2499 694 2545 serpentis
721 2498 906 2535 Cadmeae
929 2499 1150 2545 possideret.

283 2559 343 2594 Ad
370 2559 575 2595 orationem
600 2559 741 2594 Aeetae
767 2557 832 2593 cfr.
859 2558 978 2604 Apoll.
1004 2558 1073 2602 111,
1098 2559 1168 2594 401
1194 2570 1296 2604 seqq.

285 2617 342 2653 82.
391 2618 521 2654 Paullo
560 2618 681 2653 minus
725 2617 874 2653 fortiter
911 2629 952 2653 se
988 2618 1088 2663 gerit
1124 2618 1236 2654 Iason
1274 2618 1374 2664 apud
1406 2618 1575 2664 Aponon.
1603 2617 1671 2657 HL

194 2675 263 2711 422
287 2687 386 2722 seqq.
