1890 3100
93 0 186 30 ’χε-1»,
200 16 202 18 ,

590 235 976 272 ARGONAVTICON
1001 235 1148 270 LIBER
1172 235 1202 271 Ι.
1559 236 1639 279 121

267 356 369 395 lucis
396 357 484 403 iter,
513 355 609 407 mihi
636 353 823 404 consiliis,
853 353 950 391 mihi
978 353 1138 404 cognita
1163 352 1282 392 bellis
1468 393 1470 395 ,

269 422 431 460 nomina
454 433 689 471 magnorum
715 418 822 458 fama
850 424 1006 456 sacrata
1031 422 1238 469 nepotum3
1644 432 1698 461 790

268 492 404 538 tuque,
434 485 564 525 excite
591 497 736 535 parens
764 483 926 530 umbris,
955 488 999 521 ut
1026 487 1162 520 nostra
1188 481 1348 520 videres

270 551 412 590 funera
439 555 479 588 et
507 549 651 588 oblitos
680 562 867 600 superum
894 554 1079 599 paterere
1108 547 1277 594 dolores,

271 615 323 654 da
347 614 529 667 placidae
556 614 653 652 mihi
681 613 787 652 sedis
815 614 892 652 iter
918 626 1063 665 meque
1091 613 1223 650 hostia
1250 612 1393 651 vestris

271 679 456 718 conciliet
482 679 702 730 praemissa
728 677 838 716 locis.
895 683 951 725 tu,
980 678 1119 716 nuntia
1148 682 1305 716 sontum

269 745 381 796 virgo
409 744 508 791 Iovi,
535 748 662 782 terras
691 742 816 781 oculis
845 756 948 795 quae
976 742 1168 794 prospicis
1198 742 1348 794 aequis,

270 810 514 860 ultricesque
543 808 643 847 deae
672 808 832 859 Fasque
862 813 903 846 et
930 807 1161 859 grandaeva
1188 807 1382 846 Furorum

269 874 407 912 Poena
432 886 589 925 parens,
619 873 769 912 meritis
797 873 918 923 regis*
934 871 1137 923 succedite
1165 873 1281 910 tectis

271 944 312 977 et
339 952 480 977 saevas
509 938 654 977 inferte
681 938 804 977 faces.
860 951 974 976 sacer
1001 938 1125 976 effera
1152 943 1282 989 raptet

272 1002 393 1042 corda
419 1016 560 1054 pavor;
589 1016 665 1042 uec
694 1002 781 1041 sola
806 1003 886 1041 mei
913 1003 1051 1051 gravia
1080 1002 1217 1041 adfore
1245 1002 1328 1040 nati

1645 757 1698 786 795

269 1081 378 1106 arma
404 1073 610 1119 ratemque
638 1073 770 1119 putet:
799 1067 950 1106 classes
981 1073 1020 1105 et
1047 1067 1213 1105 Pontica
1241 1067 1356 1118 signa
1644 1080 1699 1110 800

259 1203 340 1239 789.
388 1204 546 1239 conciliis
571 1203 667 1243 Vat„
694 1204 852 1238 consiliis
876 1203 955 1238 cod.
983 1203 1067 1237 Vat.
1092 1203 1194 1238 1613.

262 1274 342 1312 792.
391 1275 516 1310 oblitos
539 1285 705 1319 superum
723 1277 890 1318 patera-e
913 1274 1050 1309 dolores
1073 1273 1097 1310 i.
1125 1285 1157 1310 e.
1182 1273 1339 1314 dolores,
1367 1284 1458 1320 quos
1475 1272 1644 1308 homines

164 1334 204 1368 in
238 1334 342 1369 terra
377 1333 547 1369 viventes
571 1333 775 1379 patiuntur,
816 1333 928 1369 inferi
953 1334 1079 1368 autern
1115 1333 1191 1367 iam
1228 1332 1335 1368 obliti
1364 1333 1485 1374 sunt;‘
1515 1333 1645 1368 oblitus

165 1391 403 1438 participium
439 1404 522 1428 cum
558 1392 708 1438 passiva
743 1392 894 1428 notione
931 1392 1070 1437 legitur
1107 1392 1224 1427 etiam
1258 1391 1308 1431 Η,
1340 1391 1429 1433 389;
1462 1391 1524 1433 IV,
1557 1391 1643 1433 532;

165 1453 278 1497 Verg.
304 1451 370 1489 ecl.
394 1451 458 1493 IX.
485 1451 531 1487 53
540 1465 548 1494 ;
574 1452 682 1497 Prop.
707 1453 736 1496 Ι,
762 1452 818 1493 19,
844 1452 878 1488 6.

257 1511 381 1555 superi
404 1510 435 1546 si
461 1511 508 1546 de
533 1511 601 1550 eis.
642 1511 706 1558 qui
742 1512 828 1551 sunt
865 1512 957 1556 aput
989 1510 1145 1551 inferos,
1179 1522 1300 1547 sermo
1332 1511 1399 1549 est.
1432 1510 1645 1555 significant

166 1580 243 1610 eos.
267 1569 333 1616 qui
355 1569 395 1605 in
418 1571 522 1606 terra
546 1570 693 1606 vivunt:
718 1573 830 1616 Verg.
854 1571 947 1606 Aen.
971 1570 1034 1611 VI,
1059 1570 1148 1615 4813
1174 1570 1263 1612 568;
1291 1570 1378 1611 7803
1404 1570 1514 1615 Prop.
1539 1569 1589 1611 Π,
1612 1570 1643 1611 1,

165 1627 232 1670 37;
275 1627 338 1663 Sil.
362 1627 467 1670 Xffl,
492 1629 581 1671 607;
618 1628 705 1671 665;
742 1630 814 1674 frg.
850 1629 940 1674 pall.
976 1629 1049 1666 inc.
1085 1628 1158 1666 inc.
1188 1629 1232 1663 51
1265 1629 1308 1664 R.
1340 1630 1373 1664 si
1404 1640 1500 1664 nunc
1529 1628 1645 1664 redire

160 1689 284 1732 possa
306 1687 356 1722 aa
377 1698 525 1732 superos
542 1691 660 1732 pater.

259 1745 339 1781 793.
388 1746 446 1782 De
470 1747 648 1792 singulari
672 1747 719 1782 da
742 1747 830 1783 vide
855 1747 904 1782 ad
930 1747 1008 1782 135.

261 1804 340 1840 795.
388 1805 488 1851 viryo
520 1806 680 1842 Astraea
716 1806 950 1851 intellegitur
980 1807 1029 1842 ab
1058 1806 1327 1852 interpretibus
1367 1806 1448 1842 coll.
1481 1805 1530 1847 Π,
1556 1806 1643 1848 362;

167 1866 477 1900 commemoratur
514 1865 628 1900 etiam
665 1865 764 1911 apud
801 1865 975 1901 Ovidium
1011 1867 1100 1901 met.
1131 1866 1159 1906 Ι,
1194 1865 1281 1907 150;
1319 1865 1446 1901 Iuven.
1485 1865 1548 1908 VI,
1581 1865 1643 1907 19;

168 1922 248 1958 Oet.
273 1923 372 1968 trag.
395 1923 466 1958 424
474 1937 483 1966 ;
510 1924 660 1959 easdem
682 1925 810 1970 partes
836 1924 917 1970 agit
942 1925 1042 1970 apud
1074 1925 1206 1970 poetas
1231 1924 1394 1965 Latinos,
1422 1936 1514 1971 quas
1545 1924 1646 1970 apud

168 1981 330 2018 Graecos
354 1981 448 2027 Δίκη,
475 1982 550 2018 filia
574 1983 740 2025 Astraei;
773 1983 840 2019 cfr.
866 1984 969 2020 Arat.
995 1984 1132 2028 phaen.
1157 1983 1214 2019 98.

260 2039 340 2076 797.
390 2042 514 2077 Poena
550 2042 621 2077 dea
658 2042 837 2087 singulari
873 2053 1026 2078 numero
1059 2043 1130 2078 hoc
1161 2042 1244 2078 loco
1269 2042 1458 2087 cogitatur
1481 2044 1524 2077 ut
1549 2042 1642 2077 Stat.

167 2099 284 2136 Theb.
308 2099 408 2141 VIH,
434 2101 498 2143 25;
535 2101 681 2147 saepius
716 2101 852 2147 plurali
885 2101 991 2149 quasi
1021 2114 1088 2147 pro
1121 2101 1238 2136 Furiis
1270 2101 1524 2137 nominantur:
1563 2102 1644 2137 Val.

165 2158 247 2201 VII,
274 2159 360 2202 147;
388 2159 467 2196 Cul.
491 2159 579 2202 376;
606 2159 669 2197 Sil.
694 2160 746 2205 II,
772 2161 859 2207 5513
883 2160 979 2198 Stat.
1004 2161 1122 2196 Theb.
1147 2160 1189 2201 V,
1216 2161 1278 2202 60;
1304 2160 1390 2202 360;
1418 2160 1530 2206 Orph.
1555 2161 1644 2206 Arg.

166 2217 253 2262 9823
291 2219 423 2264 aperte
462 2219 741 2265 distinguuntur
777 2231 800 2255 a
836 2220 955 2255 Furiis
991 2220 1087 2257 Stat.
1118 2220 1235 2256 Theb.
1267 2219 1350 2261 XII,
1382 2220 1467 2262 646;
1505 2220 1644 2256 Lucan.

166 2275 230 2319 VI,
255 2275 341 2319 695;
367 2276 434 2313 cfr.
460 2277 652 2325 Dieterich
675 2278 825 2323 Necyae
849 2291 885 2324 p.
911 2278 968 2314 58.

259 2337 568 2378 mritis—tedis,
594 2337 722 2378 noxiis,
750 2336 818 2374 cfr.
844 2337 892 2373 ad
917 2337 1004 2380 7263
1029 2338 1133 2373 tecta
1157 2337 1238 2383 ipsa
1264 2337 1373 2382 culpa
1397 2336 1643 2382 implicantur,

167 2393 207 2430 111
231 2393 364 2441 quibus
388 2405 454 2431 rex
478 2395 637 2436 habitat,
663 2407 785 2442 neque
817 2407 908 2442 opus
935 2397 992 2432 est
1015 2396 1243 2441 hypallagen
1267 2397 1445 2431 statuere.

261 2452 341 2491 798.
391 2465 492 2490 sacer
521 2454 591 2500 (dis
621 2454 750 2490 inferis
785 2455 941 2490 devotus
977 2455 1122 2502 itaque)
1158 2455 1373 2493 horrendus,
1412 2455 1454 2488 ut
1480 2453 1539 2493 IV,
1578 2452 1646 2487 185

169 2521 271 2549 mma
291 2523 397 2549 saera
428 2505 536 2555 metm
573 2513 655 2553 m
683 2513 750 2549 165
786 2524 888 2550 sam
906 2525 1114 2556 —venenm
1155 2513 1286 2550 8311111.
1323 2513 1418 2553 xlv,
1452 2512 1496 2547 12
1526 2512 1642 2546 horn·-

169 2570 270 2606 bt'lem
293 2575 327 2607 et
348 2582 488 2607 merum
514 2572 685 2619 libellum3
722 2575 835 2618 Verg.
859 2573 952 2609 Aen.
977 2572 1039 2612 VI.
1066 2572 1136 2607 573
1172 2574 1305 2617 portae
1330 2571 1479 2607 Tartari
1511 2581 1640 2605 sacrae

170 2629 417 2666 nominantur.

262 2687 342 2724 800.
391 2689 478 2727 Luc.
502 2689 603 2731 Vm.
629 2690 689 2726 26.
