1890 3100
585 217 972 256 ARGONAVTICON
995 217 1144 252 LIBER
1170 216 1238 251 ΠΙ.
1542 218 1632 262 219

254 340 447 393 ‘linquite'
477 340 551 378 ait:
582 338 699 378 ‘ferro
726 338 860 390 potius
887 336 986 374 mihi
1013 335 1192 382 dextera,
1222 335 1329 373 ferro

250 412 374 445 navet
402 405 525 458 opus‚’
553 414 824 456 prensumque
851 415 973 440 manu
1000 400 1211 440 detruncat
1238 400 1470 439 Amastrum
1631 413 1686 443 145

253 470 512 523 diversasque
540 469 660 508 simul
686 468 816 508 socios
843 466 1036 506 invadere
1064 472 1214 504 turmas

252 536 467 574 admonuit.
521 540 694 586 pergunt
721 539 839 585 rupta
865 531 1067 571 testudine
1095 531 1186 579 fusi,

252 615 333 653 qua
357 600 550 640 tenebrae
580 599 789 651 campique
817 598 964 637 ferunt.
1019 597 1153 649 gravis
1181 596 1336 635 invenit
1366 594 1524 635 Ochum

250 666 388 704 Phlias
419 671 460 704 et
486 664 642 716 trepido
669 664 817 702 Pollux
843 663 1076 714 impingitur
1102 662 1254 700 Hebro.

250 732 338 783 ipse
367 743 488 782 super
514 729 649 768 vultus
678 729 854 781 taboque
881 728 1062 766 natantia
1089 734 1206 778 terga
1632 732 1688 762 150

253 796 335 835 dux
363 796 492 847 campi
517 795 737 846 Martisque
766 799 910 845 potens
938 799 983 831 ut
1011 806 1132 832 caeca
1158 791 1358 844 profundo

252 861 374 900 currit
400 860 568 912 hiemps,
599 859 731 910 Zelyn
759 864 800 897 et
827 859 979 897 Broten
1006 857 1253 910 Abarimque
1282 857 1472 909 relinquit

252 926 493 974 seminecem
524 925 723 964 Glaucum
751 925 932 976 sequitur
960 923 1240 975 Glaucumque
1269 928 1453 960 ruentem

252 996 423 1042 occupat
450 996 492 1029 et
518 990 656 1041 iugulo
684 989 830 1028 vulnus
860 989 1022 1027 molitur
1049 994 1200 1040 aperto.

250 1055 318 1095 ille
347 1069 467 1094 manu
496 1062 633 1093 contra
660 1055 785 1093 telum
812 1060 925 1093 tenet
953 1054 1092 1092 ultima
1119 1053 1267 1091 frustra
1631 1064 1686 1094 155

250 1121 375 1159 verba
404 1122 526 1168 ciens,
556 1121 758 1172 fixamque
786 1119 898 1158 videt
927 1119 1163 1158 decrescere
1192 1132 1368 1157 cornum.

250 1186 344 1224 hinc
370 1186 523 1237 Halyn,
555 1186 648 1223 hinc
676 1184 804 1236 rigido
833 1190 1111 1222 transcurrens
1142 1183 1308 1222 demetit
1337 1196 1434 1222 ense

240 1323 319 1358 145.
368 1322 553 1357 detruncat
576 1322 794 1365 Amastrum,
821 1322 933 1365 caput
959 1319 1164 1366 abscindit3
1190 1319 1257 1355 cfr.
1286 1319 1433 1365 Coripp.
1459 1319 1540 1355 Ioh.
1566 1319 1629 1362 IV,

145 1381 215 1417 928
239 1381 369 1427 Fuqen
393 1402 438 1406 —
462 1381 650 1415 detruncat
673 1381 824 1415 vulnere.

240 1440 319 1476 148.
368 1441 501 1476 invenit
527 1439 668 1475 Ochum.
719 1439 837 1475 Recte
863 1438 954 1474 dicit
970 1439 1163 1473 Burmann
1179 1439 1265 1474 ideo
1281 1438 1498 1474 inveniendi
1514 1437 1630 1473 verbo

143 1512 254 1540 usum
275 1511 356 1535 esse
380 1501 543 1545 poetam,
570 1499 670 1544 quod
693 1498 821 1533 Phlias
847 1509 935 1533 casu
959 1509 1029 1543 per
1052 1498 1232 1533 tenebras
1257 1498 1296 1532 in
1322 1497 1466 1533 Ochum
1490 1496 1630 1532 incide-

145 1558 211 1601 rit;
238 1559 371 1595 eodem
393 1558 584 1604 pertinere
607 1558 820 1603 impinyitur
843 1569 878 1592 v.
905 1557 985 1592 149.

242 1618 320 1653 150.
370 1618 530 1653 labantia
554 1617 638 1653 cdd.
664 1617 716 1660 (in
734 1617 819 1652 Vat.
847 1617 983 1652 desunt
1010 1617 1222 1660 146—185),
1250 1617 1420 1651 natantia
1444 1616 1628 1651 Heinsius.

242 1677 322 1713 151.
370 1687 474 1712 caeca
497 1678 633 1721 hiemps
658 1676 794 1711 dicitur
818 1677 861 1710 ut
884 1687 957 1711 nox
980 1676 1143 1711 tenebrae
1166 1677 1280 1721 oaliyo
1304 1675 1386 1712 sim.

240 1736 318 1770 152.
368 1735 479 1781 Zelyn
502 1735 710 1771 nominavit
734 1735 905 1780 Apollon.
932 1734 960 1775 L
989 1735 1098 1781 10423
1133 1735 1264 1770 Brotes
1289 1735 1390 1780 apud
1418 1746 1503 1770 eum
1526 1735 1630 1770 vide-

145 1795 209 1829 tur
246 1805 326 1830 esse
363 1795 597 1840 Μεγαβρὸπης
633 1795 734 1836 1041,
774 1805 887 1839 quare
927 1793 1082 1829 Caussin
1117 1794 1327 1839 suspicatur
1351 1794 1513 1829 Bronten
1551 1805 1631 1829 esse

146 1853 359 1900 legendum,
385 1853 547 1889 fortasse
570 1856 685 1891 recte.

244 1913 321 1948 153.
370 1912 516 1948 Nomen
547 1913 738 1958 proprium
761 1913 946 1958 repetitur
982 1924 1028 1948 ex
1062 1912 1274 1948 imitatione
1298 1912 1514 1961 Vergiliana
1538 1912 1631 1948 Aen.

146 1971 212 2012 IX,
235 1971 307 2006 439
336 1971 547 2007 Volscentem
570 1973 678 2016 petit;
704 1973 742 2007 in
773 1972 848 2007 solo
878 1972 1057 2007 Volscente
1087 1975 1266 2018 moratum
1299 1972 1342 2013 X,
1376 1972 1448 2006 810
1471 1971 1632 2007 Lausum

147 2031 338 2076 increpitat
360 2031 549 2075 lau-eoque
571 2031 745 2073 minatum
772 2031 838 2066 cfr.
864 2031 963 2066 infra
988 2030 1058 2065 183
1082 2042 1157 2076 seq.

244 2090 324 2126 154.
371 2090 500 2125 vulnus
523 2090 705 2125 molitur
729 2101 805 2125 non
828 2091 904 2124 tam
933 2090 1070 2125 dicitur
1093 2090 1241 2125 ratione
1267 2090 1399 2125 habita
1423 2090 1631 2126 contentio-

147 2148 205 2184 nis
220 2148 363 2184 Iasonis
387 2159 500 2194 quam
523 2149 721 2194 gravitatis
746 2149 919 2188 vulneris,
947 2148 1014 2184 cfr.
1042 2149 1108 2184 Ov.
1134 2151 1223 2186 met.
1242 2149 1283 2190 V,
1309 2149 1379 2184 366
1404 2160 1523 2185 omnes
1545 2160 1634 2194 cape

148 2209 230 2252 tela,
256 2207 404 2252 Cupido,
431 2208 545 2253 Inque
569 2208 626 2243 da·
651 2212 779 2252 peetus
813 2209 939 2243 celeres
961 2209 1084 2244 molire
1118 2209 1286 2254 emittam
1325 2207 1418 2244 Stat.
1446 2208 1565 2246 Theb.
1601 2209 1631 2250 Ι,

147 2266 217 2302 457
236 2268 344 2312 prior
366 2267 454 2302 haec
476 2267 526 2302 ad
550 2267 675 2303 limina
696 2267 790 2309 forte
815 2267 968 2302 Mok‘tm·
991 2278 1143 2313 yroeaus.

244 2325 325 2362 155.
373 2326 506 2362 Telum
530 2326 674 2362 Iasonis
698 2326 861 2362 retinere
887 2328 1044 2362 conatur
1069 2326 1242 2363 Glaucus.

243 2385 322 2420 156.
371 2386 477 2422 verba
500 2387 611 2427 vien-sn
645 2385 755 2420 81111111
785 2387 973 2422 sententia
1004 2387 1140 2422 dicitur
1164 2386 1275 2432 Verg.
1301 2398 1430 2432 georg.
1461 2386 1528 2427 ΪΠ,
1563 2387 1631 2421 517

148 2439 387 2490 &remosque
409 2445 476 2480 ciet
498 2446 665 2490 ymnitus;
692 2445 757 2482 cfr.
786 2446 900 2481 etiam
925 2446 1030 2481 Lucr.
1069 2446 1111 2486 V,
1152 2446 1244 2481 1058
1280 2446 1462 2482 dissimili-s
1497 2447 1634 2482 soleant

149 2513 249 2539 vom
271 2505 459 2549 vaniusque
482 2505 579 2539 ciere.

244 2561 435 2598 Decrescit
461 2574 603 2604 cornus,
631 2575 715 2598 cum
739 2563 851 2599 altius
875 2564 915 2599 in
939 2564 1106 2610 iugulum
1131 2564 1346 2602 intruditur.

246 2621 325 2659 157.
373 2626 621 2659 &unacum-ens
646 2635 695 2659 sc.
722 2624 769 2659 ab
795 2624 869 2660 alio
895 2625 945 2659 ad
970 2625 1095 2661 alium.

244 2681 436 2718 demetendi
471 2683 587 2718 verbo
620 2684 757 2728 poetae
788 2683 843 2718 ita¹
879 2683 1099 2729 plerumque
1130 2686 1296 2724 utuntur.
1334 2686 1377 2719 ut
1407 2684 1629 2729 significent,
