1890 3100
568 247 953 286 ARGONAVTICON
977 246 1123 281 LIBER
1146 246 1175 280 Ι.
1529 245 1612 288 123

244 378 442 424 contegat.
497 371 597 408 haec
624 374 761 407 noster
788 366 839 405 de
867 378 964 417 rege
991 364 1152 416 piacula
1180 364 1348 414 sanguis,

245 443 373 476 sumat
401 442 442 475 et
468 436 547 474 heu
577 438 744 472 cunctae
774 444 872 484 quas
900 431 1007 468 misit
1034 430 1075 467 in
1103 441 1279 480 aequora
1307 433 1448 478 gentes
1616 448 1671 476 815

246 522 1520 541 ····················

247 587 1522 607 ····················

247 696 397 735 adstitit
426 701 466 733 et
492 694 606 745 nigro
634 693 826 731 fumantia
853 691 998 743 pocula
1024 690 1118 728 tabo

250 761 414 812 contigit
440 760 529 811 ipsa
555 759 668 810 gravi
695 758 902 795 Furiarum
930 755 1103 794 maxima
1131 753 1289 801 dextra3

235 926 316 962 814.
363 928 481 960 noster
504 924 651 969 sanquis
674 923 698 958 i.
725 933 756 959 e.
780 922 886 966 filius,
912 922 955 955 ut
979 919 1126 965 saepius
1152 919 1252 964 apud
1276 919 1419 964 poetas.

235 985 325 1021 Post
359 984 458 1019 hunc
493 994 642 1018 versum
679 981 839 1017 editores
874 981 1019 1025 ponunt
1049 990 1150 1022 eum,
1183 977 1246 1024 qui
1276 977 1316 1012 in
1339 977 1426 1012 Vat.
1452 976 1621 1023 sequitur

140 1045 227 1089 post
251 1043 336 1079 822:
373 1046 490 1078 sumat
526 1045 559 1077 et
593 1042 661 1077 heu
696 1043 842 1075 cunctae
876 1050 966 1084 qua-s·
998 1038 1094 1073 misit
1126 1039 1166 1073 in
1191 1047 1345 1082 aequora
1368 1039 1496 1081 yemes.
1547 1035 1621 1071 Sed

142 1103 299 1138 maiores
324 1103 411 1137 sunt
434 1101 568 1136 turbae
595 1101 633 1135 et
656 1099 782 1145 plures
807 1109 935 1134 versus
962 1097 1187 1141 exciderunt,
1215 1107 1259 1131 ex
1286 1095 1419 1142 quibus
1443 1094 1506 1130 ille
1523 1095 1622 1130 solus

145 1161 266 1197 alieno
289 1161 372 1196 loco
397 1160 494 1195 forte
521 1159 688 1195 servatus
715 1159 782 1193 est.
830 1156 960 1201 Neque
987 1155 1085 1191 enim
1109 1156 1252 1200 gentes,
1285 1154 1363 1190 sive
1395 1155 1482 1189 sunt
1504 1154 1623 1199 Argo-

143 1221 298 1261 nautae,
335 1219 429 1260 sive,
458 1218 558 1265 quod
583 1229 652 1263 ego
677 1228 807 1252 verum
829 1216 938 1261 puto,
977 1225 1103 1250 omnes
1135 1214 1234 1249 orbis
1268 1215 1454 1248 terrarum
1478 1214 1623 1258 gentes,

146 1290 242 1326 quae
275 1278 577 1324 Argonautarum
614 1275 823 1321 exemplum
859 1275 1010 1310 secutae
1046 1273 1139 1308 mari
1175 1273 1350 1308 intrando
1381 1283 1421 1308 se
1450 1272 1623 1318 periculis

147 1337 320 1378 obicient,
357 1337 432 1372 ullo
468 1336 578 1372 modo
619 1336 774 1381 possunt
798 1345 957 1379 poenam
987 1333 1092 1368 illam
1116 1343 1139 1367 a
1163 1332 1268 1368 Pelia
1291 1332 1477 1377 repetere,
1501 1342 1623 1378 neque

148 1397 294 1443 adstitit,
321 1397 421 1443 quod
444 1395 611 1442 sequitur
634 1394 673 1429 in
698 1406 733 1430 v.
758 1393 837 1434 816,
863 1393 960 1428 bene
986 1393 1162 1428 cohaeret
1187 1403 1270 1426 cum
1302 1390 1366 1435 eis,
1398 1401 1494 1436 quae
1519 1391 1624 1426 ante-

149 1456 296 1498 cedunt,
321 1466 442 1502 neque
484 1454 649 1490 debebat
685 1453 814 1488 deesse
847 1451 1014 1487 narratio
1046 1451 1093 1485 de
1123 1451 1231 1485 tauro
1256 1449 1446 1485 immolato
1473 1449 1624 1496 eiusque

147 1514 328 1560 sanguine
351 1513 485 1560 poculo
512 1513 686 1558 excepto;
718 1512 812 1549 haec
838 1509 1023 1545 dubitatio
1055 1509 1293 1556 aliquomodo
1317 1508 1515 1544 tolleretur
1540 1520 1625 1544 con-

147 1567 300 1609 iectura*
309 1573 466 1617 porriyit
482 1583 551 1617 pro
576 1571 731 1616 contiyit,
759 1581 870 1617 quam
886 1568 1079 1614 proposuit
1098 1567 1251 1603 Caussin
1274 1567 1375 1613 apud
1390 1567 1624 1603 Lemairium.

149 1631 262 1667 Tauri
285 1630 503 1676 'sanguinem
537 1629 637 1675 apud
673 1628 844 1675 antiquos
874 1638 1058 1663 venenum
1091 1626 1325 1662 mortiferum
1349 1626 1521 1661 habitum
1547 1638 1626 1662 esse

147 1690 206 1726 vel
246 1701 291 1726 ex
327 1689 457 1726 fabula
492 1689 558 1724 illa
596 1689 642 1724 de
679 1686 939 1723 Themistoclis
969 1687 1090 1721 morte
1123 1685 1266 1720 tradita
1290 1686 1420 1720 notum
1446 1687 1513 1729 est,
1551 1685 1625 1722 vid.

148 1749 248 1786 Plut.
273 1748 450 1785 Themist.
476 1748 539 1795 313
574 1747 705 1783 eodem
735 1746 845 1782 modo
870 1745 1162 1781 Psammenitum
1196 1744 1466 1791 Aegyptiorum
1500 1756 1627 1790 regem

149 1807 304 1854 periisse
339 1807 506 1843 narravit
536 1807 743 1843 Herodotus
781 1805 850 1850 ΙΙΙ,
882 1805 937 1841 15.
984 1804 1059 1840 cfr.
1096 1804 1192 1840 Plin.
1229 1806 1306 1840 nat.
1347 1804 1432 1841 hist.
1470 1804 1532 1846 XI,
1558 1805 1628 1839 222

0 1877 11 1926 ξ
150 1871 335 1902 tamor-mn
372 1866 549 1912 (sanguis)
587 1867 760 1900 celan-ime
795 1865 864 1900 coit
900 1868 1004 1908 atque
1040 1864 1215 1906 decrescit,
1243 1863 1319 1898 ideo
1351 1863 1502 1908 pestifer
1533 1867 1629 1908 potu

0 1928 14 1967 {3
149 1927 315 1971 maaeimc3
341 1925 511 1971 Sophocl.
537 1926 606 1970 frg.
628 1924 714 1966 663;
748 1924 935 1968 Aristoph.
961 1923 1052 1967 Equ.
1077 1923 1134 1958 83.
1186 1922 1359 1958 Ceterum
1383 1922 1629 1967 Apollodorus

0 1967 10 1985 ¹
151 1984 285 2020 eadem
319 1984 475 2029 ratione,
513 1994 587 2030 qua
615 1982 792 2023 Valerius,
831 1982 1012 2017 Aesonem
1042 1981 1228 2016 interiisse
1259 1981 1392 2023 tradit,
1430 1981 1501 2016 nisi
1533 1982 1630 2028 quod

151 2043 342 2089 rogaverit
364 2043 509 2084 Pelian,
547 2043 589 2077 ut
625 2041 694 2077 sibi
728 2041 940 2077 voluntaria
976 2042 1096 2076 morte
1120 2039 1274 2075 interire
1298 2040 1446 2087 liceret,
1477 2052 1630 2076 uxorem

153 2102 231 2138 eius
254 2102 390 2148 laqueo
414 2102 531 2137 vitam
556 2101 716 2136 finivisse
742 2100 832 2135 dicit
855 2100 885 2141 Ι,
904 2099 938 2144 9,
955 2100 1010 2140 27,
1029 2100 1067 2146 1;
1094 2099 1190 2144 apud
1215 2099 1320 2135 Diod.
1346 2100 1407 2140 1V,
1437 2100 1484 2134 50
1507 2100 1630 2136 Aeson

154 2172 178 2196 a
201 2160 306 2197 Pelia
331 2160 514 2205 cogitur
539 2160 757 2205 sanguinem
780 2159 911 2195 bibere
937 2160 976 2194 et
1001 2170 1091 2194 uxor
1116 2158 1243 2203 gladio
1274 2170 1314 2194 se
1344 2159 1532 2195 interficit.
1581 2160 1631 2194 At

154 2219 226 2255 nisi
243 2219 366 2255 omnia
382 2219 528 2262 fallunt,
545 2219 712 2255 Valerius
729 2218 799 2253 sibi
829 2229 901 2253 non
920 2218 1092 2253 constans
1118 2219 1179 2257 VI,
1198 2218 1267 2252 444
1285 2218 1443 2254 alteram
1466 2218 1632 2253 fabulam

155 2278 292 2324 tangit,
330 2289 403 2325 qua
426 2278 549 2314 Aeson
586 2277 747 2313 reditum
778 2277 843 2311 filii
876 2276 1013 2311 vidisse
1040 2278 1077 2312 et
1103 2288 1125 2311 a
1150 2276 1284 2312 Medea
1308 2276 1463 2321 magicis
1489 2277 1631 2312 artibus

155 2337 195 2372 in
218 2337 389 2373 iuvenem
427 2347 621 2373 conversus
655 2347 733 2372 esse
764 2336 986 2371 tradebatur
1019 2336 1058 2370 in
1091 2336 1269 2377 carmine,
1309 2336 1408 2382 quod
1433 2338 1556 2372 Νόστοι
1578 2336 1631 2370 in-

157 2396 346 2440 scribitur3
383 2395 450 2432 cfr.
485 2407 565 2441 arg.
597 2395 754 2431 Medeae
778 2395 912 2440 Eurip„
945 2395 1009 2430 ubi
1039 2396 1118 2430 tres
1151 2406 1278 2430 versus
1305 2406 1349 2430 ex
1374 2395 1444 2430 hoc
1470 2395 1632 2430 carmine

158 2454 297 2490 servati
338 2455 531 2508 leguntur:
584 2455 698 2490 αὐτίκα
739 2453 894 2491 δἈἷσονα
935 2457 1019 2500 θῆκε
1061 2454 1152 2499 φίλον
1193 2455 1288 2499 κόρον
1329 2453 1483 2499 ἡβώοντα
1525 2457 1633 2499 Γῆρας

158 2513 350 2557 ἆποξύσασα
396 2513 530 2564 ῖδυίῃσιν
582 2513 777 2559 πραπίδεσσι
834 2515 999 2558 Φάρμακα
1047 2514 1138 2549 πόλλ’
1189 2511 1302 2556 ἔψουσ’
1367 2512 1418 2549 ἐπὶ
1463 2513 1634 2559 χρυσείοισι

158 2571 303 2618 sternam
329 2572 396 2608 cfr.
423 2572 489 2610 Ov.
516 2574 603 2608 met.
630 2573 710 2617 VII,
738 2572 806 2607 129
831 2583 952 2619 seqq.;
988 2572 1058 2606 250
1083 2583 1207 2618 seqq.;
1234 2572 1350 2616 myth.
1377 2572 1462 2607 Vat.
1490 2574 1518 2615 Ι,
1546 2571 1630 2615 188;

160 2630 208 2673 Π,
235 2630 314 2667 137.
1277 2647 1282 2651 -

254 2701 333 2736 817.
383 2701 581 2737 Furiarum
612 2702 800 2737 ”mximam
826 2701 981 2746 sumpsit
1006 2703 1119 2746 poeta
1146 2712 1189 2737 ex
1215 2703 1326 2745 Verg.
1353 2704 1440 2737 Aen.
1469 2700 1537 2743 ΠΙ,
1564 2700 1632 2733 252
