1890 3100
214 193 301 236 332
763 191 800 226 Ο.
826 190 1009 225 VALERI
1035 190 1209 226 FLAOOI

324 310 450 362 prima
480 310 706 348 coruscanti
736 310 893 362 signum
924 309 1036 349 dedit
1065 309 1208 361 aegide
1237 310 1351 361 virgo
1708 311 1766 342 870

323 375 558 414 fulmineam
587 375 762 413 iaculata
789 376 931 414 facem.
989 375 1153 413 vixdum
1184 374 1308 413 ardua
1338 380 1475 413 cautes

325 447 515 485 cesserat,
545 441 616 479 illa
643 441 784 479 volans
814 441 927 479 tenui
956 454 1028 492 per
1057 441 1213 478 concita
1242 454 1339 479 saxa

322 506 415 545 luce
444 506 565 558 fugit;
595 505 752 544 rediere
781 507 876 544 viris
908 507 1109 558 animique
1138 519 1374 558 manusque,

325 578 369 610 ut
398 571 536 610 videre
565 572 681 610 viam.
739 576 909 623 ‘sequor‚
941 585 963 609 o
994 571 1234 623 quicumque
1264 570 1454 619 deorum',

326 637 566 684 Aesonides,
599 643 685 676 ‘nec
714 637 847 684 sallis',
880 638 945 684 ait,
977 650 1252 690 praecepsque
1282 637 1461 688 Fragores
1708 632 1770 662 ⁶⁷5

327 717 400 755 per
428 703 582 742 medios
611 704 690 741 ruit
720 708 759 741 et
788 703 896 741 fumo
927 716 971 742 se
1001 702 1178 741 condidit
1208 709 1307 742 atro.

327 775 518 821 coeperat
545 769 638 807 hinc
667 768 815 807 cedens
847 768 1028 807 abductis
1058 769 1259 807 montibus
1290 768 1398 806 unda

328 834 436 873 ferre
466 839 592 872 ratem
621 834 849 886 pelagoque
881 833 966 872 dies
998 847 1207 872 occurrere
1237 839 1386 885 aperto.

329 899 402 938 sed
431 913 565 951 neque
594 899 798 951 permissis
828 899 907 937 iam
936 898 1106 937 fundere
1135 904 1267 937 rector
1295 899 1463 937 habenis

327 966 430 1012 vela,
460 978 536 1003 nec
567 965 664 1003 eniti
692 965 811 1003 remis
842 970 958 1016 pote:
987 978 1075 1002 cum
1105 977 1226 1016 super
1255 963 1400 1003 adsunt
1719 952 1774 982 ⁶⁸⁰

330 1031 544 1083 Cyaneae;
574 1031 719 1082 premit
748 1029 855 1068 unda
884 1035 1011 1068 ratem
1041 1029 1275 1082 scopulique
1305 1030 1487 1068 feruntur

224 1181 328 1215 certo
354 1179 485 1216 sciant.
530 1179 663 1224 pendet
681 1200 726 1204 -—
741 1179 850 1221 favor
868 1199 895 1204 -
930 1179 975 1214 ab
1002 1179 1102 1214 ausis
1120 1178 1261 1213 dictum
1289 1179 1347 1213 est
1372 1179 1414 1212 ut
1439 1177 1467 1219 I,
1492 1178 1563 1213 481
1587 1178 1722 1223 ΤιῬῘψε

216 1239 396 1284 pendebat
421 1241 465 1274 ab
491 1243 598 1280 astro,
627 1239 691 1274 ubi
716 1238 802 1274 vide
829 1240 956 1274 annot.
985 1240 1024 1274 et
1048 1238 1165 1273 verba
1192 1238 1235 1272 ab
1254 1238 1354 1273 ausis
1369 1237 1513 1283 pariter
1531 1237 1723 1282 adpendet

224 1300 339 1343 atque
366 1299 415 1333 ad
441 1303 541 1334 ortus
565 1299 765 1334 referenda
791 1300 887 1334 sunt.

319 1358 398 1394 670.
450 1358 598 1404 Duplici
623 1358 745 1402 modo,
774 1359 812 1393 et
844 1358 977 1403 aegide
1005 1359 1043 1393 et
1069 1357 1235 1393 fulmine.
1263 1357 1410 1403 signum
1436 1357 1504 1392 dat
1532 1356 1720 1398 Minerva;

224 1419 317 1454 haec
341 1418 577 1464 potissimum
595 1418 666 1454 dea
679 1419 832 1463 praeter
847 1419 973 1453 lovem
999 1417 1164 1452 fulminis
1190 1417 1376 1452 iaculandi
1390 1418 1525 1462 potens
1551 1417 1721 1462 apparet,

224 1489 315 1512 nam
341 1489 436 1523 quae
462 1478 557 1513 Iuno
572 1478 664 1512 dicit
690 1478 791 1523 apud
817 1477 898 1513 Val.
926 1478 953 1518 1,
971 1477 1049 1517 116,
1064 1477 1187 1512 minae
1207 1478 1293 1512 sunt
1311 1476 1431 1521 magis
1449 1476 1506 1511 ira
1525 1486 1723 1521 expressae

226 1549 339 1582 quam
365 1537 550 1573 efficaces.
579 1537 653 1573 Cfr.
679 1537 791 1582 Verg.
820 1538 911 1574 Aen.
937 1537 966 1577 I,
994 1537 1057 1583 423
1085 1535 1168 1571 Seu.
1197 1537 1327 1581 Agam.
1355 1535 1442 1577 370;
1481 1535 1573 1577 52&
1614 1535 1724 1571 Drac.

225 1596 288 1637 IV,
315 1597 362 1632 43
387 1597 449 1638 B.;
478 1597 649 1641 Aeschyl.
675 1597 780 1632 Eum.
807 1597 897 1638 8273
925 1596 1082 1632 Prelleri
1107 1597 1226 1641 myth.
1253 1607 1377 1640 graec.
1404 1595 1449 1636 1⁴,
1478 1594 1556 1629 191.

321 1656 402 1692 673.
452 1657 587 1692 rediere
624 1657 712 1692 viris
737 1657 916 1701 animique
941 1667 1152 1700 manusque;
1187 1655 1354 1690 breviter
1388 1654 1531 1690 dictum
1567 1665 1636 1699 pro
1681 1665 1725 1689 eo

227 1716 329 1760 quod
355 1718 412 1752 est
439 1716 642 1752 ‘redierunt
670 1716 784 1751 animi
810 1716 982 1750 manibus
1007 1727 1119 1761 porro
1146 1726 1267 1750 remos
1294 1714 1510 1760 impellere'.

321 1776 401 1812 675.
451 1777 504 1811 vel
526 1777 623 1817 Vat.,
650 1787 713 1811 nec
729 1775 901 1811 Koestlin
925 1775 1058 1810 Philol.
1086 1774 1141 1818 39,
1169 1775 1256 1811 237:
1294 1774 1392 1817 fauit
1408 1773 1505 1812 Vat..
1526 1773 1626 1816 fallis
1643 1772 1724 1808 cod.

229 1839 371 1872 Monac.
398 1847 498 1872 man.
524 1847 596 1871 sec.

322 1897 404 1933 676.
451 1897 535 1938 fuso
560 1896 658 1936 Vat„
683 1896 782 1938 fumo
810 1895 890 1930 cod.
920 1894 1039 1938 Can-‚3
1067 1895 1114 1930 de
1140 1893 1329 1929 sententia
1363 1892 1430 1929 cfr.
1456 1892 1536 1928 660.

324 1956 403 1991 678.
454 1956 555 1990 unda
577 1956 673 1998 ferre
696 1959 830 1998 ratem,
856 1955 957 1990 idem
974 1955 1017 1989 fit
1034 1955 1156 1989 motus
1176 1953 1371 1988 undarum.
1391 1952 1453 1997 qui
1469 1952 1546 1987 iam
1563 1951 1633 1986 644
1650 1962 1725 1996 seq.

231 2016 441 2061 descriptus
468 2016 561 2051 erat.

319 2076 516 2120 pelayoque
555 2075 628 2110 dies
653 2085 836 2110 occurrere
861 2078 1005 2118 apert03
1046 2085 1129 2108 cum
1155 2072 1398 2108 recessissent
1428 2070 1579 2116 scopuli,
1612 2081 1727 2111 mare,

231 2136 331 2181 quod
355 2135 455 2171 inter
481 2146 544 2170 eos
570 2135 722 2171 fluebat.
751 2135 924 2180 apertum
950 2137 1032 2169 erat
1059 2135 1251 2177 fumusque
1278 2131 1493 2172 evanuerat,
1519 2130 1575 2166 ita
1599 2130 1643 2165 ut
1666 2130 1729 2164 lux

236 2195 312 2230 diei
337 2194 462 2229 nautis
488 2207 613 2229 rursus
640 2194 850 2239 offulgeret.

329 2254 410 2289 679.
455 2254 643 2298 permissis
668 2275 712 2279 —
738 2254 903 2294 habenis;
941 2252 1164 2298 permittere
1191 2251 1360 2287 habenas
1385 2249 1536 2295 proprie
1562 2249 1609 2284 de
1637 2259 1730 2294 equo

233 2313 427 2349 incitando
454 2313 591 2348 dicitur
617 2313 698 2348 Tib.
725 2313 785 2353 IV,
816 2313 845 2352 1,
873 2312 935 2354 92:
988 2311 1071 2347 Sen.
1097 2311 1260 2346 Phaedr.
1287 2309 1396 2351 1006;
1435 2309 1482 2344 de
1507 2308 1730 2343 rudentibus

235 2373 404 2409 velorum
447 2372 622 2407 usitatius
665 2374 722 2407 est
762 2372 947 2407 inmittere
974 2372 1159 2407 habenas:
1186 2370 1266 2405 Val.
1306 2369 1333 2409 I,
1373 2368 1459 2410 687;
1498 2367 1603 2409 VIII,
1644 2367 1729 2409 139;

235 2432 347 2477 Verg.
373 2432 464 2468 Aen.
491 2432 553 2472 VI,
582 2433 618 2474 13
658 2431 759 2473 VIII,
788 2431 872 2473 708:
902 2431 1017 2466 etiam
1049 2430 1169 2465 minus
1195 2429 1375 2464 usitatum
1400 2429 1458 2464 est
1480 2427 1631 2470 fundere
1654 2427 1732 2462 vela

238 2504 308 2538 pro
335 2503 388 2533 eo,
416 2491 515 2536 quod
543 2492 600 2527 est
615 2491 794 2536 pandere,
821 2491 887 2526 sed
913 2490 1052 2535 legitur
1079 2490 1179 2535 apud
1205 2488 1268 2524 Sil.
1293 2488 1343 2529 II,
1370 2487 1429 2523 25.

332 2551 412 2587 680.
458 2555 544 2596 pote
593 2550 827 2586 notissimum
877 2550 978 2595 apud
1015 2549 1244 2594 antiquiores
1294 2547 1512 2593 scriptores,
1557 2547 1617 2582 hic
1654 2546 1730 2581 illic

240 2613 435 2657 receptum
473 2622 494 2645 a
518 2610 799 2656 posterioribus,
827 2611 869 2644 ut
894 2609 1006 2654 Prop.
1034 2609 1080 2649 II,
1111 2611 1140 2649 1,
1167 2608 1237 2652 46‚·
1274 2606 1342 2647 III,
1370 2606 1401 2648 7,
1430 2606 1487 2644 10.

334 2672 415 2707 681.
465 2671 592 2705 umbra
616 2671 714 2707 Vat..
741 2670 840 2705 unda
866 2669 1028 2705 Schenkl
1055 2669 1135 2704 coll.
1163 2667 1232 2707 ΙΙΙ,
1259 2667 1338 2702 525.
