1890 3100
0 1486 27 2051 '*52?W·QW÷WW³-W·
0 1467 1 1470 Α
0 1436 6 1450 F
0 1386 4 1403 ”
0 1325 7 1335 ²

609 243 994 282 ARGONAVTICON
1017 244 1165 280 LIBER
1189 244 1251 280 IV.
1575 246 1662 289 313

277 359 507 419 perpetitur.
566 380 660 419 spes
688 380 770 405 una
798 366 897 412 seni,
927 365 1038 418 quod
1068 364 1222 417 pellere
1252 377 1414 402 saevam

282 431 482 485 quondam
510 432 593 471 fata
619 432 728 471 luem
757 431 952 470 dederant
979 430 1182 482 Aquilone
1212 430 1367 468 creatis.

282 511 376 549 ergo
406 497 474 535 ubi
501 498 580 535 iam
608 497 768 548 Minyas
797 502 1027 547 certamque
1056 494 1251 533 accedere
1279 494 1457 532 Phineus

280 563 401 601 sentit
429 575 557 614 opem,
586 562 733 613 primas
760 560 905 599 baculo
935 559 1114 598 defertur
1142 559 1192 597 ad
1220 558 1349 597 undas

278 628 532 679 vestigatque
559 632 687 665 ratem
715 631 835 678 atque
865 625 1002 664 oculos
1032 624 1179 663 attollit
1205 625 1356 662 inanes.
1657 634 1712 665 435

276 697 372 730 tunc
399 698 562 730 tenuem
590 691 743 743 spirans
773 691 944 729 animam
974 690 1099 728 ‘salve
1128 703 1151 728 o
1178 689 1275 727 mihi
1303 689 1468 741 longum

278 762 492 808 expectata
519 770 659 795 manus
687 755 927 808 nostrisque'
958 756 1013 793 ait
1042 755 1192 806 ‘agnita
1218 755 1334 793 votis.

276 823 461 861 novimus
490 827 530 860 et
560 821 661 859 divis
690 821 816 872 geniti
845 821 989 873 quibus
1019 826 1059 859 et
1086 820 1153 858 via
1180 820 1310 858 iussos

277 900 380 939 quae
409 887 511 925 ferat
539 900 586 925 ac
612 886 738 925 vestri
766 886 884 924 rebar
913 886 969 924 sic
997 891 1179 937 tempora
1207 898 1347 923 cursus

171 1021 283 1068 Soph.
308 1022 437 1068 Antig.
460 1022 531 1057 970
555 1034 675 1069 seqq.;
712 1022 811 1067 Hyg.
836 1021 861 1057 f.
889 1021 951 1069 193
978 1021 1044 1057 Ov.
1072 1021 1162 1057 artn's
1186 1022 1215 1063 1,
1242 1021 1333 1065 3395
1371 1021 1480 1057 Diod.
1506 1020 1567 1062 IV,
1593 1021 1641 1059 43

169 1081 234 1123 44;
273 1081 441 1127 Apollod.
473 1081 544 1123 ΠΙ,
572 1082 626 1122 15,
653 1081 686 1117 3.
759 1080 876 1115 Huius
902 1080 1053 1116 sceleris
1077 1080 1260 1115 ultionem
1284 1091 1307 1114 a
1331 1079 1474 1116 Phineo
1499 1091 1568 1126 per
1592 1081 1660 1118 Ar-

170 1142 355 1186 gonautas
391 1140 551 1186 petitam
590 1151 670 1176 esse
695 1140 804 1175 Diod.
831 1141 870 1175 et
894 1139 1064 1185 Apollod.
1085 1139 1109 1175 l.
1134 1139 1159 1175 l.
1184 1139 1353 1175 tradunt.
1405 1138 1497 1174 Cum
1534 1140 1663 1176 autem

170 1211 294 1235 rerum
320 1199 656 1245 Argonauticarum
692 1199 893 1244 scriptores
918 1199 1156 1244 Argonautas
1195 1201 1308 1243 atque
1345 1198 1446 1234 inter
1471 1210 1535 1234 eos
1560 1198 1661 1244 ipsos

172 1258 395 1304 Cleopatrae
418 1258 553 1304 prioris
589 1258 714 1294 uxoris
751 1258 890 1294 fratres
929 1257 1085 1293 comiter
1122 1259 1162 1293 et
1186 1257 1350 1302 benigue
1376 1259 1554 1304 exceptos
1580 1269 1661 1294 esse

172 1317 253 1363 (cfr.
272 1317 352 1354 Val.
376 1317 438 1359 IV,
464 1317 536 1352 460
560 1329 680 1364 seqq.;
705 1317 827 1363 Apoll.
853 1317 904 1362 ΙΙ,
929 1317 1000 1352 235
1024 1318 1140 1362 seqq.)
1166 1317 1308 1361 hosque
1332 1316 1475 1352 Phineo
1500 1317 1662 1353 salutem

171 1377 342 1412 attulisse
378 1376 565 1412 narraturi
603 1378 737 1417 essent,
779 1376 860 1412 fieri
897 1388 972 1412 non
1008 1377 1171 1422 poterat,
1209 1377 1253 1410 ut
1288 1375 1392 1411 illam
1434 1376 1481 1412 de
1519 1376 1662 1413 scelere

170 1436 304 1472 Phinei
340 1435 509 1471 fabulam
543 1437 738 1472 servarent
752 1464 760 1477 ‚
803 1447 916 1481 quare
951 1435 1064 1470 aliam
1101 1435 1219 1471 secuti
1257 1436 1344 1470 sunt
1381 1446 1466 1471 eam
1479 1463 1487 1476 ,
1531 1437 1574 1470 ut
1608 1435 1662 1471 di-

171 1496 309 1534 cerent,
346 1495 529 1531 Phineum
552 1496 756 1540 propterea
793 1496 986 1530 caecatum
1025 1506 1106 1531 esse
1144 1496 1183 1530 et
1219 1495 1267 1530 ab
1307 1495 1481 1540 Harpyiis
1519 1495 1659 1536 vexari,

172 1554 259 1599 quia
294 1554 391 1590 lovis
429 1554 581 1590 consilia
618 1553 830 1591 hominibus
867 1554 1113 1600 prodidisset,
1152 1554 1227 1589 vid.
1259 1554 1341 1590 Val.
1379 1566 1412 1589 v.
1454 1554 1525 1589 478
1558 1553 1660 1600 seqq.

170 1613 341 1659 Apollon.
378 1613 429 1657 Π,
465 1614 534 1649 179
573 1624 692 1660 seqq.;
745 1613 840 1659 Hyg.
880 1613 906 1650 f.
932 1613 1031 1655 XIX,
1070 1613 1132 1659 qui
1174 1613 1267 1648 duas
1304 1613 1539 1649 narrationes
1577 1625 1662 1650 con-

171 1672 315 1715 fundi-53
355 1673 524 1719 Apollod.
562 1673 590 1717 Ι,
616 1672 648 1717 9,
674 1673 730 1708 21.
795 1672 919 1708 Etiam
945 1673 1056 1708 aliter
1081 1673 1146 1708 alii
1170 1673 1419 1715 tradiderant,
1445 1673 1520 1708 vid,
1547 1673 1661 1709 schol.

170 1731 290 1778 Apoll.
320 1731 372 1774 Π,
397 1731 482 1774 181;
509 1732 595 1774 207;
633 1732 746 1768 schol.
772 1732 880 1768 Hom.
908 1732 975 1768 Od.
1002 1732 1084 1774 XII,
1111 1732 1176 1778 69;
1217 1732 1309 1778 Opp.
1338 1744 1467 1778 cyneg.
1499 1731 1548 1773 Π,
1575 1732 1661 1772 617;

171 1790 279 1827 Diod.
303 1791 331 1826 1.
356 1791 380 1827 1.
432 1790 502 1826 Cfr.
529 1791 686 1827 Prelleri
710 1791 827 1836 myth.
853 1802 977 1836 graec.
1003 1790 1068 1838 11³,
1094 1791 1165 1826 330
1189 1803 1283 1836 seq.;
1325 1803 1411 1827 ann.
1437 1791 1556 1827 instit.
1582 1791 1660 1832 XV,

170 1861 205 1896 p.
232 1849 255 1885 3
279 1861 381 1895 seqq.

264 1909 346 1945 434.
394 1909 595 1944 Divinandi
639 1910 720 1945 arte
759 1909 950 1955 praeditus
988 1921 1098 1955 opem
1135 1912 1278 1946 certam
1321 1910 1501 1946 accedere
1544 1909 1661 1945 sentit

172 1967 334 2004 Phineus
348 1998 356 2013 ‚
397 1967 464 2004 cfr.
502 1967 572 2003 438
610 1979 729 2015 seqq.;
791 1979 886 2013 quae
933 1968 1031 2004 enim
1070 1969 1125 2003 ibi
1164 1970 1365 2004 narrantur
1379 1997 1387 2010 ,
1429 1980 1504 2004 non
1547 1968 1662 2004 fando

173 2026 382 2063 audiverat.

268 2085 346 2121 434.
397 2086 540 2122 baeulo:
577 2086 698 2132 Apoll.
725 2086 773 2129 H,
802 2086 870 2122 198
902 2089 1032 2132 βάκτρῳ
1059 2088 1294 2132 σκηπτόμενος.
1347 2086 1518 2123 Cetermn
1546 2089 1662 2133 poeta

173 2156 330 2191 graecus
354 2145 537 2181 Phineum
562 2145 674 2181 eundi
698 2145 946 2191 impotentem
970 2146 1009 2180 in
1034 2146 1160 2182 limine
1186 2146 1397 2183 consedisse
1422 2148 1564 2183 narrat.

265 2215 346 2251 436.
395 2220 531 2251 tenuem
555 2218 701 2261 spirans
725 2218 890 2263 animam,
916 2229 999 2253 cum
1027 2218 1141 2263 longa
1158 2217 1258 2254 fame
1278 2218 1442 2264 corporis
1458 2219 1557 2255 vires
1575 2230 1659 2255 cou-

173 2273 298 2311 fectae
328 2277 463 2312 essent.

173 2391 240 2439 111,
266 2334 409 2429 ξὲιξιινη
443 2339 646 2380 exspectata
681 2335 705 2371 i.
732 2347 763 2371 e.
802 2336 883 2378 diu,
922 2338 965 2371 ut
1002 2337 1149 2383 saepius
1187 2337 1287 2382 apud
1319 2339 1463 2383 poetas,
1506 2337 1574 2376 cfr.
1613 2338 1662 2372 ad

266 2452 347 2489 437.
395 2454 529 2489 nostris
555 2477 598 2482 —
624 2454 725 2496 votis,
751 2454 774 2490 i.
802 2465 832 2491 e.
858 2455 965 2491 nobis
992 2455 1268 2501 exoptantibus.

268 2523 348 2558 438.
399 2523 456 2560 De
482 2524 727 2561 collocatione
753 2527 879 2570 quibus
894 2527 1124 2572 pronominis
1150 2527 1217 2563 cfr.
1237 2527 1286 2562 ad
1305 2527 1353 2568 ΙΙ,
1380 2527 1461 2563 217.

268 2593 348 2630 439.
396 2596 502 2630 rebar
526 2594 689 2631 Schenkl
713 2596 789 2632 ind.
814 2597 904 2642 phil.
920 2597 1017 2638 xm,
1032 2597 1102 2632 361
1118 2597 1189 2633 ‘ich
1202 2598 1453 2638 berechnete‘.
1469 2597 1662 2633 sententia

174 2651 323 2696 quidem
348 2653 549 2699 aptissima,
576 2656 617 2690 at
632 2667 782 2700 prorsus
801 2658 932 2692 contra
950 2656 1098 2692 dicendi
1125 2657 1446 2698 consuetudinem;
1472 2657 1656 2691 intactam

175 2710 305 2756 reliqui
330 2713 561 2758 scripturam,
588 2714 675 2759 quia
699 2715 905 2760 probabilis
933 2716 1146 2752 emendatio
1171 2716 1336 2751 nondum
1361 2716 1515 2751 inventa
1542 2717 1609 2751 est.
