1890 3100
582 248 969 286 ARGONAVTIOON
991 248 1138 283 LIBER
1161 247 1231 284 ΠΙ.
1562 249 1648 291 243

274 372 452 424 implicat
479 379 519 410 et
545 371 657 409 varia
682 370 845 409 meritos
871 368 1080 408 formidine
1108 368 1282 420 pulsant.
1648 381 1705 414 390

276 443 318 476 at
346 437 490 490 quibus
516 436 641 474 invito
668 434 908 474 maduerunt
936 435 1131 485 sanguine
1160 433 1338 479 dextrae,

277 515 351 541 scu
377 502 460 541 fors
489 514 611 540 saeva
636 500 729 539 tulit
755 501 922 539 miseros
952 506 993 538 et
1019 500 1200 551 proxima
1228 498 1383 550 culpae,

276 567 350 606 hos
378 567 497 606 variis
524 558 638 604 mens
665 566 754 617 ipsa
780 564 908 604 modis
938 565 1020 616 agit
1049 571 1090 603 et
1118 578 1191 603 sua
1219 569 1386 616 carpunt

275 633 385 671 facta
410 633 534 670 viros:
563 630 716 670 resides
746 636 787 670 et
813 631 892 669 iam
919 631 977 669 nil
1005 630 1173 682 amplius
1203 630 1290 668 ausi

277 699 320 736 in
347 697 528 736 lacrImas
556 696 808 748 humilesque
837 701 967 735 metus
996 709 1238 748 aegramque
1267 694 1458 733 fatiscunt
1653 709 1708 738 395

279 763 501 815 segnitiem,
532 775 631 814 quos
660 774 755 800 ecce
783 760 909 800 vides.
966 760 1039 799 sed
1065 767 1204 799 nostra
1229 761 1407 812 requiret

279 841 375 867 cura
400 828 517 866 viam.
573 827 737 866 memori
763 827 843 864 iam
870 826 1024 878 pridem
1053 826 1213 877 cognita
1239 825 1364 864 menti

280 898 343 932 est
368 893 508 945 procul
536 891 587 930 ad
616 892 783 943 Stygiae
818 891 975 930 devexa
1003 891 1163 930 silentia
1190 891 1318 929 noctis

281 957 535 996 Cimmerium
566 956 705 995 domus
734 963 776 996 et
803 957 958 1008 superis
987 957 1191 1008 incognita
1217 956 1352 1003 tellus,

281 1023 466 1062 caeruleo
494 1022 709 1061 tenebrosa
737 1023 827 1070 situ,
858 1035 936 1074 quo
963 1022 1147 1060 flammea
1174 1035 1390 1073 numquam
1656 1036 1714 1066 400

283 1088 355 1127 Sol
381 1089 476 1139 iuga
504 1087 681 1127 sidereos
710 1101 785 1126 nec
813 1088 932 1125 mittit
959 1087 1140 1139 Iuppiter
1167 1100 1304 1125 annos.

173 1224 367 1260 Baehrens
399 1224 475 1259 wis*
510 1224 670 1269 recepit,
701 1223 953 1269 Peerlkampii
984 1224 1252 1267 coniecturam3
1279 1225 1320 1258 at
1344 1223 1464 1259 noluit
1488 1222 1658 1258 Valerius

176 1283 303 1319 dicere
326 1295 508 1328 quemque
532 1283 684 1329 propria
708 1285 886 1319 nocentes
910 1294 1032 1328 poena
1057 1283 1224 1324 afficere,
1252 1283 1320 1319 sed
1345 1294 1527 1328 quemque
1553 1294 1660 1317 suum

175 1342 291 1388 ipsius
315 1342 606 1379 interfectorem.

271 1401 352 1439 391.
400 1403 512 1450 invito
536 1402 748 1437 maduerunt
771 1404 946 1447 sanquine
970 1403 1129 1445 deoetrae3
1161 1402 1332 1438 similiter
1357 1402 1498 1438 dictum
1523 1403 1586 1438 Ov.
1615 1413 1661 1437 ex

179 1462 285 1498 Pont.
310 1460 359 1503 Π,
387 1462 418 1501 1,
445 1461 490 1496 16
514 1456 629 1497 iuvita
651 1473 757 1506 saepe
780 1464 946 1498 iuvamur
970 1473 1045 1506 ope.

252 1520 354 1558 392.
403 1521 466 1556 sed
489 1521 584 1561 Vae,
621 1532 682 1556 seu
707 1521 796 1556 Ellis
817 1521 970 1567 journal
994 1521 1038 1557 of
1057 1521 1149 1567 phil.
1174 1521 1236 1564 IX„
1264 1522 1321 1557 55.
1371 1522 1661 1567 Distinguuntur

180 1580 225 1626 ei,
251 1580 315 1626 qui
337 1591 487 1626 prorsus
510 1580 620 1615 inviti
644 1581 804 1616 alterum
830 1581 1056 1622 occiderunt,
1096 1582 1143 1616 ab
1170 1581 1232 1622 eis,
1272 1582 1335 1626 qui
1361 1593 1486 1618 errore
1511 1582 1660 1627 quidem

180 1640 344 1685 quodam
367 1639 469 1675 ducti
492 1640 560 1675 sed
582 1641 711 1676 tamen
735 1641 931 1677 voluntate
957 1641 1111 1676 caedem
1128 1641 1299 1676 fecerunt
1322 1641 1481 1686 ideoque
1505 1641 1664 1687 proximi

181 1700 269 1735 sunt
293 1699 440 1744 culpae:
465 1699 564 1735 inter
588 1700 655 1735 hos
680 1700 866 1735 referendi
890 1700 1141 1746 Argonautae.
1181 1701 1260 1743 fors
1283 1712 1390 1736 saeva
1414 1701 1496 1736 tulit
1518 1702 1665 1736 miseros

180 1757 205 1793 i.
231 1769 263 1794 e.
289 1758 461 1793 abstissit:
501 1758 566 1794 Ov.
594 1759 671 1795 her.
701 1758 783 1800 VII,
816 1759 836 1792 7
862 1771 937 1804 seq.
981 1764 1097 1795 certus
1128 1771 1164 1795 es
1199 1762 1252 1796 ire
1288 1765 1406 1795 tamen
1435 1762 1665 1805 miseramque

179 1817 377 1862 relinquere
398 1818 519 1864 Did03
556 1818 673 1863 Atque
695 1819 787 1854 idem
809 1819 905 1854 venti
927 1820 1004 1854 vela
1027 1820 1198 1864 fidemque
1219 1821 1355 1863 ferent;
1382 1820 1466 1861 XII,
1495 1819 1562 1854 199
1587 1831 1663 1864 seq.

182 1876 340 1924 (dotem)
371 1887 495 1922 campo
525 1879 786 1913 numeravimus
820 1879 881 1914 iao
906 1878 977 1923 Qui
1010 1880 1075 1915 tibi
1100 1880 1217 1915 laturo
1254 1880 1362 1915 vellus
1386 1880 1547 1915 arandus
1571 1883 1668 1923 erat,-

181 1933 252 1972 cfr.
276 1934 360 1972 Val.
384 1935 445 1977 VT,
474 1935 551 1972 104.

277 1994 359 2030 396.
406 1996 560 2040 requiret
589 1996 742 2041 propria
779 1996 931 2032 notione
956 1997 1136 2042 scriptum
1175 1998 1199 2032 i.
1226 2009 1256 2033 e.
1294 2009 1461 2033 rursus
1499 2000 1665 2043 quaeret,

181 2065 274 2089 nam
295 2053 371 2090 iam
396 2062 509 2090 antea
534 2055 630 2089 hanc
654 2055 754 2090 viam
778 2055 1082 2101 investigaverat,
1109 2056 1177 2093 cfr.
1204 2069 1299 2102 quae
1316 2058 1446 2092 statim
1463 2064 1668 2103 sequuntur

183 2114 230 2149 et
261 2125 296 2149 v.
329 2113 402 2148 409
435 2125 511 2158 seq.

281 2171 361 2208 397.
409 2177 489 2208 vate
512 2173 596 2208 Vat.
628 2174 727 2209 teste
752 2173 858 2216 Thil„
897 2177 976 2211 nati
999 2175 1084 2211 Vat.
1117 2178 1217 2212 teste
1243 2176 1335 2218 Sch„
1373 2179 1481 2213 menti
1506 2178 1668 2214 Schenkl

184 2230 225 2267 in
249 2232 376 2267 annot.

279 2290 360 2327 399.
407 2290 519 2337 Apud
549 2291 751 2328 Cimmerios
776 2293 996 2329 descensum
1021 2306 1101 2331 esse
1128 2295 1176 2330 ad
1201 2295 1340 2332 inferos
1374 2298 1504 2332 auctor
1528 2297 1669 2342 primus

184 2349 246 2385 est
268 2349 449 2386 Homerus
475 2350 543 2387 Od.
570 2351 633 2395 XI,
660 2352 703 2386 14
729 2363 849 2397 seqq.;
900 2354 1030 2389 devexa
1047 2354 1177 2390 domus
1194 2355 1409 2391 nominatur
1425 2356 1447 2391 i.
1468 2367 1498 2392 e.
1526 2357 1670 2392 devexa

184 2407 251 2444 via
273 2408 412 2444 ducens
437 2409 485 2445 ad
510 2409 664 2455 Stygiae
688 2411 850 2454 silentia,
876 2412 942 2448 cfr.
968 2413 1086 2458 praef.
1106 2425 1188 2460 cap.
1214 2414 1240 2449 Ι.

282 2467 364 2504 401.
412 2469 471 2503 Ad
497 2463 561 2505 Sol
583 2469 793 2506 subiectum
816 2472 928 2514 flectit
962 2473 1226 2518 praedicatum
1250 2475 1371 2520 figura
1394 2475 1599 2521 zeugmatis
1626 2487 1670 2511 ex

187 2525 296 2561 „aaa
319 2526 548 2574 addendum3
574 2528 691 2564 solem
717 2529 765 2564 ad
792 2529 1007 2566 Cimmerios
1033 2543 1108 2567 non
1132 2534 1335 2578 penetrare
1371 2534 1447 2569 iam
1472 2534 1572 2580 apud
1597 2534 1670 2569 Ho-

188 2594 333 2620 merum
356 2585 382 2622 1,
407 2597 436 2621 c.
462 2586 611 2632 legitur.

283 2644 410 2680 siderei
433 2647 521 2681 anni
544 2648 631 2681 sunt
655 2647 743 2682 anni
772 2649 998 2694 tempora,
1030 2662 1126 2695 quae
1151 2653 1254 2686 motu
1278 2652 1363 2687 solis
1389 2654 1671 2697 ceterorumque

189 2700 355 2738 siderum
385 2703 444 2740 ve}
479 2703 691 2741 efficiuntur
721 2707 782 2743 vel
813 2709 1003 2748 notantur,
1036 2710 1087 2745 sic
1120 2711 1277 2756 frigidus
1300 2722 1418 2746 annus
1442 2711 1553 2756 Ver-g.
1579 2715 1670 2747 Aen.

1391 2770 1458 2804 16*
