1890 3100
765 172 1011 208 ADDENDA.
1546 171 1634 213 571

66 336 69 338 ,
143 295 396 341 Aberglaube,
427 294 513 329 dass
550 293 611 328 die
640 291 848 327 rfiekwarts
883 290 1058 336 gelesene
1089 286 1525 333 Beschworungsformel
1562 286 1638 321 den

145 355 441 391 Benchworenen
466 352 678 388 entfernt“:

239 412 290 454 Π,
316 412 397 448 136.
444 411 639 446 Traditam
663 410 885 455 scripturam
907 410 1038 443 tuetur
1059 407 1195 442 Hosius
1221 405 1305 441 coll.
1323 406 1409 440 Luc.
1430 403 1536 445 ΠΗ,
1555 403 1637 438 343.

238 471 290 512 Π.
321 471 403 509 431.
468 471 764 514 crescitque
802 467 965 503 Eleon-ia
1003 466 1108 501 tellus
1150 464 1388 500 scribendum
1428 459 1640 508 suspicatur

146 531 291 567 Hosius.

239 589 292 634 Π,
315 588 398 624 488.
446 592 567 623 castra
602 588 719 622 levat
753 585 894 630 legitur
931 583 1019 619 Luc.
1050 582 1114 624 IV,
1150 582 1214 624 183
1255 581 1381 617 locum
1414 579 1643 616 monstravit

145 648 291 684 Hosius.
341 647 416 683 Sed
438 647 493 682 ibi
515 646 618 682 idem
642 655 723 681 esse
746 647 840 690 puto
865 644 980 688 atque
1005 643 1131 677 castra
1165 652 1367 686 movere,
1399 640 1499 685 quod
1532 650 1643 674 accu-

145 706 264 742 ratius
290 706 477 751 explicare
501 705 561 740 hic
585 716 661 739 non
686 704 744 739 est
767 702 881 738 locus.

241 769 400 800 tracto
432 775 521 800 saxo
552 762 724 799 defendit
756 760 919 806 Seyffert
957 759 1177 805 explicando
1218 759 1296 794 ‘der
1325 758 1431 794 Stein
1455 757 1551 792 wird
1577 757 1644 791 hin

146 823 227 859 und
249 824 318 859 her
341 822 530 868 gezogen'.

241 881 289 922 Π,
314 882 384 916 451
410 892 510 926 seqq.
562 880 637 915 Cfr.
675 890 770 924 quae
806 879 854 914 de
892 879 962 913 hac
987 878 1174 913 Hesionae
1206 877 1391 913 liberatae
1422 875 1642 911 narratione

147 940 300 985 eiusque
325 939 514 985 elegantia
538 938 688 984 poetica
714 937 886 983 exposuit
913 937 1018 982 Pign.
1048 936 1153 972 Polit.
1179 948 1216 982 p.
1241 936 1288 970 84
1314 947 1415 980 seqq.

242 998 291 1038 Π.
316 998 398 1034 481.
453 998 510 1033 De
544 997 790 1033 collocatione
821 995 1216 1041 praepositionis,
1250 1006 1325 1030 non
1355 993 1645 1040 pronominis

146 1057 332 1093 videndus
357 1057 460 1092 locus
485 1056 546 1093 VL
573 1056 655 1091 595.

243 1116 294 1161 Π,
319 1116 400 1151 515.
451 1115 588 1151 Confer
613 1116 830 1150 accuratam
866 1113 1030 1149 omnium
1055 1112 1387 1158 comparationum,
1424 1123 1519 1157 quae
1546 1111 1646 1157 apud

123 1161 126 1162 ⁷
149 1175 341 1211 Valerium
370 1175 624 1220 reperiuntur,
665 1173 986 1209 enumerationem
1016 1172 1231 1207 institutam
1263 1183 1285 1206 a
1319 1171 1426 1217 Pign.
1463 1171 1577 1208 Polit.
1606 1183 1646 1216 p.

152 1234 222 1269 145
246 1245 348 1279 seqq.

246 1292 295 1334 Π,
312 1293 394 1328 516.
442 1292 497 1326 Ex
518 1292 743 1327 auctoritate
763 1291 844 1327 cod.
856 1293 940 1328 Vat.
959 1290 1195 1326 scribendum
1213 1290 1374 1333 videtur,
1387 1292 1430 1324 ut
1445 1289 1648 1325 Baehrens

150 1351 313 1397 scripsit,
340 1351 503 1395 Riphaea
519 1362 588 1395 per
613 1351 730 1385 ardua
755 1348 1647 1397 3sin1iliterv‚558;599;VL33;1193V1L562.

246 1410 295 1452 Π,
321 1410 406 1447 528.
453 1410 509 1445 De
535 1409 722 1445 sententia
749 1409 897 1444 confert
921 1408 1055 1444 Hosius
1081 1408 1194 1453 Verg.
1221 1409 1314 1444 Aen.
1340 1407 1423 1448 ΧΠ,
1451 1407 1520 1442 684
1547 1418 1648 1452 seqq.

245 1468 313 1510 m.
339 1469 418 1503 354.
474 1468 641 1504 Similem
671 1468 795 1503 locum
818 1468 935 1512 Verg.
962 1470 1052 1503 Aen.
1079 1467 1123 1508 X,
1151 1467 1218 1501 177
1249 1467 1474 1502 monstravit
1504 1466 1650 1502 Hosius.

247 1528 318 1567 111,
350 1527 419 1562 487
450 1539 552 1572 seqq.
610 1526 806 1562 Immerito
848 1538 933 1562 mea
973 1526 1125 1571 quidem
1166 1526 1355 1561 sententia
1390 1525 1497 1571 Pign.
1538 1525 1651 1561 Polit.

153 1599 187 1632 p.
210 1586 259 1621 89
282 1586 473 1622 Valerium
496 1586 698 1631 vituperat,
738 1585 837 1631 quod
877 1585 1059 1621 Iunonem
1106 1587 1298 1620 auctorem
1341 1585 1496 1630 rapinae
1530 1585 1652 1629 Hylae

153 1645 366 1687 induxerit,
379 1655 501 1689 neque
525 1644 663 1680 rectius
682 1645 863 1679 iudicavit
887 1644 981 1690 p.87
998 1644 1045 1680 de
1059 1645 1218 1685 ratione,
1246 1655 1319 1689 qua
1345 1647 1500 1679 anctore
1512 1643 1652 1688 Cybele

151 1715 319 1750 pugnam
354 1703 454 1739 inter
485 1704 723 1748 Argonautas
762 1705 800 1739 et
833 1703 1005 1748 Cyzicum
1042 1705 1165 1739 ortam
1202 1714 1284 1738 esse
1319 1704 1434 1748 poeta
1471 1702 1652 1738 narravit:

154 1762 224 1803 ΠΙ.
250 1763 298 1798 20
322 1774 424 1807 seqq.

250 1820 312 1862 IV,
338 1820 396 1858 61.
445 1820 502 1856 De
519 1820 671 1856 notione
692 1820 1050 1865 plusquamperfecti
1074 1824 1221 1855 steterat
1245 1820 1332 1856 vide
1355 1832 1388 1854 v.
1413 1820 1483 1855 225
1507 1825 1654 1856 steterat

153 1880 228 1914 iam
265 1900 310 1906 —
348 1880 496 1915 Pollux:
550 1879 599 1914 ‘P.
639 1880 745 1914 hatte
783 1879 863 1914 sich
900 1879 1040 1914 bereits
1078 1879 1307 1924 hingestellt'
1348 1881 1386 1915 et
1416 1891 1449 1914 v.
1483 1879 1553 1914 282
1593 1881 1655 1915 vix

154 1942 349 1974 stoterant:
374 1937 496 1973 ‘kaum
520 1939 655 1973 hatten
681 1938 735 1973 sie
760 1938 840 1972 sich
865 1937 1111 1983 hingestellt'.

251 1997 315 2036 IV,
341 1996 421 2031 326.
475 1996 550 2031 Cfr.
576 2008 674 2031 nunc
701 1997 817 2031 etiam
841 1996 944 2041 Bury
969 1998 1035 2032 the
1061 1997 1230 2032 classical
1256 1997 1393 2032 review
1417 1998 1463 2037 X,
1490 2010 1526 2043 p.
1553 1998 1611 2032 37.

253 2055 316 2095 IV,
341 2055 422 2090 633.
460 2054 621 2100 Seyffert
638 2056 755 2091 verba
774 2055 918 2090 tradita
936 2058 1062 2091 servat
1079 2056 1384 2101 interpungendo
1402 2057 1474 2091 hac
1490 2056 1638 2092 ratione

158 2118 303 2149 metae
329 2134 372 2140 —
398 2113 587 2149 verumne?
615 2135 659 2140 -
684 2114 802 2149 abiere
826 2114 1008 2149 volueres?

253 2172 295 2218 V,
319 2172 377 2209 37.
426 2173 515 2207 talia
541 2193 583 2198 —
608 2174 732 2218 9emit;
761 2173 828 2208 cfr.
855 2174 969 2208 etiam
998 2173 1101 2215 vm,
1129 2173 1151 2208 9
1176 2174 1262 2209 haec
1284 2175 1427 2219 yemuit.

254 2242 296 2283 V,
322 2242 380 2278 48.
430 2242 590 2287 Seyffert
615 2245 768 2288 poetam
786 2243 901 2288 culpa,
929 2254 1040 2288 quam
1066 2255 1136 2289 egp
1162 2244 1201 2279 in
1228 2255 1313 2279 eum
1339 2245 1488 2286 contuli,
1515 2245 1658 2281 liberat

159 2301 384 2347 suspicando
415 2312 484 2346 pro
521 2302 734 2337 accusativo
770 2303 915 2337 Aesona
956 2303 1195 2338 scribendum
1233 2305 1371 2339 Aesone
1410 2307 1448 2339 et
1484 2306 1571 2350 post
1610 2305 1656 2339 48

160 2370 310 2395 versum
335 2359 525 2399 excidisse,
553 2360 615 2405 qui
638 2361 822 2406 inciperet
849 2372 871 2395 a
898 2362 1079 2397 vocabulo
1105 2366 1237 2397 natum.

257 2430 300 2471 V,
325 2431 406 2466 207.
456 2431 607 2473 defuerit
630 2443 699 2476 pro
726 2443 769 2467 eo
795 2432 894 2477 quod.
920 2435 977 2467 est
1002 2433 1112 2468 deerit
1128 2433 1267 2478 legitur
1294 2435 1406 2469 etiam
1429 2435 1541 2479 Verg.
1560 2436 1655 2470 Aen.

256 2489 337 2527 298.

163 2488 232 2533 IX,
259 2547 301 2593 V,
326 2547 406 2584 282.
455 2548 672 2584 Perfectum
704 2553 861 2593 petimus
895 2549 1034 2594 legitur
1068 2550 1153 2586 Luc.
1186 2551 1251 2592 IX,
1278 2551 1363 2594 430;
1402 2553 1523 2587 locum
1554 2564 1660 2587 mon-

166 2605 304 2641 stravit
329 2606 472 2643 Hosius.
