1890 3100
242 218 298 261 22
769 216 804 252 C.
831 216 1013 251 VALERI
1038 215 1213 251 FLACCI

348 335 504 374 Ionium
535 336 774 388 quicumque
804 340 957 388 petunt,
988 335 1056 373 ille
1088 334 1249 386 Othryn
1279 340 1318 373 et
1346 336 1548 375 Haemum

351 405 472 453 atque
500 401 623 439 imum
651 400 750 439 felix
778 400 966 439 versabat
994 413 1157 439 vomere
1190 399 1420 453 Olympum.
1735 413 1771 443 25

349 465 421 505 sed
449 480 530 505 non
557 466 642 504 ulla
671 467 783 518 quies
814 467 944 504 animo
974 466 1187 517 fratrisque
1217 467 1380 518 paventi

349 532 584 584 progeniem
613 531 829 584 divumque
858 532 1007 580 mina33
1037 531 1144 569 hunc
1173 544 1266 569 nam
1294 530 1380 570 fore
1410 532 1496 582 regi

352 597 473 636 exitio
502 602 698 649 vatesque
729 602 877 635 canunt
904 595 1185 648 pecudumque
1214 609 1288 648 per
1316 610 1404 634 aras

348 662 509 701 terrifici
537 663 710 700 monitus
739 663 902 700 iterant:
933 675 1054 713 super
1082 662 1206 714 ipsius
1235 662 1378 712 ingens

352 727 474 766 instat
502 727 608 766 fama
635 727 710 765 viri
738 727 945 779 Virtusque
975 727 1072 764 haut
1102 726 1209 765 laeta
1237 732 1422 778 tyranno.
1737 738 1773 767 30

352 805 448 844 ergo
479 793 632 831 anteire
661 798 791 831 metus
820 792 1088 844 iuvenemque
1125 793 1361 843 extinguere
1391 792 1523 844 pergit

360 970 417 1007 24.
460 970 506 1005 de
537 969 681 1004 Haemo
722 970 866 1010 monte,
907 968 969 1014 qui
1011 970 1068 1004 est
1109 968 1208 1004 inter
1246 968 1426 1004 Moesiam
1462 970 1501 1005 et
1527 969 1736 1010 Thraciam,

243 1029 412 1066 Valerius
438 1030 510 1065 hoc
534 1029 616 1064 loco
642 1028 812 1073 cogitare
842 1040 918 1063 non
942 1027 1082 1073 potuit:
1117 1027 1268 1063 minime
1307 1028 1406 1063 enim
1432 1029 1490 1064 est
1525 1028 1736 1070 verisimile,

242 1100 328 1125 eum
363 1099 522 1133 regnum
546 1087 674 1123 Peliae
698 1088 900 1132 tantopere
933 1086 1178 1122 describendo
1216 1086 1419 1122 extendere
1456 1087 1632 1133 voluisse,
1672 1088 1739 1123 sed

241 1148 431 1184 interdum
457 1158 479 1182 a
503 1146 625 1192 poetis
650 1146 814 1181 Haemus
840 1157 956 1190 usque
986 1145 1026 1180 in
1051 1145 1284 1180 Thessaliam
1320 1146 1510 1191 pertinere
1548 1146 1737 1188 statuitur,

241 1208 316 1243 vid..
343 1207 429 1244 Luc.
456 1206 498 1247 X,
526 1205 596 1240 449
614 1205 737 1239 audax
758 1205 950 1240 Thessalici
966 1211 1084 1249 nuper
1111 1205 1172 1249 qui
1197 1216 1286 1249 rupe
1313 1206 1378 1240 sub
1398 1205 1528 1240 Haemi
1545 1205 1740 1250 Hesperiae

242 1271 386 1302 cunctos
416 1275 582 1310 proceres
606 1285 654 1290 —
677 1275 750 1299 non
787 1264 926 1308 timuit;
961 1265 1043 1298 tum
1068 1263 1150 1303 VII,
1180 1264 1248 1298 174
1286 1266 1325 1300 et
1362 1264 1448 1305 480,
1486 1264 1552 1299 ubi
1576 1264 1738 1300 Haemus

243 1326 482 1362 enumeratur
506 1323 606 1359 inter
630 1325 777 1359 montes
804 1323 1040 1365 Thessaliae;
1075 1322 1141 1359 cfr.
1174 1323 1274 1359 Serv.
1301 1323 1413 1369 Verg.
1442 1323 1577 1369 Georg.
1615 1324 1643 1366 I,
1670 1324 1739 1359 492

244 1385 405 1420 Haemus
428 1395 529 1419 mons
554 1388 605 1419 est
634 1383 857 1427 Thessaliae;
881 1383 982 1418 idem
1009 1382 1100 1418 dicit
1126 1383 1175 1417 ad
1200 1383 1248 1424 II,
1275 1382 1356 1418 488.

365 1443 421 1479 25.
447 1444 557 1478 imum
584 1442 770 1488 Olympum
794 1442 871 1477 iam
895 1442 982 1477 Pius
1008 1443 1111 1478 recte
1138 1442 1341 1487 explicavit
1367 1442 1413 1478 de
1440 1441 1556 1478 fertili
1580 1442 1739 1488 planitie

245 1502 364 1538 monti
389 1502 578 1538 subiecta:
615 1501 680 1537 cfr.
709 1501 794 1537 Luc.
821 1501 883 1543 VI,
917 1501 1006 1544 3413
1046 1513 1129 1536 cum
1166 1501 1317 1547 poetica
1354 1501 1609 1547 superlatione
1648 1512 1739 1546 quas

242 1561 414 1607 regiones
439 1561 585 1597 incolae
611 1561 693 1606 regi
718 1560 858 1596 subditi
884 1561 1004 1602 arant,
1031 1560 1130 1606 regis
1155 1560 1270 1606 ipsius
1298 1571 1377 1596 esse
1404 1560 1587 1595 dicuntur.

362 1621 418 1656 26.
454 1621 584 1664 fratris
617 1620 789 1662 Aesonis,
829 1632 988 1665 quocum
1012 1619 1135 1656 Pelias
1163 1620 1322 1655 eandem
1355 1620 1518 1656 matrem
1553 1619 1740 1665 Tyronem

247 1681 426 1722 habebat,
453 1680 533 1726 ipse
559 1680 735 1726 Neptuno
761 1681 885 1715 natus.

361 1739 416 1774 27.
443 1739 613 1775 Valerius
639 1751 714 1774 non
741 1738 927 1784 cogitasse
943 1738 1094 1774 videtur
1112 1738 1158 1774 de
1184 1738 1335 1774 oraculo
1352 1738 1481 1774 Peliae
1499 1738 1547 1773 ab
1567 1738 1740 1783 Apolline

242 1799 343 1840 dato,
372 1799 471 1844 quod.
501 1800 663 1844 tangunt
686 1798 858 1844 Apollon.
885 1799 912 1840 I,
957 1798 979 1833 5
1015 1809 1133 1843 seqq.;
1160 1797 1254 1843 Hyg.
1299 1797 1375 1833 fab.
1410 1797 1470 1839 12;
1495 1797 1604 1834 Pind.
1628 1797 1738 1843 Pyth.

244 1858 304 1900 IV,
333 1858 387 1900 71,
416 1858 482 1894 sed.
509 1857 556 1893 de
582 1857 663 1892 aliis
689 1857 1030 1899 vaticinationibus,
1059 1868 1153 1902 quae
1181 1857 1383 1902 extispiciis
1411 1856 1738 1893 confirmabantur.

361 1917 418 1952 29.
444 1928 551 1962 super
575 1918 617 1952 ut
642 1917 704 1959 IV,
732 1917 815 1958 680;
854 1916 954 1957 Vm,
983 1916 1027 1951 19
1064 1928 1132 1962 pro
1170 1917 1328 1961 insuper,
1371 1928 1443 1961 quo
1468 1915 1639 1952 Valerius
1665 1927 1740 1951 non

246 1976 374 2011 utitur.

361 2036 416 2070 30.
461 2037 570 2071 laeta:
614 2047 710 2081 quae
759 2035 943 2071 laetitiam
984 2035 1130 2076 afferat,
1186 2037 1313 2081 grata:
1353 2035 1491 2071 Lucan.
1531 2034 1633 2077 VIII,
1675 2033 1738 2076 89;

243 2095 332 2131 Hor.
359 2095 427 2130 sat.
454 2095 481 2140 1,
512 2094 583 2137 1,8;
612 2094 708 2130 Stat.
734 2095 813 2130 silv.
835 2094 897 2137 IV,
924 2094 1021 2136 8‚26;
1050 2094 1113 2130 Sil.
1140 2094 1203 2135 ΧΙ,
1231 2094 1311 2130 201.

364 2154 420 2190 31.
449 2155 598 2189 anteire:
624 2154 856 2200 praevenire,
884 2155 926 2189 ut
952 2153 1013 2188 Sil.
1041 2154 1149 2195 XIII,
1183 2153 1251 2188 617
1283 2153 1412 2198 Venus,
1429 2153 1582 2189 insidia-3
1606 2153 1740 2188 anteire

244 2214 414 2249 laborans
433 2213 584 2249 Iunonis
591 2227 603 2258 ‚-
627 2214 720 2250 Stat.
742 2213 858 2249 Theb.
878 2213 920 2255 X,
939 2213 1026 2255 394;
1046 2212 1132 2249 Tac.
1153 2224 1236 2248 ann.
1263 2212 1305 2255 V,
1334 2213 1355 2248 6
1381 2213 1502 2248 antibo
1521 2212 1737 2257 perieulmm

243 2271 304 2313 VI,
332 2272 377 2306 29
405 2272 566 2308 Sem-us
590 2294 637 2298 —
663 2273 925 2308 damnationem
951 2272 1087 2308 anteiit.

363 2332 564 2376 extinyuere
594 2332 715 2377 peryit
751 2343 826 2367 non
862 2332 990 2377 potest
1029 2342 1124 2372 esse,
1164 2331 1264 2376 quod.
1288 2331 1481 2366 Burmann
1506 2331 1546 2366 et
1569 2329 1739 2375 Wagner

242 2390 451 2432 voluerunt,
476 2388 710 2436 ‘extinguere
747 2390 964 2436 perstat',
1004 2391 1170 2426 nondum
1211 2390 1311 2426 enim
1346 2390 1550 2436 inceperat,
1589 2389 1656 2425 sed
1695 2399 1740 2424 ea

243 2450 391 2485 ratione
426 2450 564 2495 poetae
601 2450 792 2485 interdum
829 2451 899 2486 hoc
935 2450 1052 2486 verbo
1076 2451 1249 2492 utuntur,
1275 2451 1318 2485 ut
1343 2449 1528 2495 significet
1553 2448 1740 2484 actionem

247 2509 306 2545 vel
342 2508 535 2544 consilium
571 2509 658 2544 inde
701 2510 748 2544 ab
786 2510 892 2546 initio
927 2521 1010 2545 cum
1045 2509 1254 2555 pertinacia
1288 2510 1326 2545 et
1352 2508 1563 2545 constantia
1589 2507 1740 2552 exsequi

242 2568 386 2611 conari;
426 2568 516 2610 ,sich
542 2567 661 2614 eifrig,
689 2569 913 2614 hartnackig
951 2569 1160 2610 bemiihen‘,
1189 2568 1267 2604 sine
1304 2567 1487 2603 infinitivo
1518 2567 1573 2602 ita
1598 2566 1740 2602 dictum

241 2627 381 2673 legitur
406 2627 433 2669 l,
461 2627 546 2669 600;
573 2627 634 2669 IV,
664 2627 747 2669 121;
777 2627 842 2663 cfr.
869 2628 980 2674 Verg.
1008 2628 1123 2673 eclog.
1151 2627 1212 2668 VI,
1241 2628 1302 2670 13;
1329 2627 1419 2663 Aen.
1447 2626 1529 2668 XII,
1558 2626 1636 2666 153.
1665 2625 1739 2663 Cic.

242 2686 346 2722 Arat.
373 2686 459 2729 326;
500 2685 561 2721 Sil.
588 2686 690 2728 VIII,
719 2687 783 2728 32;
824 2687 899 2729 XV,
933 2687 1021 2729 571;
1057 2686 1142 2723 Seu.
1170 2687 1305 2723 Troad.
1338 2686 1426 2728 664;
1466 2685 1625 2722 Phaedr.
1653 2685 1737 2727 142;
