1890 3100
275 240 358 283 166
789 235 826 272 o,
853 234 1031 270 VALERI
1055 234 1227 270 FLAOOI

375 357 489 408 signa
516 359 688 402 movent,
718 353 903 406 tollitque
931 353 1009 393 loci
1039 353 1244 406 Cytherea
1270 354 1462 393 timorem.

707 424 731 446 ÷÷
1285 424 1309 446 ὕ·

995 453 1019 478 uk

372 493 550 545 protinus
578 492 783 543 ingentem
810 504 1018 543 procerum
1045 490 1117 529 sub
1146 491 1305 529 nomine
1333 495 1489 529 taurum

373 557 491 597 deicit
517 557 684 596 insuetis
713 561 753 595 et
779 557 858 595 iam
885 556 951 608 pia
977 569 1142 595 munera
1168 555 1327 607 templis

371 622 512 670 reddit,
543 627 583 660 et
605 621 681 659 hac
708 621 835 673 prima
849 621 1017 660 Veneris
1047 620 1152 659 calet
1181 634 1248 659 ara
1274 621 1455 660 iuvenca.

475 687 650 726 Ventum
679 692 764 725 erat
791 685 842 725 ad
869 699 1020 738 rupem,
1051 686 1161 724 cuius
1190 685 1407 737 pendentia
1434 686 1557 738 nigris

371 753 525 792 fumant
553 765 651 790 saxa
677 752 781 803 iugis
809 752 1069 804 coquiturque
1098 751 1311 802 vaporibus
1341 764 1420 790 aer.

372 818 546 857 substitit
571 815 797 856 Aesonides
826 822 946 868 atque
973 816 1039 854 hic
1066 816 1206 865 regina
1232 816 1387 867 precari

369 883 548 922 hortatur
577 895 798 934 causasque
827 881 975 919 docens
1005 881 1116 919 ‘haec
1145 886 1257 919 antra
1284 880 1427 920 videtis

371 947 633 1000 Vulcanique)
664 948 718 985 ait
747 951 854 985 ‘ecce
884 945 1038 984 domos:
1074 945 1166 984 date
1194 946 1288 984 vina
1313 959 1548 998 precesque.

370 1013 536 1052 forsitan
563 1012 640 1051 hoc
668 1012 817 1051 factum
846 1016 978 1050 taceat
1004 1011 1083 1049 iam
1109 1010 1261 1049 fulmen
1289 1011 1330 1049 in
1359 1017 1489 1050 antro:

368 1092 449 1116 nox
478 1077 589 1116 dabit
615 1078 704 1128 ipsa
730 1076 862 1124 fidem,
893 1076 1052 1114 clausae
1081 1089 1171 1114 cum
1198 1089 1398 1114 murmura
1424 1076 1616 1122 flammae,

369 1143 528 1195 hospes,
559 1147 600 1181 et
627 1143 811 1180 incussae
842 1142 1012 1179 sonitum
1040 1140 1234 1179 mirabere
1262 1140 1444 1179 massae.’

263 1279 463 1316 adventum
495 1278 797 1323 Argonautarum
827 1276 1016 1311 nuntiasse
1047 1276 1191 1321 narrat3
1233 1275 1418 1311 consentit
1448 1275 1617 1312 Valerius
1655 1285 1738 1311 cum

261 1338 430 1384 Apollon.
457 1338 486 1383 I,
511 1337 580 1372 702
605 1348 705 1382 seqq.
755 1335 928 1372 Ceterum
953 1335 1069 1371 verba
1092 1334 1259 1380 paullum
1284 1334 1440 1370 obscura
1464 1335 1567 1371 recte
1591 1334 1739 1371 videtur

261 1398 451 1433 Burmann
477 1396 678 1442 explicasse
703 1395 768 1437 ita,
794 1396 837 1430 ut
860 1395 1095 1440 Argonautas
1122 1394 1309 1429 obiectum
1338 1393 1444 1430 verbi
1468 1393 1642 1430 movendi
1672 1400 1735 1429 au-

262 1457 374 1492 diret:
400 1456 638 1501 Argonautae
663 1466 738 1491 non
763 1455 1000 1490 deterrentur
1024 1452 1137 1498 signis
1162 1453 1311 1488 sceleris
1341 1453 1512 1499 recentis,
1545 1452 1736 1498 quominus

261 1527 395 1552 navem
420 1516 469 1550 ad
492 1515 651 1550 insulam
676 1514 878 1560 appellant.
903 1512 1072 1549 Koestlin
1093 1511 1223 1547 Philol.
1241 1511 1298 1552 48,
1316 1511 1384 1547 657
1404 1523 1487 1548 eam
1512 1511 1738 1548 sententiam

261 1575 427 1611 versibus
452 1574 520 1609 327
548 1574 586 1610 et
609 1573 679 1609 328
702 1573 823 1609 inesse
846 1573 967 1618 putat,
1005 1572 1048 1606 ut
1071 1564 1212 1606 indicet
1234 1571 1348 1616 poeta
1385 1570 1603 1607 interfectos
1637 1570 1735 1606 viros

263 1646 286 1670 a
320 1634 534 1670 mulieribus
566 1633 730 1678 sepultos
757 1643 848 1668 esse.
890 1631 933 1669 V.
959 1631 1027 1666 327
1059 1631 1144 1666 Vat.
1179 1630 1295 1666 habet
1330 1631 1501 1672 προπίω
1540 1630 1620 1667 cod.
1646 1629 1734 1667 Vat.

263 1693 354 1729 1613
380 1705 402 1728 a
425 1704 522 1729 man.
549 1703 619 1728 sec.
644 1692 683 1726 in
707 1691 875 1737 margine
899 1691 1056 1727 recentis.

355 1751 435 1788 328.
489 1751 579 1787 Post
603 1752 701 1786 hunc
737 1762 885 1786 versum
921 1750 1099 1786 nonnulla
1133 1750 1311 1787 excidisse
1349 1750 1452 1786 recte
1489 1749 1585 1784 vidit
1608 1748 1734 1796 Thilo;

262 1811 445 1848 deiciendi
481 1810 587 1847 verbi
623 1809 693 1845 330
723 1809 928 1845 subiectum
964 1809 1043 1845 sine
1076 1809 1188 1845 dubio
1221 1810 1278 1845 est
1307 1807 1526 1856 Hypsipyle;
1563 1807 1736 1844 Koestlin

260 1871 391 1907 Philol.
417 1869 473 1911 48,
499 1869 568 1905 655
598 1869 770 1904 lacunam
795 1879 875 1904 esse
900 1879 1040 1914 negans
1065 1868 1186 1914 ipsam
1211 1871 1395 1907 Venerem
1418 1868 1458 1903 in
1481 1878 1548 1903 sua
1573 1877 1638 1903 ara
1661 1866 1734 1913 pri·

260 1941 360 1965 mam
384 1929 575 1965 victimam
600 1928 811 1964 immolasse
835 1928 955 1973 putat,
986 1928 1084 1973 quod
1108 1939 1257 1974 prorsus
1281 1926 1500 1963 incredibile
1526 1927 1596 1963 est.

354 1988 432 2024 329.
482 1989 547 2024 sub
571 1989 712 2024 nomine
729 1998 918 2032 procerum
941 1987 965 2024 i.
992 1999 1023 2024 e.
1048 1999 1128 2033 pro
1152 1986 1367 2033 proceribus
1405 1985 1574 2031 exemplo
1606 1993 1734 2021 carere

261 2047 421 2084 videtur.

354 2107 433 2143 330.
482 2106 596 2152 deicit,
624 2106 692 2142 cfr.
719 2106 767 2142 ad
791 2105 818 2147 I,
846 2105 924 2141 191.

356 2165 434 2201 332.
486 2166 611 2201 Etiam
647 2166 736 2201 ante
772 2166 870 2200 hunc
899 2176 1047 2201 versum
1071 2164 1249 2200 nonnulla
1285 2163 1592 2200 desideraverunt
1625 2161 1733 2198 Thilo

258 2224 376 2270 praef.
402 2237 438 2270 p.
463 2224 573 2266 XXX,
600 2224 761 2260 Schenkl
785 2224 881 2260 stud..
906 2236 941 2269 p.
959 2223 1038 2264 285,
1064 2223 1195 2259 Peters
1220 2223 1266 2259 de
1298 2222 1378 2258 Val.
1403 2221 1483 2257 vita
1507 2222 1546 2257 et
1570 2220 1732 2257 carmine

259 2296 295 2330 p.
318 2283 374 2325 21,
400 2283 467 2319 sed
490 2283 750 2329 imperfectum
774 2284 910 2328 putant
933 2283 1055 2318 locum
1081 2294 1103 2317 a
1126 2283 1240 2328 poeta
1263 2281 1435 2317 relictum
1449 2321 1451 2323 ¹
1466 2291 1558 2316 esse.
1606 2279 1662 2316 De
1688 2290 1733 2316 ea

259 2354 300 2379 re
326 2343 468 2379 certum
483 2342 657 2378 iudicium
674 2342 753 2378 fieri
777 2354 851 2378 non
866 2343 1003 2387 potest,
1029 2341 1116 2387 quia
1131 2341 1324 2382 nescimus,
1351 2339 1439 2387 quid
1455 2339 1623 2376 Valerius
1646 2341 1732 2385 post

260 2402 329 2438 328
353 2401 552 2447 scripserit.

353 2459 433 2496 337.
481 2459 616 2496 Versus
634 2460 837 2505 corruptus,
857 2459 957 2495 cuius
975 2459 1162 2495 sententia
1178 2459 1271 2495 haec
1294 2459 1368 2494 est:
1394 2457 1552 2493 forsitan
1574 2456 1730 2499 miraris,

260 2521 356 2556 hanc
382 2519 531 2555 domum
556 2530 636 2555 esse
660 2518 825 2560 Vulcani,
864 2530 947 2554 cum
978 2518 1100 2554 omnia
1129 2517 1283 2554 taceant
1305 2517 1344 2552 in
1369 2519 1488 2552 antro.
1537 2515 1635 2551 Num
1656 2515 1731 2559 for-

259 2581 357 2616 sitan
379 2579 445 2615 hoc
465 2578 571 2622 fallit,
596 2581 711 2613 taceat
727 2589 805 2613 eum
828 2588 955 2613 numen
979 2578 1019 2613 in
1043 2576 1172 2613 antro?
1197 2576 1272 2623 (vel
1293 2576 1451 2619 for-man
1474 2576 1539 2611 hoc
1562 2575 1729 2621 maestas.)

353 2637 433 2675 339.
481 2639 825 2674 incussae—massae
838 2637 917 2673 fere
932 2631 1033 2672 idem
1050 2648 1094 2672 ac
1109 2646 1323 2682 percussae
1339 2645 1501 2677 massae;
1520 2634 1586 2670 cfr.
1600 2634 1728 2670 Avien.

262 2698 361 2735 orbis
385 2697 454 2734 817
478 2698 595 2734 immae
618 2697 764 2739 doctam,
803 2697 950 2738 Phoebe,
989 2697 1126 2742 chelym
1164 2695 1216 2731 sic
1248 2703 1330 2731 cum
1363 2694 1608 2730 translatione
1639 2693 1730 2729 dicit

1868 2464 1890 2497 Γ·
1870 2408 1887 2449 *³25
1869 1966 1890 2398 ‘lzffl'le-b-mum
1874 2136 1877 2150 Ἀ
1876 1938 1890 1967 ·.-
