1890 3100
199 241 286 285 236
727 240 763 276 C.
791 239 971 276 VALERI
997 242 1171 278 FLACCI

306 365 347 399 et
376 361 506 399 socios
535 360 705 400 lustrate
734 375 870 413 rogos3
903 361 995 401 date
1026 363 1162 402 debita
1192 365 1320 404 eaesis

307 439 484 473 munera,
516 440 619 479 quae
649 432 784 466 nostro
813 428 988 467 misisset
1018 429 1194 480 Cyzicus
1223 431 1331 482 igni.’

359 487 480 531 Parte
510 491 589 530 alia
618 491 725 531 Clite
754 492 908 532 laceras
939 507 1060 546 super
1089 508 1158 533 ora
1185 497 1315 534 mariti

304 557 395 596 fusa
424 571 556 596 eomas
585 558 732 597 misera
759 559 800 597 in
828 559 1012 610 planctus
1041 566 1159 598 vocat
1189 562 1349 612 agmina
1376 567 1546 600 matrum
1691 568 1746 599 315

305 622 412 661 fatur
440 628 481 662 et
509 623 628 662 haee:
660 625 806 675 ‘primis
838 626 1011 663 coniunx
1041 632 1202 678 ereptus
1231 628 1273 664 in
1302 627 1416 665 annis

306 693 451 727 cuneta
477 689 621 732 trahis;
650 689 823 728 necdum
854 690 1016 729 suboles
1047 704 1122 729 nee
1152 691 1300 743 gaudia
1328 691 1378 730 de
1407 698 1447 731 te

304 753 389 792 ulla
416 754 523 801 mihi,
555 755 643 807 quis
672 761 827 794 maesta
855 760 945 794 tuos
975 770 1093 803 nunc,
1125 758 1286 809 optime,
1319 771 1434 796 casus

307 825 542 871 perpeterer
569 821 682 859 tenui
709 820 863 859 luctum
892 821 1085 860 solamine
1114 822 1271 861 fallens.

306 884 523 936 Mygdonis
554 899 663 924 arma
690 891 845 937 patrem
873 886 1114 939 funestaque
1143 888 1296 940 proelia
1324 902 1452 941 nuper
1693 903 1748 932 320

310 950 467 989 natales
497 964 666 1003 rapuere
696 950 846 999 domos,
877 952 1122 1005 Triviaeque
1151 954 1325 1005 potentis

311 1016 456 1055 oceidit
485 1030 631 1055 areana
659 1017 846 1068 genetrix
875 1017 1086 1070 absumpta
1116 1019 1279 1070 sagitta:

202 1159 350 1205 saepius
375 1159 566 1196 invenitur
589 1159 856 1206 postposito
881 1159 988 1195 verbi
1012 1160 1149 1206 plurali
1175 1162 1217 1196 ut
1242 1161 1284 1201 V,
1312 1162 1400 1205 538;
1426 1162 1487 1204 VI,
1514 1162 1596 1199 213.
1620 1163 1695 1200 vid.

202 1219 347 1256 Kuehn.
374 1230 532 1265 gramm.
557 1219 623 1257 lat.
648 1219 696 1261 II⁷
724 1220 745 1266 ξ
773 1219 827 1261 17,
854 1219 892 1261 2;
919 1219 974 1255 ita
998 1220 1061 1255 vel
1085 1221 1186 1266 apud
1213 1220 1429 1258 Ciceronem
1452 1222 1600 1267 legitur.

299 1279 381 1315 312.
428 1280 543 1314 socios
563 1279 712 1314 lustrate
728 1290 850 1324 royos:
866 1290 977 1324 rogos
991 1279 1184 1326 sociorum,
1198 1282 1242 1315 ut
1254 1281 1283 1322 Ι,
1302 1280 1372 1316 838
1390 1283 1554 1318 mortales
1566 1283 1697 1327 pellere

201 1350 327 1385 curas;
379 1338 442 1381 IV,
470 1339 539 1374 201
566 1340 733 1374 mortalia
757 1350 933 1384 nusquam
957 1339 1061 1384 siyna
1086 1344 1243 1382 manewt;
1269 1341 1312 1382 V,
1332 1341 1379 1375 20
1395 1342 1509 1377 omnis
1533 1343 1697 1378 manibus

200 1410 297 1434 nunc
315 1399 448 1443 pendet
473 1399 517 1434 ab
542 1400 627 1434 unis
651 1398 673 1434 i.
701 1410 733 1435 e.
759 1398 931 1434 manibus
957 1399 1080 1441 unius;
1109 1399 1177 1435 185
1197 1401 1372 1445 populeos
1394 1401 1508 1443 flemis
1535 1422 1577 1427 —
1603 1402 1697 1437 videt

201 1458 224 1494 i.
252 1470 284 1496 e.
309 1458 447 1494 flexum
473 1458 642 1494 ordinem
666 1459 900 1504 populorum.

299 1519 453 1553 lustrare
489 1529 620 1563 rogum
654 1529 738 1553 eum
769 1518 902 1554 audaci
938 1518 1237 1563 breviloquentia
1269 1519 1411 1555 dietum
1449 1521 1507 1556 est
1537 1532 1602 1565 pro
1635 1531 1697 1556 ex-

203 1578 382 1614 struendo
407 1590 541 1623 rogum
565 1577 750 1613 lustrandi
775 1589 899 1614 eausa.

298 1638 378 1674 313.
429 1641 551 1673 nostro
577 1659 623 1664 —
648 1638 744 1683 iyni:
781 1637 919 1683 insigni
951 1638 1141 1673 brevitate
1168 1638 1310 1673 dictum
1334 1650 1404 1684 pro
1431 1650 1474 1675 eo
1510 1639 1608 1684 quod
1641 1641 1698 1675 est

205 1697 285 1743 igni
311 1697 361 1732 ad
385 1698 514 1733 nostra
540 1708 696 1742 corpora
722 1697 924 1733 cremanda
956 1708 1133 1739 aeeenso;
1173 1697 1238 1733 cfr.
1265 1697 1335 1733 389
1365 1709 1449 1734 suos
1473 1703 1591 1735 sonte-s
1614 1699 1637 1735 i.
1666 1710 1696 1735 e.

207 1757 268 1804 qui
305 1757 344 1792 in
371 1768 410 1793 se
436 1756 579 1792 facinus
618 1757 888 1799 commiserint;
927 1757 1007 1798 VII.
1035 1757 1104 1792 638
1136 1769 1204 1793 sua
1223 1758 1386 1802 proelia:
1424 1758 1569 1804 proelia
1593 1758 1632 1794 in
1657 1770 1697 1795 se

204 1817 304 1863 ipsos
330 1816 516 1852 facienda.
1154 1839 1156 1842 >

300 1877 380 1912 314.
425 1880 534 1921 parte
558 1877 634 1912 alia
657 1876 681 1911 i.
708 1887 739 1912 e.
766 1877 814 1911 ab
842 1876 963 1912 altera
986 1877 1107 1922 parte,
1136 1876 1203 1917 cfr.
1230 1877 1279 1911 ad
1291 1877 1320 1918 Ι,
1349 1877 1426 1912 140.

299 1936 381 1972 317.
428 1936 566 1981 qaudia
589 1935 837 1981 intellegendi
862 1937 949 1971 sunt
973 1935 1094 1973 liberi.
1123 1935 1254 1982 quibus
1293 1938 1397 1972 earet
1424 1936 1529 1978 Clite,
1568 1936 1631 1982 qui
1667 1937 1698 1972 si

206 1996 400 2037 adessem,
444 1995 557 2030 matri
597 1995 743 2040 lugenti
783 1995 921 2031 solacio
964 1997 1105 2038 essent3
1156 1995 1208 2031 sic
1245 1996 1345 2032 Hero
1377 1996 1590 2032 Leandrum
1630 2007 1697 2031 sua

206 2055 345 2102 gaudia
382 2055 551 2091 nominat
589 2055 656 2092 Ov.
682 2056 762 2091 her.
787 2055 929 2096 XVIII,
956 2056 1001 2090 41
1042 2057 1080 2091 et
1116 2056 1205 2091 met.
1232 2055 1315 2101 XII,
1342 2055 1386 2090 16
1424 2055 1502 2090 avis
1526 2055 1648 2100 pullos
1674 2066 1696 2090 a

205 2116 380 2161 serpente
407 2116 607 2160 correptos,
636 2114 703 2150 cfr.
731 2115 846 2151 etiam
865 2115 974 2161 Prop.
1002 2115 1029 2157 Ι,
1058 2115 1111 2156 19,
1139 2115 1178 2162 9;
1205 2115 1252 2151 de
1277 2114 1467 2151 sententia
1492 2115 1568 2150 vid.
1585 2114 1696 2160 Verg.

205 2175 298 2211 Aen.
317 2173 378 2215 IV,
397 2174 465 2209 327
485 2186 586 2219 seqq.
607 2173 802 2210 Consentit
817 2174 988 2210 Valerius
1016 2186 1099 2210 eum
1124 2174 1332 2220 Apollonio,
1359 2174 1422 2220 qui
1446 2174 1474 2217 L
1501 2174 1570 2210 973
1595 2185 1696 2219 seqq.

205 2233 334 2275 tradit,
373 2233 539 2269 nondum
563 2233 753 2279 peperisse
781 2233 913 2275 Cliten,
952 2233 1019 2270 efr.
1046 2234 1127 2269 Val.
1152 2232 1252 2269 infra
1277 2234 1347 2269 345
1365 2235 1404 2270 et
1432 2233 1568 2270 Conon.
1595 2245 1626 2269 e.
1651 2234 1696 2284 41

209 2295 263 2330 ed.
288 2293 360 2335 W„
394 2294 524 2328 eontra
562 2293 657 2338 Hyg.
698 2293 773 2329 fab.
802 2293 846 2328 16
884 2295 1023 2335 narrat,
1063 2293 1237 2330 Iasonem
1272 2293 1356 2329 filiis
1383 2293 1504 2339 Cyzici
1539 2304 1697 2338 regnum

207 2352 420 2388 tradidisse.

302 2412 382 2448 320.
435 2411 596 2457 Myydon
620 2423 686 2447 rex
711 2412 937 2457 Mygdoniae
963 2412 1024 2448 vel
1050 2412 1260 2457 Phrygiae;
1293 2411 1388 2446 filius
1416 2411 1492 2447 eius
1509 2410 1696 2447 Coroebus

210 2472 521 2508 commemoratur
546 2471 647 2517 apud
674 2471 782 2516 Verg.
809 2472 900 2507 Aen.
927 2471 974 2513 ΙΙ,
1001 2472 1082 2507 341.

304 2532 385 2567 322.
434 2542 571 2566 arcana
594 2532 727 2576 saqitta
763 2531 864 2566 idem
905 2531 1004 2576 quod
1042 2532 1149 2577 ἀγανὰ
1174 2527 1252 2576 βέλη
1287 2530 1440 2566 Homeri
1464 2541 1587 2576 neque
1614 2542 1697 2565 cum

209 2591 400 2636 Wagnero
427 2591 474 2627 de
499 2591 555 2626 ira
580 2590 724 2626 Dianae
751 2590 1001 2638 cogitandum,
1041 2592 1143 2626 totus
1168 2590 1271 2626 locus
1298 2601 1491 2635 expressus
1519 2600 1563 2625 ex
1588 2589 1694 2625 Hom.

211 2650 254 2687 [l.
278 2650 341 2692 VI⁷
367 2650 438 2685 413
463 2661 585 2697 seqq.;
625 2649 692 2685 cfr.
730 2640 1063 2695 praeterea'Prop.
1090 2649 1119 2691 Ι,
1148 2650 1202 2691 11,
1229 2649 1275 2684 23
1300 2660 1393 2694 seq.;
1434 2648 1499 2685 Ov.
1526 2649 1603 2685 her.
1630 2648 1695 2694 ΙΙΙ,

212 2710 275 2752 52;
314 2709 473 2746 Venant.
499 2709 599 2745 Fort.
627 2721 711 2755 app.
737 2709 766 2751 Ι,
793 2709 837 2743 51
877 2709 935 2744 ed.
961 2709 1044 2749 Leo⁷
1083 2708 1148 2744 ubi
1172 2707 1413 2753 Radegundis
1445 2708 1612 2753 queritur
1650 2708 1696 2744 de
