1890 3100
209 207 265 249 66
719 205 981 243 cstLERI
1007 205 1181 241 FLACCI
1255 208 1265 236 ·.

423 325 479 363 Et
507 325 593 364 iam
613 325 702 364 finis
725 331 835 364 erat:
867 326 1180 378 Zephyrumque
1209 332 1417 378 ratemque
1446 306 1636 366 moranti}
1703 341 1758 372 350

319 390 494 429 solverat
523 391 732 451 amplexus
761 391 863 429 tristi
892 391 990 429 tuba
1018 391 1137 429 tertia
1165 391 1292 442 signo.

582 456 690 479 tw10*

618 491 623 497 ,
649 479 687 499 c(

306 533 386 568 351.
414 535 655 571 tabaezusum
694 534 750 569 sui
781 534 961 579 temporis
993 533 1177 569 transfert
1207 545 1312 570 more
1351 534 1500 579 poetico
1534 534 1704 570 Valerius

212 593 261 627 ad
286 594 458 639 tempora
484 593 651 636 heroi‘ca;
691 598 743 628 ter
766 593 860 628 tuba
886 593 1032 638 signum
1058 593 1300 641 profectionis
1325 594 1438 628 datur
1469 605 1616 641 prorsus
1643 606 1705 630 ea-

213 653 299 688 dem
324 653 481 699 ratione,
500 664 595 702 ¹Aqua.
613 653 723 689 hodie
750 664 895 698 quoque
920 653 1014 687 talia
1046 653 1152 698 sigua
1179 653 1260 687 dari
1285 653 1417 694 solent,
1452 653 1518 689 cfr.
1538 654 1703 689 Frontin.

213 713 370 758 strateg.
400 712 463 758 IV,
490 703 536 758 1„
555 713 617 747 33:
657 713 711 750 M.
741 713 828 748 Cato
855 714 898 748 ab
924 713 1045 748 hostici
1070 713 1197 756 littore,
1227 713 1267 749 m
1292 724 1360 757 quo
1379 724 1449 758 per
1473 714 1607 758 aliquot
1633 714 1707 749 dies

212 776 408 814 manserat,
443 784 521 823 cwig
554 776 606 807 ter
647 773 730 814 dato
766 773 1003 817 profectionis
1034 773 1135 821 siyno
1169 773 1313 807 classem
1345 773 1506 808 solvisset
1543 784 1573 810 e.
1609 785 1642 818 q.
1677 786 1705 809 s,

212 832 297 867 Alia
322 843 381 867 res
408 835 481 876 est,
521 843 603 867 cum
629 833 759 867 narrat
783 832 864 867 Val.
891 831 958 873 III.
985 832 1054 867 348
1079 834 1139 868 ter
1164 831 1371 867 iuhoruisse
1398 833 1554 869 aethera
1580 833 1707 876 luctifi-

214 903 291 926 cum
316 893 498 937 elanyente
528 892 624 927 tuba.
667 891 782 929 ‚Tuba
820 893 947 927 autem
982 891 1117 926 dicitur
1153 903 1222 937 pro
1257 891 1404 936 signum
1434 892 1528 927 tuba
1565 892 1705 934 datum,

214 953 257 986 ut
283 955 364 986 ante
389 952 493 986 tubas
517 951 655 998 legitur
678 951 792 996 Verg.
817 941 908 986 Aen.
937 950 999 995 XI,
1024 951 1111 992 424;
1151 950 1246 986 Stat.
1274 951 1391 987 Theb.
1418 951 1478 991 VI,
1508 952 1592 994 147;
1626 953 1708 989 IuV.

215 1010 242 1049 Ι,
271 1010 356 1052 169;
384 1009 446 1045 Sil.
472 1011 534 1055 IX,
562 1011 624 1052 523·
653 1010 779 1045 Claud.
807 1010 846 1045 in
873 1011 955 1045 Rus.
982 1010 1009 1055 Ι,
1037 1010 1122 1052 333;
1153 1009 1299 1056 Coripp.
1326 1010 1405 1046 1011.
1433 1009 1494 1052 IV,
1512 1011 1599 1054 49Ο;
1627 1011 1707 1057 VII,

216 1070 299 1111 (VI)
327 1070 412 1112 5083
447 1071 648 1105 intermissa
673 1070 760 1104 tuba
784 1069 895 1115 Prop.
922 1069 983 1109 IV,
1010 1070 1042 1110 4,
1070 1069 1133 1111 80;
1160 1081 1232 1104 non
1257 1071 1389 1105 clamor
1412 1071 1596 1116 utrimque,
1623 1071 1710 1107 Non

216 1131 392 1175 utrimque
417 1130 522 1176 tubae
547 1129 642 1164 Stat.
669 1129 786 1176 Theb.
814 1128 896 1170 XII,
916 1129 995 1163 722.

312 1190 394 1224 Iam
419 1188 586 1234 sequitur
612 1188 844 1223 enumeratio
861 1188 1174 1233 Argonautarum,
1201 1188 1319 1224 multo
1344 1188 1464 1234 magis
1489 1189 1644 1235 pulchre
1672 1192 1710 1225 et

217 1249 365 1295 poetice
393 1249 574 1293 exornata
599 1259 622 1283 a
646 1248 797 1283 Valerio
824 1259 936 1293 quam
963 1248 1010 1283 ab
1036 1247 1246 1295 Apollonio,
1279 1248 1341 1293 qui
1373 1248 1520 1294 saepius
1551 1249 1710 1288 molesta

219 1321 303 1345 cum
329 1308 526 1353 diligentia
553 1307 735 1353 originem
762 1308 801 1343 et
827 1307 1092 1352 cognationem
1117 1307 1178 1343 vel
1204 1307 1432 1343 domicilium
1463 1309 1619 1344 heroum
1643 1321 1710 1345 nos

217 1370 338 1409 docet,
365 1368 522 1413 i‘d‘quod
547 1368 596 1402 ad
622 1379 751 1403 eorum
776 1368 952 1402 naturam
977 1368 1091 1412 atque
1115 1378 1237 1403 mores
1265 1368 1303 1403 et
1321 1367 1481 1403 virtutes
1498 1368 1710 1404 describen-

217 1429 284 1467 das
310 1440 384 1473 non
410 1427 569 1462 multum
594 1427 708 1463 valet.
759 1427 921 1471 Largam
947 1427 994 1462 de
1021 1426 1072 1462 eis
1097 1426 1298 1462 materiam
1329 1426 1367 1461 in
1394 1427 1569 1472 catalogo
1594 1428 1711 1473 Argo-

216 1489 418 1523 nautarum
444 1487 666 1532 explicando
693 1486 881 1531 congessit
903 1486 1096 1521 Burmann
1119 1486 1158 1520 in
1182 1485 1420 1531 praefatione
1447 1486 1621 1522 editionis
1644 1498 1712 1532 per

216 1548 300 1593 plus
326 1547 354 1581 L
379 1547 555 1592 paginas;
581 1547 734 1592 praeter
760 1557 844 1581 eum
869 1545 1049 1591 imprimis
1074 1545 1284 1580 laudandus
1310 1545 1448 1588 Iessen,
1476 1546 1537 1591 qui
1564 1546 1713 1592 scripsit

217 1606 486 1653 prolegomena
517 1606 555 1640 in
588 1605 802 1651 catalogum
827 1605 1130 1650 Argonautarum
1155 1604 1322 1640 Berolini
1348 1604 1462 1648 1889;ν
1497 1605 1713 1641 conferatur

219 1666 334 1702 etiam
377 1665 551 1701 Stenderi
594 1665 641 1700 de
682 1665 986 1709 Argonautarum
1027 1664 1076 1698 ad
1119 1663 1274 1699 Colchos
1316 1676 1431 1710 usque
1475 1665 1712 1710 expeditione

219 1726 372 1762 fabulae
403 1724 561 1760 historia
595 1724 741 1768 critica,
781 1723 901 1759 Kiliae
929 1723 1031 1759 1874.
1081 1723 1197 1759 Nobis
1234 1735 1282 1759 ne
1319 1723 1434 1759 nimia
1470 1724 1567 1760 mole
1605 1724 1713 1760 obru-

220 1797 336 1831 amur,
371 1797 494 1831 pauca
526 1779 693 1830 praefari
730 1784 902 1819 sufficiat.
929 1783 1100 1819 Valerius
1132 1784 1404 1829 quinquaginta
1434 1783 1550 1820 fuisse
1581 1785 1714 1820 heroes

220 1844 470 1891 expeditionis
519 1844 721 1892 participes
768 1845 919 1889 praeter
967 1843 1139 1878 Iasonem
1182 1842 1273 1878 dicit
1309 1843 1392 1885 VII,
1430 1843 1494 1887 433
1537 1843 1715 1889 quinqua-

220 1905 328 1950 ginta
377 1903 530 1943 omnino,
576 1904 820 1939 numerantur
862 1902 968 1943 VIII,
1012 1903 1098 1944 2743
1141 1902 1208 1938 cfr.
1252 1902 1370 1939 Stat..
1391 1902 1507 1939 Theb.
1548 1903 1591 1943 V,
1633 1903 1714 1940 422.

221 1965 496 2000 Enumerantur
535 1964 663 1998 autem
700 1964 771 1998 hoc
808 1963 890 1998 loco
926 1964 1080 2007 praeter
1117 1962 1291 1998 Iasonem
1331 1962 1715 2008 undequinquaginta,

224 2024 359 2068 quibus
387 2028 475 2058 ante
501 2023 623 2068 ipsam
647 2022 920 2068 profectionem
941 2022 1097 2057 Acastus
1124 2022 1292 2063 accessit,
1317 2021 1438 2067 Hylae
1464 2023 1592 2057 autem
1608 2021 1719 2066 pueri

221 2085 264 2118 ut
293 2095 364 2129 par
396 2084 487 2129 erat,
525 2082 623 2118 ratio
655 2094 729 2118 non
760 2082 933 2118 habetur.
982 2081 1201 2127 Apollonius
1227 2081 1345 2117 habet
1367 2082 1521 2127 praeter
1546 2080 1718 2116 Iasonem

223 2142 494 2188 quinquaginta
530 2143 607 2177 tres
646 2141 776 2176 addito
814 2142 963 2182 Acasto,
1014 2136 1262 2186 Apollodorus
1301 2141 1496 2177 enumerat
1532 2140 1562 2182 Ι,
1600 2139 1633 2182 9,
1672 2140 1719 2180 16

224 2201 477 2247 quadraginta
503 2202 681 2246 quattuor
705 2202 859 2246 praeter
892 2200 1082 2242 Iasonem;
1121 2200 1276 2238 Theocr.
1307 2199 1362 2236 Id.
1393 2199 1496 2243 XIH,
1528 2199 1572 2234 74
1605 2200 1722 2242 vocat,

224 2272 361 2297 navem
392 2262 675 2306 τριακοντάζυγον.
724 2260 778 2294 Ex
806 2260 868 2301 eis,
902 2260 964 2305 qui
990 2259 1091 2305 apud
1117 2259 1354 2305 Apollonium
1379 2259 1628 2301 nominantur,
1655 2258 1718 2294 de-

225 2322 313 2355 sunt
346 2320 446 2366 apud
471 2319 663 2355 Valerium
689 2331 839 2355 novem:
883 2319 1046 2354 Coronus
1074 2318 1216 2364 Clytius
1247 2318 1385 2359 Areius
1403 2319 1552 2364 Augeae
1577 2317 1721 2369 Asterij

226 2392 267 2414 us
283 2379 457 2415 Laocoon
471 2378 733 2414 Palaemonius
748 2379 981 2423 Eurydamas
996 2378 1141 2423 Iphitus
1160 2379 1272 2420 alter3
1295 2379 1426 2414 contra
1434 2377 1680 2414 nominantur
1697 2388 1721 2426 ³³.

226 2439 378 2475 Valerio
403 2439 555 2484 praeter
582 2439 727 2474 ceteros
753 2437 940 2483 Apollonii
966 2438 1098 2473 heroes
1124 2437 1162 2472 hi
1188 2449 1267 2473 sex:
1295 2437 1492 2482 Clymenus
1514 2436 1720 2472 Deucalion

227 2498 333 2544 Iphis
364 2498 502 2534 Nestor
532 2497 762 2533 Philoctetes
800 2497 959 2542 Tydeus.
1022 2496 1065 2531 In
1097 2497 1271 2537 transtris
1303 2497 1438 2534 sedent
1468 2495 1720 2542 quadraginta

229 2558 314 2600 duo,
352 2557 482 2602 itaque
507 2557 545 2592 in
571 2558 728 2602 utraque
754 2557 864 2602 parte
892 2555 1024 2601 viginti
1050 2568 1132 2591 cum
1158 2556 1312 2600 singulis
1338 2555 1504 2597 ducibus,
1536 2554 1720 2590 validissi-

228 2618 298 2653 mis
336 2617 485 2663 quidem
511 2616 609 2658 viris,
643 2616 846 2651 Telamone
879 2616 917 2651 et
948 2615 1119 2651 Hercule.
1171 2614 1244 2651 Sed
1273 2614 1477 2660 permirum
1515 2615 1582 2656 est,
1621 2615 1720 2659 quod

229 2688 340 2713 nemo
368 2676 553 2712 editorum
579 2675 856 2717 animadvertit,
882 2674 1073 2710 Valerium
1101 2675 1134 2709 ei
1158 2674 1270 2719 parti,
1303 2674 1368 2709 ubi
1393 2673 1501 2709 sedet
1528 2673 1718 2716 Telamon,
