1890 3100
248 219 333 262 156
348 233 350 236 “
793 217 830 253 C.
856 217 1036 253 VALERI
1061 217 1236 254 FLACOI

354 338 550 389 effugiunt
576 350 758 389 propere,
790 337 862 376 sed
891 337 989 376 dura
1016 338 1058 376 in
1086 338 1222 376 limine
1253 338 1425 376 coniunx

354 402 511 441 obsidet
541 408 582 441 et
607 402 696 440 viso
725 408 913 454 repetunt
939 402 1126 441 incendia
1154 402 1270 441 ferro.

353 474 414 506 ast
444 468 547 506 aliae
576 468 775 506 Thressas
803 467 937 506 labem
967 481 1209 520 causamque
1239 467 1382 506 furoris
1775 515 1778 518 Α

353 532 557 585 diripiunt,
588 533 701 571 mixti
730 534 902 584 gemitus
932 533 1159 585 clamorque
1188 539 1423 585 precantum
1734 537 1788 567 240

351 598 546 637 barbarus
575 599 818 650 ignotaeque
848 598 1068 650 implebant
1097 599 1262 637 aethera
1289 612 1422 637 voces.

410 663 493 702 Sed
521 664 593 702 tibi
623 678 728 702 nunc
758 677 859 716 quae
890 664 1011 716 digna
1038 665 1116 702 tuis
1146 664 1377 714 ingentibus
1407 664 1516 702 ausis

353 743 444 768 orsa
470 730 607 777 feram,
639 729 762 768 decus
793 735 833 767 et
860 730 1012 781 patriae
1041 730 1129 769 laus
1159 743 1240 768 una
1267 730 1432 776 ruentis,

351 794 612 847 Hypsipyle?
640 808 721 833 non
749 795 833 833 ulla
861 808 949 833 meo
978 801 1018 833 te
1049 795 1222 833 carmine
1253 794 1399 832 dictam

353 860 602 908 abstulerint,
634 860 778 898 durent
805 861 929 898 Latiis
959 862 1076 898 modo
1108 860 1270 899 saecula
1297 860 1410 898 fastis
1735 862 1790 892 245

351 926 547 978 Iliacique
575 925 682 964 lares
711 926 892 978 tantique
920 926 1070 977 palatia
1097 926 1224 977 regni.

351 992 556 1030 inruerant
586 997 699 1030 actae
728 992 879 1043 pariter
905 996 1106 1043 nataeque
1135 1004 1340 1043 nurusque

350 1062 515 1108 totaque
544 1057 622 1094 iam
653 1057 799 1108 sparsis
831 1062 1035 1095 exarserat
1061 1055 1194 1094 insula
1221 1056 1420 1095 monstris.

350 1122 421 1160 illa
448 1122 534 1173 pias
565 1127 717 1160 armata
744 1134 885 1160 manus
915 1121 1024 1172 ‘fuge
1053 1122 1236 1173 protinus
1265 1121 1406 1159 urbem

351 1200 508 1239 meque,
538 1191 670 1238 pater,
701 1200 782 1224 non
810 1186 960 1234 hostis,’
993 1187 1048 1224 ait
1076 1191 1168 1224 ‘non
1197 1186 1356 1225 moenia
1382 1186 1484 1224 laesi
1735 1188 1790 1218 250

337 1347 429 1382 Pars
461 1346 626 1382 virorum
663 1346 756 1391 fuga
789 1358 833 1382 ex
863 1346 1033 1382 domibus
1070 1346 1230 1381 incensis
1269 1345 1372 1382 facta
1409 1345 1566 1381 salutem
1604 1346 1735 1391 petere

241 1407 444 1452 temptant,
484 1406 550 1442 sed
576 1405 733 1448 frustra;
773 1405 862 1450 quid
887 1406 1004 1441 altera
1028 1406 1137 1451 parte
1164 1405 1306 1440 factum
1331 1405 1390 1447 sit,
1422 1416 1489 1440 sua
1513 1405 1646 1450 sponte
1672 1415 1735 1449 ap-

242 1467 362 1511 paret,
391 1477 506 1511 quare
531 1477 605 1501 non
632 1476 720 1510 opus
748 1467 829 1500 erat
853 1465 893 1500 id
918 1465 1069 1501 addere.

337 1537 418 1573 237.
467 1538 507 1572 in
539 1537 856 1578 limine-obsidem
896 1536 962 1573 cfr.
989 1536 1137 1572 Terent.
1165 1536 1322 1581 Adelph.
1367 1536 1434 1570 717
1474 1535 1568 1571 domi
1605 1539 1736 1570 certum

244 1597 402 1633 obsidere
427 1601 487 1632 est.

335 1668 415 1704 239.
467 1669 561 1703 labes
587 1668 633 1703 de
660 1667 880 1709 hominibus,
915 1679 937 1702 a
974 1667 1106 1712 quibus
1140 1667 1294 1703 exitium
1321 1667 1448 1712 oritur,
1474 1666 1536 1702 vel
1559 1666 1599 1701 in
1622 1677 1735 1711 prosa

241 1728 412 1764 oratione
437 1727 642 1769 invenitur;
682 1727 728 1762 de
753 1726 872 1772 poetis
899 1726 965 1762 cfr.
993 1726 1055 1762 Sil.
1082 1726 1164 1772 XII,
1196 1727 1283 1768 404;
1324 1726 1451 1762 Claud.
1477 1726 1516 1761 in
1541 1725 1661 1760 Rufin.
1687 1725 1732 1766 ΙΙ,

238 1787 327 1830 498;
356 1787 499 1823 Orient.
526 1798 707 1822 common.
726 1786 753 1827 I,
773 1786 854 1822 337.
902 1786 1031 1822 Videri
1048 1787 1175 1831 potest
1192 1786 1361 1822 Valerius
1377 1786 1449 1821 hoe
1474 1796 1584 1821 versu
1610 1784 1735 1820 dicere

239 1846 398 1883 voluisse
425 1846 604 1881 Thressas
630 1857 757 1881 omnes
782 1845 1002 1881 interfectas
1029 1857 1119 1888 esse,
1147 1845 1214 1881 sed
1239 1844 1305 1880 cfr.
1332 1845 1381 1880 ad
1405 1844 1485 1881 344.

338 1906 417 1940 240.
470 1906 662 1950 aimoinum
691 1904 757 1940 cfr.
786 1905 835 1940 ad
860 1904 887 1950 Ι,
914 1904 996 1942 825.
1165 1899 1166 1903 ’

333 1965 414 2000 243.
464 1976 528 2000 ora
558 1965 652 2006 Vat.,
680 1975 763 2000 orsa
788 1964 970 2006 Heinsius
999 1965 1062 1999 cfr.
1089 1964 1131 2006 V,
1149 1965 1219 1999 471
1238 1965 1277 2000 et
1300 1964 1410 2009 Verg.
1435 1963 1527 1999 Aen.
1551 1962 1633 2005 VII,
1651 1962 1731 1999 435.

334 2037 413 2072 244.
464 2037 520 2072 De
546 2037 616 2072 hoc
643 2036 932 2082 epiphonemate
959 2036 1024 2071 cfr.
1047 2036 1155 2081 Verg.
1175 2036 1267 2072 Aen.
1285 2035 1349 2078 IX,
1375 2035 1445 2070 446
1470 2045 1565 2082 seq.;
1590 2034 1652 2070 Sil.
1670 2033 1731 2078 IV,

240 2096 308 2131 397
337 2107 456 2141 seqq.;
482 2097 577 2132 Stat.
605 2095 722 2139 Theb.
749 2096 791 2137 X,
818 2096 889 2130 445
914 2107 990 2140 seq.

335 2155 414 2191 245.
466 2155 566 2191 Latii
588 2155 680 2198 fasti
716 2156 785 2191 hoc
821 2155 904 2191 loco
940 2156 1027 2190 sunt
1050 2155 1193 2191 indices
1218 2154 1524 2200 magistratuum;
1556 2153 1734 2198 quamdiu

240 2215 279 2249 hi
305 2215 624 2260 magistratusque
649 2215 902 2250 Romanorum
926 2214 948 2249 i.
970 2226 1000 2250 e.
1025 2214 1238 2260 respublica
1255 2214 1423 2250 Romana
1448 2212 1610 2254 durabit,
1635 2213 1732 2247 tam-

241 2274 305 2309 diu
349 2285 498 2309 carmen
536 2286 642 2308 suum
678 2285 894 2309 mansurum
931 2273 1101 2309 Valerius
1140 2273 1247 2320 dicit3
1287 2273 1415 2308 durent
1450 2272 1592 2308 saecula
1625 2271 1733 2314 fastis

241 2333 381 2368 dietum
404 2344 473 2378 pro
500 2344 544 2368 eo
570 2333 669 2377 quod
694 2334 752 2369 est
770 2333 898 2368 durent
920 2333 1010 2375 fasti
1034 2333 1200 2379 saecula-53
1228 2332 1274 2368 de
1300 2333 1370 2368 hoc
1391 2343 1541 2368 casuum
1559 2330 1732 2375 enallage

240 2392 305 2429 cfr.
334 2392 383 2427 ad
408 2392 435 2434 I,
463 2391 551 2436 4993
577 2393 787 2428 abstulerint
812 2404 861 2428 sc.
889 2403 908 2428 e
933 2392 1124 2428 memoria.

334 2450 413 2487 246.
465 2452 557 2486 lares
581 2450 770 2486 interdum
794 2451 914 2486 minus
941 2452 1116 2486 accurate
1141 2463 1208 2496 pro
1239 2450 1440 2496 penatibus
1463 2450 1662 2495 ponuntur,
1688 2450 1732 2483 ut

241 2511 327 2546 Luc.
353 2510 415 2551 IX,
442 2509 534 2552 992;
562 2509 655 2545 Stat.
682 2510 760 2545 silv.
788 2510 849 2552 IV,
877 2511 909 2552 5,
936 2511 969 2546 2.

334 2570 416 2607 247.
464 2573 638 2614 nataeque
661 2581 856 2614 nwrusquffl
886 2570 951 2606 Ov.
978 2569 1063 2605 fast.
1089 2570 1151 2611 IV,
1180 2569 1260 2607 295.

336 2628 416 2664 250.
467 2629 554 2664 laesi
583 2629 735 2663 Thraces
758 2628 781 2664 i.
810 2640 840 2664 e.
867 2626 1010 2672 afflicti,
1035 2628 1135 2670 victi,
1173 2627 1311 2670 domiti,
1347 2626 1412 2665 cfr.
1438 2626 1502 2663 Sil.
1527 2626 1590 2669 XI,
1616 2627 1639 2662 6
1662 2627 1730 2663 heu

240 2690 389 2724 nimium
411 2687 536 2731 faciles
560 2688 665 2723 laesis
691 2687 728 2731 (i.
757 2698 786 2724 e.
813 2687 978 2734 afflictis)
1011 2687 1173 2730 diffidere
1203 2687 1322 2734 rebus,
1361 2686 1427 2723 Ov.
1455 2697 1500 2723 ex
1529 2686 1637 2723 Pont.
1663 2685 1727 2728 ῙΠἼ
