1890 3100
0 0 175 34 Wffffijiffffss

527 211 917 251 ARGONAVTICON
937 211 1087 247 LIBER
1111 210 1160 246 Π.
1537 211 1622 255 195

247 340 405 386 sceptra
431 340 587 373 tenens.
614 339 699 371 tum
727 331 868 370 sternit
894 342 1021 382 aquas
1047 341 1317 381 proceresque
1345 327 1568 380 ducemque
1621 342 1677 372 500

246 400 387 451 aspicit
414 405 457 438 et
481 396 649 450 placidis
677 395 893 448 compellat
917 395 1066 433 Iasona
1093 393 1226 432 dictis:

248 469 300 503 ‘te
329 475 489 517 quoque
515 462 566 501 ab
593 461 829 501 Haemoniis
855 461 996 511 ignota
1020 472 1095 511 per
1120 471 1297 511 aequora
1322 458 1440 497 terris

246 542 374 581 regna
398 527 547 567 infesta
574 526 715 565 domus
741 525 916 578 fatisque
946 524 1147 563 simillima
1173 526 1320 562 nostris

247 594 330 632 fata
355 593 508 641 ferunt3
534 593 681 630 iterum
708 590 874 629 Aeolios
901 590 1081 628 Fortuna
1106 595 1277 641 nepotes

247 659 398 710 spargit
425 666 466 696 et
491 656 633 696 infelix
661 655 895 707 Scythicum
922 668 1023 706 gens
1053 654 1243 707 quaeritis
1272 666 1441 691 amnem.
1622 663 1673 692 595

245 729 362 762 vasta
387 735 508 774 super
533 721 669 768 tellus,
696 721 863 772 longum
889 723 957 769 (ne
986 719 1114 759 defice
1142 719 1312 771 coeptis)

250 801 412 840 aequor,
441 793 482 825 et
508 786 597 838 ipse
624 786 775 838 procul,
803 798 943 824 verum
973 784 1083 823 dabit
1111 785 1213 823 ostia
1239 783 1396 822 Phasis.

0 891 6 913 ,ὲ
249 853 314 892 hic
340 865 481 891 nemus
510 864 699 890 arcanum
726 851 991 903 geminaeque
1019 849 1241 888 virentibus
1271 861 1364 887 arae

0 923 7 966 ’ξ
249 922 356 956 stant
381 916 564 964 tumulis;
594 916 660 954 hic
687 916 814 967 prima
841 916 908 967 pia
936 915 1147 953 sollemnia
1173 914 1322 952 Phrixo

0 968 7 987 ι
247 982 351 1021 ferte
378 995 500 1020 manu
527 981 744 1033 cinerique,
772 993 925 1032 precor,
954 993 1046 1019 mea
1071 979 1229 1018 reddite
1258 978 1384 1017 dicta:
1624 982 1680 1012 600

246 1060 328 1086 non
356 1060 432 1098 ego
459 1059 533 1098 per
557 1046 744 1098 Stygiae,
773 1044 881 1097 quod
907 1059 1009 1092 rere,
1040 1045 1200 1084 silentia
1225 1045 1348 1095 ripae,

142 1195 190 1231 de
215 1206 314 1231 cons.
339 1194 431 1240 phil.
456 1194 486 1234 Ι.
514 1194 553 1235 1;
578 1193 690 1229 modo
722 1193 866 1237 dextra,
900 1194 943 1227 ut
966 1192 1078 1238 Verg.
1103 1192 1196 1229 Aen⁴
1222 1191 1304 1232 ΧΠ.
1329 1191 1416 1234 206;
1443 1191 1511 1229 Ov.
1535 1191 1623 1227 met.

143 1253 210 1294 m,
236 1253 325 1295 264;
350 1252 437 1288 fast
459 1252 523 1294 VI,
548 1251 611 1294 38;
638 1251 721 1288 Sen.
747 1252 856 1288 Herc.
882 1251 952 1287 fur.
979 1252 1066 1293 331;
1091 1251 1242 1287 Iuvenc.
1267 1250 1329 1291 IV,
1355 1251 1434 1285 646.

236 1312 317 1348 591.
360 1311 517 1357 placidis
540 1312 723 1356 wmpeuat
747 1311 884 1346 Iasona
907 1311 1026 1353 dict-‘m
1054 1310 1120 1346 cfr.
1146 1310 1231 1346 Luc.
1257 1310 1301 1351 X,
1327 1310 1416 1352 175;
1444 1309 1511 1346 OV.
1534 1311 1624 1345 met.

142 1371 245 1413 VIII,
273 1371 354 1408 778.

238 1429 318 1466 593.
366 1430 490 1465 donum
514 1429 813 1475 coniungendam
838 1430 895 1464 est
920 1440 1004 1464 cum
1029 1428 1081 1464 eis
1106 1439 1202 1473 quae
1226 1429 1431 1473 sequuntur
1465 1429 1504 1463 et
1536 1438 1627 1473 pen-

144 1490 211 1526 det
234 1500 258 1524 a
282 1489 517 1524 substantivo
540 1489 637 1531 Γαΐω
664 1488 712 1524 de
735 1487 958 1523 traiectione
982 1498 1049 1533 que
1078 1487 1288 1533 particulae
1320 1486 1386 1522 cfr.
1421 1487 1471 1521 ad
1501 1486 1532 1527 I,
1569 1486 1627 1524 49.

237 1541 318 1584 594.
365 1552 509 1592 κρούω
544 1547 630 1584 Vat.
667 1548 789 1594 recte;
826 1547 975 1593 poetico
1011 1557 1115 1582 more
1150 1546 1304 1592 pluralis
1340 1546 1503 1591 ponitur,
1542 1557 1626 1581 cum

142 1606 294 1654 proprie
330 1606 377 1643 de
413 1618 486 1642 uno
517 1606 650 1643 Iasone
688 1607 930 1652 cogitandum
966 1606 1024 1641 sit.
1060 1606 1241 1651 -Plerique
1273 1605 1435 1641 editores
1466 1616 1511 1640 ex
1543 1604 1624 1641 cod.

145 1666 246 1702 Carr.
266 1670 416 1712 penates
438 1667 677 1712 receperunt;
703 1666 771 1702 sed
795 1676 1019 1710 quamquam
1053 1676 1143 1701 sane
1174 1664 1265 1700 alibi
1294 1665 1334 1700 in
1363 1664 1448 1700 Vat.
1475 1667 1627 1709 permtae

145 1727 185 1762 et
206 1729 349 1770 nepotae
371 1724 659 1766 confunduntur,
686 1725 757 1760 hoc
781 1725 861 1760 loco
886 1735 1038 1759 eausam
1061 1736 1137 1760 non
1161 1723 1282 1769 video,
1309 1735 1374 1759 cur
1398 1723 1477 1759 eius
1511 1722 1625 1768 scrip-

142 1785 268 1820 turam
291 1795 519 1830 respuamus.

237 1843 317 1879 595.
365 1844 507 1888 sparyit
529 1843 552 1877 i.
579 1854 612 1879 e.
638 1854 683 1878 ex
712 1842 839 1888 patria
868 1842 908 1877 in
938 1842 1159 1887 longinquas
1196 1842 1367 1887 regiones
1397 1841 1517 1876 mittit
1546 1841 1625 1877 sive

141 1901 268 1948 pellit;
293 1901 346 1937 sic
370 1901 413 1943 V,
439 1901 508 1936 487
533 1912 597 1936 rac
618 1902 759 1947 ,sparqit
782 1902 828 1936 ab
852 1902 963 1946 Aryis
986 1901 1152 1947 Alc-idem
1178 1901 1264 1938 Luc.
1290 1900 1386 1941 vm,
1418 1900 1490 1935 203
1521 1911 1625 1945 spar-

12 1988 19 2009 ;
55 1997 58 1998 ⁷
141 1972 205 1997 eus
228 1962 273 1997 ab
297 1961 465 1996 Bnutthia
486 1961 582 2006 Μὴ
615 1962 821 2006 quicumque
845 1961 1018 2005 procella
1058 1961 1278 2005 Adsequitur
1303 1960 1500 2005 Maymm
1540 1959 1625 1996 Sen.

12 2018 15 2038 ³
142 2019 252 2056 Herc.
267 2019 348 2056 Oet.
364 2019 435 2055 979
447 2020 566 2055 alias·
552 2031 592 2055 m
604 2021 708 2055 urbes
722 2031 851 2065 spen-qe
869 2021 957 2065 (me)
979 2024 1011 2055 et
1026 2020 1184 2065 iqrwtum
1201 2020 1268 2055 tibi
1282 2020 1428 2054 imnitte
1443 2019 1483 2054 in
1498 2020 1625 2054 orbem.

13 2079 21 2121 ξ
64 2079 70 2093 '²
238 2078 318 2115 596.
366 2089 411 2114 ne
434 2079 541 2121 defice
564 2080 711 2123 coepti&
738 2079 880 2124 coeptis
905 2091 979 2114 non
1005 2079 1150 2114 dativus
1186 2078 1392 2123 habendus,
1423 2078 1491 2114 sed
1521 2078 1626 2113 abla—

142 2137 251 2179 fivus,
275 2139 320 2173 ut
343 2137 393 2173 sit
416 2149 464 2173 ne
489 2138 627 2174 desiste
661 2149 684 2173 a
716 2138 876 2183 coeptis;
914 2137 980 2176 cfr
1005 2138 1128 2173 locum
1153 2137 1347 2172 Livianum
1370 2137 1400 2174 I.
1426 2138 1482 2178 24,
1509 2138 1530 2172 7
1555 2138 1627 2173 illis

71 2192 73 2195 ’
145 2197 276 2242 kqt'bus
293 2197 453 2242 populus
470 2196 655 2232 Romanus
676 2198 779 2241 prior
801 2208 874 2232 mm
898 2197 1043 2239 deficiet.

238 2255 319 2292 598.
366 2257 524 2301 qemime
563 2266 650 2291 arae
692 2267 714 2291 a.
755 2256 978 2301 quibusdam
1020 2255 1290 2301 interpretibus
1336 2255 1508 2291 dicuntur
1546 2266 1626 2291 esse

47 2339 50 2340 ν
75 2311 77 2313 ’
146 2324 234 2350 arae
257 2314 389 2350 Martis
414 2316 453 2350 et
477 2313 575 2350 Iovis
599 2315 741 2360 Phyxii,
767 2315 833 2350 sed
870 2315 949 2351 sine
980 2326 1092 2350 causa
1123 2314 1349 2350 necessaria:
1382 2325 1472 2350 arae
1501 2314 1626 2360 potius

74 2394 76 2399 ·
145 2372 321 2409 videntur
345 2384 426 2409 esse
450 2373 489 2408 in
513 2374 694 2409 honorem
717 2373 845 2408 Phrixi
871 2375 910 2409 et
934 2373 1061 2409 Helles
1086 2373 1248 2409 dicatae.

67 2447 80 2458 v
239 2431 319 2467 601.
368 2432 438 2468 Hic
466 2434 624 2478 quaerat
649 2432 841 2478 quispiam,
874 2444 940 2468 cur
963 2432 1071 2468 Helle
1094 2444 1180 2473 non,
1214 2432 1437 2477 simulatque
1468 2432 1626 2467 Phrixus

35 2515 42 2531 ·.›
70 2495 86 2530 ᾗ
146 2489 187 2525 in
217 2489 436 2527 Colchorum
471 2493 612 2527 terram
643 2491 806 2533 advenit,
838 2492 931 2527 haec
965 2491 1075 2527 fratri
1106 2502 1292 2537 apparens
1328 2491 1528 2537 aperuerit,
1560 2490 1627 2526 sed

96 2599 99 2602 .
149 2547 412 2595 longumffiost
433 2552 582 2596 tempus
607 2550 701 2585 alius
725 2552 872 2587 mortuo
896 2551 1070 2587 nuntiare
1094 2551 1278 2586 iubeatur.
1345 2550 1464 2586 Poeta
1488 2550 1527 2584 id
1551 2561 1627 2584 non

12 2609 53 2660 ᾖ]
78 2606 83 2635 ἶ
152 2607 304 2649 curavit,
336 2619 420 2644 cum
456 2609 640 2655 arriperet
673 2609 912 2654 occasionem,
938 2621 1011 2655 qua
1042 2610 1131 2646 felix
1166 2609 1359 2655 navigatio
1390 2608 1513 2644 Iasoni
1543 2619 1627 2653 por-

14 2665 89 2723 ’ξζς
149 2665 378 2708 tenderetur,
410 2669 522 2713 atque
560 2668 654 2704 adeo
690 2670 822 2714 postea
858 2669 994 2704 oblitus
1032 2671 1089 2704 est
1123 2669 1217 2703 talia
1242 2668 1375 2706 Hellen
1411 2667 1626 2702 mandasse:

1348 2727 1414 2761 13*
