1890 3100
568 232 955 270 ARGONAVTIOON
977 231 1123 267 LIBER·
1148 231 1197 268 11.
1538 231 1623 275 155

251 355 329 393 hoc
356 368 477 402 soror,
505 354 582 392 hoc
609 353 792 399 coniunx,
821 351 1061 403 propiorque
1089 350 1165 388 hoc
1193 355 1288 388 nata
1314 361 1540 401 parensque

253 433 375 458 saeva
401 419 526 466 valet3
555 429 804 470 prensosque
831 416 927 454 toris
955 421 1183 467 mactatque
1211 414 1412 466 trahitque
1627 425 1682 455 230

236 484 471 538 [femineum
499 495 639 534 genus,
668 483 862 520 immanes
891 493 990 532 quos
1020 485 1200 519 sternere
1228 479 1347 517 Bessi

252 562 328 588 nec
356 548 524 588 Geticae
551 552 718 599 potuere
746 559 885 585 manus
914 551 984 584 aut
1011 545 1195 597 aequoris
1223 545 1319 583 irae.

252 614 283 651 it
312 626 427 651 cruor
453 613 495 651 in
521 612 706 650 thalamis
737 617 777 650 et
805 611 950 649 anhelo
977 611 1020 648 in
1046 615 1210 662 pectore
1238 610 1392 647 fumant

254 677 422 716 vulnera
449 690 575 729 seque
601 677 699 715 toris
728 676 873 714 misero
902 675 1117 714 luctamine
1147 675 1277 713 trunci

255 741 484 781 devolvunt.
541 741 646 780 diras
675 741 779 780 aliae
808 740 859 779 ad
886 741 1048 792 fastigia
1074 739 1216 778 taedas
1631 743 1686 772 235

204 806 676 872 Qantque
706 805 860 861 domos:
890 818 981 857 pars
1010 805 1170 856 ignibus
1199 805 1294 843 atris

239 918 319 954 230.
367 922 565 963 mactatque
588 918 784 962 trahitque;
810 917 923 963 Verg.
941 917 1032 954 Aen.
1058 916 1122 961 IX,
1145 916 1215 952 340
1231 916 1436 961 manditque
1453 915 1632 959 trahitque

147 977 195 1014 de
221 977 340 1014 leone.

240 1036 320 1072 231.
369 1036 474 1072 Bessi
510 1037 550 1072 et
586 1035 695 1071 Getae
727 1035 908 1071 Thraciae
949 1037 1082 1080 gentes
1118 1034 1393 1079 coniunguntur
1430 1033 1544 1069 etiam
1582 1032 1630 1067 ab

147 1095 279 1131 ovidio
302 1094 400 1132 trist.
425 1094 492 1135 ΠΙ,
519 1095 573 1136 10,
600 1094 639 1137 5;
677 1094 736 1136 IV,
765 1095 796 1136 1,
823 1094 884 1137 673
923 1094 991 1130 cfr.
1017 1093 1141 1131 Strab.
1166 1093 1247 1134 VII,
1274 1092 1306 1134 5,
1334 1093 1395 1134 12;
1433 1092 1527 1129 Plin.
1552 1093 1630 1128 nat.

145 1154 230 1190 hist.
255 1154 318 1195 IV,
344 1154 402 1190 40.
452 1154 508 1190 De
543 1165 607 1189 nec
641 1154 827 1199 particula
862 1154 911 1188 ad
946 1153 1080 1189 Bessos
1115 1153 1290 1188 addenda
1327 1151 1394 1188 cfr.
1433 1151 1483 1186 ad
1519 1151 1547 1193 I,
1577 1151 1631 1186 18.

147 1212 322 1249 Ceterum
344 1212 495 1249 Valerio
532 1213 682 1248 videtur
720 1213 940 1248 obversatus
980 1223 1059 1248 esse
1097 1212 1199 1247 locus
1232 1211 1343 1256 Verg.
1368 1211 1460 1247 Aen.
1486 1210 1534 1251 Π,
1563 1210 1631 1245 196

145 1283 258 1317 seqq„
286 1271 354 1308 cfr.
380 1271 475 1307 Stat.
502 1272 618 1307 Theb.
643 1271 686 1307 V.
715 1272 782 1306 172
807 1283 909 1316 seqq.

241 1330 322 1367 233.
370 1331 428 1366 his
451 1330 553 1373 Vat.;
591 1331 620 1366 it
651 1330 866 1371 Sabellicus,
905 1330 970 1366 cfr.
997 1330 1107 1375 Verg.
1134 1330 1224 1365 Aen.
1251 1329 1313 1371 IX,
1339 1329 1426 1373 4343
1463 1328 1633 1364 Koestlin
1661 1338 1664 1341 ’

147 1389 282 1427 Philol.
307 1389 364 1432 38,
389 1389 436 1424 55
474 1390 514 1425 et
537 1389 739 1425 Loehbach
762 1389 802 1424 in
827 1389 904 1425 obs.
937 1389 1053 1425 critic.
1085 1390 1141 1424 his
1165 1399 1316 1424 servare
1340 1388 1494 1424 student
1518 1387 1633 1423 inter-

142 1448 344 1494 pungendo
367 1450 455 1494 post
476 1460 588 1494 ⁸‹Jenus
611 1460 646 1484 v.
671 1449 739 1483 231
767 1450 806 1484 et
829 1459 917 1493 quos
942 1448 1140 1484 referendo
1159 1448 1208 1483 ad
1224 1449 1301 1483 his:
1328 1449 1369 1482 at
1394 1447 1632 1493 opponuntur
1648 1470 1656 1474 -

144 1506 307 1543 feminae
330 1507 453 1543 Bessis
480 1508 518 1543 et
536 1507 640 1544 Getis
670 1519 791 1552 neque
816 1508 910 1544 haec
934 1507 1236 1553 interpungendo
1261 1506 1322 1541 vel
1346 1505 1632 1552 interpretando

144 1565 323 1602 divellere
347 1566 447 1603 licet.
489 1567 616 1602 anhela
641 1566 732 1608 Vat;
759 1567 883 1602 anhelo
907 1566 1089 1602 Heinsius.

237 1625 319 1661 236.
366 1625 467 1661 Vitia
503 1625 609 1660 huius
646 1637 773 1661 versus
810 1637 944 1661 sanare
970 1626 1073 1661 varie
1097 1626 1380 1671 temptaverunt
1420 1624 1491 1660 viri
1532 1624 1634 1659 docti

143 1695 265 1730 neque
290 1684 400 1720 facile
425 1684 499 1720 dici
515 1684 662 1730 poterIt,
690 1684 779 1730 quid
794 1684 965 1721 Valerius
989 1684 1179 1730 scripsisse
1195 1684 1377 1720 videatur.
1418 1683 1529 1720 Certe
1554 1697 1633 1721 cor-

144 1744 257 1789 rupta
281 1745 368 1778 sunt
392 1744 509 1779 verba
533 1744 736 1789 adduntque
761 1744 895 1786 donum
928 1755 1016 1779 nam
1041 1744 1103 1779 vix
1137 1743 1344 1789 probabilis
1372 1745 1428 1779 est
1454 1755 1498 1779 ea
1523 1745 1630 1786 ratio,

143 1815 218 1849 qua
254 1802 459 1849 explicatur
498 1803 612 1838 etiam
648 1803 776 1839 domos
813 1803 984 1838 mulieres
1024 1803 1137 1839 exitio
1175 1803 1322 1838 dedisse
1361 1803 1444 1839 coll.
1476 1803 1502 1843 I,
1545 1803 1631 1845 825;

144 1862 286 1909 optima
316 1861 475 1898 fortasse
513 1862 570 1898 est
607 1861 830 1903 coniectura,
881 1873 992 1907 quam
1032 1862 1131 1907 Bury
1160 1862 1355 1907 proposuit
1388 1862 1630 1898 Hermathen.

145 1920 248 1964 VIII,
274 1920 344 1956 399
380 1921 636 1966 chuduntque;
673 1921 854 1967 Postgate
879 1921 903 1956 J
905 1933 1008 1958 ourn.
1041 1921 1084 1957 of
1109 1921 1200 1967 phil.
1234 1921 1349 1962 XXH,
1388 1921 1459 1956 309
1483 1921 1632 1967 scripsit

144 1980 346 2025 obduntque
359 1983 424 2022 (sc.
442 1980 547 2025 seris)
566 1980 648 2017 coll.
664 1980 772 2026 Apul.
783 1981 872 2016 met.
882 1980 924 2022 V,
933 1980 964 2022 9,
975 1980 1042 2016 sed
1054 1980 1094 2015 id
1108 1992 1218 2016 nemo
1237 1983 1344 2016 extra
1364 1980 1515 2016 domum
1528 1982 1631 2016 stans

146 2039 273 2075 faeere
284 2040 421 2085 potest.
447 2039 543 2074 Tum
558 2039 745 2085 plerisque
758 2041 972 2085 suspectum
985 2039 1161 2085 effuyiunt
1174 2051 1258 2075 cum
1276 2040 1442 2075 ablativo
1457 2040 1629 2076 coniunc-

144 2098 228 2133 tum
242 2109 364 2144 neque
387 2099 513 2134 hercle
530 2099 648 2144 magis
665 2099 793 2144 placet
811 2099 964 2134 iniciunt
981 2110 1064 2134 cum
1082 2099 1132 2134 ad
1153 2098 1430 2144 praepositione
1457 2099 1629 2135 coniunc-

144 2157 242 2192 tum:
266 2156 306 2192 in
321 2157 432 2192 simili
448 2168 490 2193 re
506 2156 692 2202 Vergilius
712 2157 806 2192 din‘t
821 2157 915 2194 Aen.
928 2157 1031 2203 VIII,
1045 2157 1115 2193 491
1136 2158 1249 2203 iynem
1267 2158 1317 2193 ad
1329 2158 1479 2203 fastiqz’a
1494 2158 1631 2194 iactant

146 2216 186 2252 et
208 2215 272 2257 IX,
304 2215 374 2251 568
409 2216 534 2252 taedas
556 2217 622 2251 alii
645 2216 695 2251 ad
714 2217 864 2262 faetiqia
888 2217 1041 2258 iactam
1081 2216 1284 2262 effugiendi
1309 2219 1438 2253 autem
1463 2217 1628 2259 verbum,

144 2274 292 2320 saepius
329 2285 413 2310 cum
450 2286 493 2310 ex
526 2275 803 2321 praepositione
840 2275 1087 2317 coniunctum,
1126 2287 1209 2311 cum
1245 2276 1324 2312 solo
1359 2276 1526 2312 ablativo
1556 2288 1630 2313 uno

145 2333 282 2369 saltem
305 2333 388 2370 loco
411 2333 551 2379 legitur
567 2334 675 2381 apud
699 2334 872 2369 Plautum
896 2334 1010 2371 Mero.
1036 2334 1108 2370 660
1125 2336 1253 2379 patria
1276 2335 1344 2370 hac
1366 2335 1546 2380 effugiam.

239 2393 339 2438 ique-s
368 2392 471 2428 fumo
495 2393 711 2430 intermixto
749 2394 821 2428 atri
858 2394 1047 2435 vocantur,
1086 2393 1152 2429 cfr.
1194 2393 1303 2439 Verg.
1335 2394 1427 2430 Aen.
1453 2395 1534 2439 VII,
1559 2394 1629 2429 456

146 2461 222 2497 seq.
248 2455 327 2487 atro
351 2446 697 2495 Lundne'sumantis
728 2453 810 2495 fixit
839 2454 904 2488 sub
930 2457 1073 2498 pectore
1103 2453 1240 2495 taedas;
1283 2452 1384 2494 Vm,
1425 2453 1493 2488 198
1529 2458 1628 2489 atros

146 2520 206 2546 ore
228 2521 368 2546 vomens
383 2511 496 2556 tynis,-
519 2511 580 2553 XI,
601 2510 668 2546 196
692 2512 921 2557 subiectisque
945 2513 1086 2557 iynibus
1103 2513 1197 2548 atris
1214 2511 1386 2548 Conditur
1410 2513 1448 2547 in
1467 2514 1627 2548 tenebras

147 2569 256 2604 altum
286 2569 436 2614 caliyine
459 2570 608 2612 caelum;
648 2569 713 2605 cfr.
742 2571 943 2616 praeterea
968 2570 1054 2606 Hor.
1096 2571 1203 2616 epod.
1230 2570 1270 2612 V,
1296 2571 1353 2613 82,
1379 2571 1443 2606 ubi
1468 2571 1625 2607 Schuetz

146 2638 295 2673 prorsus
319 2627 452 2664 falsam
476 2628 621 2674 profert
652 2629 1020 2674 interpretationem;
1059 2629 1154 2665 Stat.
1180 2629 1297 2666 Theb.
1327 2629 1364 2666 V.
1394 2630 1476 2671 175;
1515 2630 1626 2665 aliter

148 2696 236 2722 nne
262 2686 471 2732 explicandi
495 2687 568 2723 atri
590 2689 689 2733 iynes
713 2688 814 2734 apud
839 2688 904 2724 Ov.
931 2688 1016 2724 fast.
1043 2688 1091 2725 11.
1118 2689 1186 2724 561
1215 2691 1252 2725 et
1277 2688 1371 2725 Ibid.
1397 2689 1477 2724 631.
