1890 3100
570 224 957 261 ARGONAVTIGON
986 224 1133 260 LIBER
1157 224 1240 260 vn.
1272 215 1280 220 '
1559 226 1651 277 7471

277 359 359 384 nox
386 350 473 384 erat
500 349 593 383 ante
621 350 725 390 tuos,
753 344 910 382 iuvenis
938 343 1164 390 fortissime,
1193 342 1340 381 vultus.

278 423 378 463 quos
407 423 484 461 ego
513 423 583 448 cur
610 409 753 448 iterum
781 408 946 447 demens
974 409 1200 460 iterumque
1226 406 1415 446 recordor

276 482 359 515 tam
385 489 530 526 magno
560 474 734 513 discreta
759 472 884 512 mari?
913 473 1013 526 quid
1035 474 1077 511 in
1103 473 1263 524 hospite
1292 472 1378 511 solo

275 555 391 580 mens
419 540 544 580 mihi?
571 541 731 592 cognati
757 539 899 591 potius.
916 539 996 577 iam
1022 538 1177 577 vellera
1203 538 1341 576 Phrixi

277 607 458 658 accipiat,
487 619 590 658 quae
619 605 706 644 sola
731 604 833 656 petit
860 616 1045 656 quaeque
1072 616 1154 642 una
1179 602 1360 641 laborum

275 684 399 710 causa
425 671 522 709 viro.
577 683 669 708 nam
697 668 857 721 quando
886 668 1023 707 domos
1051 668 1126 706 has
1153 667 1223 706 ille
1251 667 1431 706 reviset?

276 742 346 775 aut
364 740 486 775 'meus
514 735 714 774 Aesonias
743 733 903 786 quando
930 739 1047 785 pater
1073 733 1146 772 ibit
1174 724 1226 771 ad
1255 732 1405 772 urbes?

274 801 427 848 felices,
455 799 598 839 mediis
626 800 695 852 qui
722 812 766 838 se
795 798 890 838 dare
916 799 1102 837 fluctibus
1130 799 1218 837 ausi

273 879 350 906 nec
376 871 509 904 tantas
536 865 706 903 timuere
733 865 820 903 vias
847 864 1051 916 talemque
1080 864 1209 902 secuti

272 931 353 970 huc
380 931 448 983 qui
475 929 621 969 deinde
649 930 795 968 virum:
825 929 897 968 sed
926 930 983 968 sic
1012 942 1171 981 quoque
1199 928 1291 967 talis
1321 928 1441 967 abito.

272 1002 357 1035 tum
384 996 532 1034 iactata.
557 1000 645 1033 toro
674 1000 886 1046 serumque
916 999 1083 1046 experta
1111 994 1254 1042 cubile,

274 1074 369 1101 ecce
396 1060 507 1099 videt
532 1060 645 1098 tenui
673 1059 915 1098 candescere
942 1059 1066 1098 limen
1093 1059 1201 1108 Eoo3

272 1139 347 1165 nec
375 1126 505 1164 minus
533 1127 755 1163 insomnem
783 1124 854 1162 lux
882 1129 969 1163 orta
994 1124 1135 1163 refecit
1163 1130 1376 1172 amantem,

274 1204 392 1244 quam
419 1204 511 1228 cum
536 1190 775 1241 languentes
803 1190 905 1228 levis
934 1189 1050 1240 erigit
1077 1189 1204 1228 imber
1231 1190 1390 1237 aristas,

275 1261 470 1307 grataque
497 1256 576 1294 iam
603 1255 720 1294 fessis
750 1254 999 1293 descendunt
1026 1254 1187 1293 flamina
1213 1255 1346 1294 remis.

326 1333 380 1371 At
409 1345 481 1371 sua
507 1332 716 1383 longarum
744 1332 902 1383 Minyas
930 1332 1010 1370 iam
1039 1345 1134 1370 cura
1161 1332 1314 1370 viarum

274 1397 478 1445 admonet3
506 1397 628 1450 inque
656 1397 742 1448 ipso
771 1397 1014 1449 nequiquam
1041 1401 1220 1448 tempore
1248 1408 1387 1448 regem

273 1462 450 1501 laetitiae
478 1462 689 1514 meritique
716 1467 875 1514 petunt3
906 1474 1025 1514 quem
1053 1475 1195 1514 passus
1223 1463 1345 1501 Iason

243 1598 320 1636 ·11.
367 1601 450 1633 ante
473 1601 553 1633 tuos
577 1618 621 1624 -
646 1597 781 1633 vultus:
809 1597 875 1632 cfr.
902 1597 952 1632 ad
976 1597 1007 1643 1,
1034 1597 1113 1633 139.
1145 1578 1148 1583 ’

261 1669 317 1707 13.
365 1672 438 1704 tam
473 1679 601 1714 mayno
638 1667 790 1704 diam-eta
825 1669 935 1710 mari;
976 1668 1042 1704 Ov.
1068 1670 1158 1705 met.
1183 1668 1267 1715 vn,
1304 1669 1349 1704 21
1376 1680 1452 1714 seq.
1489 1669 1577 1715 quid
1612 1669 1653 1704 in

165 1727 311 1774 hospite,
338 1728 436 1774 regia
458 1728 568 1773 viv-90,
601 1728 722 1764 Ureris
745 1732 778 1763 et
801 1729 976 1763 thalamos
999 1728 1139 1764 alieni
1163 1729 1320 1773 concipis
1344 1727 1493 1764 orbis?

261 1799 318 1835 17.
365 1798 541 1834 Aesonias
564 1799 613 1834 ad
635 1799 739 1834 urbes
762 1799 784 1833 i.
812 1810 842 1834 e.
869 1798 1111 1837 Thessalicas.
1136 1798 1212 1835 vid.
1237 1799 1287 1834 ad
1310 1798 1379 1841 ΙΙΙ,
1405 1799 1484 1840 284,

259 1870 316 1905 20.
365 1870 461 1905 Imm:
483 1870 581 1912 Vat„
606 1870 675 1905 hac
700 1869 872 1906 Schenkl.

258 1929 311 1965 sic
334 1939 470 1979 quoque
493 1929 576 1964 talah
599 1929 713 1964 abito:
751 1940 970 1975 quamquam
994 1929 1081 1964 talis
1108 1930 1174 1971 est,
1205 1930 1249 1964 ut
1272 1931 1428 1975 propter
1453 1940 1538 1965 enm
1562 1928 1652 1965 socii

166 1987 294 2024 felices
316 1987 562 2034 praedicandi
586 1988 671 2034 sint,
694 1989 824 2024 tamen
849 1999 933 2023 cum
957 1988 1103 2030 abierit,
1129 1989 1256 2024 mente
1281 2000 1366 2024 mea
1391 1988 1552 2027 excidat.

260 2058 319 2108 21.
366 2062 508 2103 tumque
531 2058 628 2100 Vat„
653 2069 835 2103 serumque
859 2059 1000 2105 scripsi.

259 2130 317 2165 22.
366 2130 468 2165 Eous
493 2131 550 2166 est
574 2129 724 2165 Lucifer
749 2130 862 2166 etiam
888 2130 988 2176 apud
1013 2130 1105 2166 alios
1130 2132 1279 2178 poetas3
1311 2142 1394 2167 cum
1426 2132 1552 2168 autem
1582 2142 1651 2178 per

165 2188 349 2225 tenuem
384 2188 596 2225 Luciferum
632 2189 695 2224 vix
731 2189 805 2224 dici
841 2189 960 2235 possit
995 2189 1110 2225 limen
1155 2190 1390 2232 candescere,
1429 2191 1526 2227 tenui
1571 2191 1650 2228 Eoo

164 2247 315 2284 videtur
340 2259 419 2284 esse
445 2248 633 2284 ablativus
659 2249 849 2284 absolutus
875 2249 988 2294 atque
1012 2249 1068 2284 ita
1094 2249 1365 2295 explicandum.
1398 2251 1442 2286 ut
1472 2250 1649 2296 dicamus,

167 2316 252 2342 cum
274 2307 351 2343 iam
374 2307 523 2344 Lucifer
547 2308 614 2343 sub
641 2309 763 2343 ortum
787 2307 874 2343 solis
900 2318 1123 2344 evanescere
1153 2308 1348 2355 inciperet,
1373 2309 1488 2346 limen
1513 2319 1650 2347 aurora

166 2364 395 2402 illustratum
420 2377 511 2403 esse.

259 2436 318 2473 25.
363 2441 562 2483 yrataque
598 2438 700 2473 recte
733 2437 772 2472 in
796 2437 882 2473 Vat.
912 2437 1081 2479 traditur,
1119 2437 1188 2475 cfr.
1215 2438 1276 2481 VI,
1304 2439 1390 2486 6073
1430 2439 1565 2476 Catull.
1590 2441 1647 2481 45,

166 2494 207 2537 63
233 2494 301 2532 Ov.
327 2506 373 2532 ex
396 2495 561 2542 Ponti,
584 2497 616 2542 2,
642 2495 727 2538 119;
754 2496 828 2532 vid.
855 2496 970 2532 etiam
995 2507 1090 2543 quae
1109 2498 1158 2533 ad
1185 2498 1262 2534 Val.
1281 2498 1309 2539 Ι,
1337 2498 1404 2534 117
1431 2499 1533 2535 dicta
1550 2501 1646 2535 sunt.

261 2554 474 2591 descendunt
493 2555 661 2598 flamiam
688 2555 754 2591 cfr.
782 2556 811 2598 1,
837 2556 924 2599 686;
950 2557 1016 2602 ΠΙ,
1041 2557 1128 2604 652;
1155 2556 1238 2594 Sen.
1266 2558 1395 2603 Agam.
1421 2558 1501 2593 467.

261 2623 318 2660 26.
367 2625 551 2671 longao-um
575 2647 623 2652 —
646 2637 733 2662 cura
757 2627 895 2662 viarum
920 2627 1101 2664 admonet:
1147 2628 1171 2666 i.
1198 2640 1229 2665 e.
1257 2629 1445 2671 admonet,
1480 2640 1544 2665 cur
1569 2629 1650 2664 tam

167 2681 321 2725 longam
344 2683 444 2719 viam
469 2685 608 2720 emensi
633 2685 718 2722 sint.

1671 606 1708 636 15
