<?xml version="1.0" encoding="UTF-8"?>
<!DOCTYPE html PUBLIC "-//W3C//DTD XHTML 1.0 Transitional//EN"
    "http://www.w3.org/TR/xhtml1/DTD/xhtml1-transitional.dtd">
<html xmlns="http://www.w3.org/1999/xhtml" xml:lang="en" lang="en">
 <head>
  <title>
</title>
<meta http-equiv="Content-Type" content="text/html;charset=utf-8" />
  <meta name='ocr-system' content='tesseract 3.04.00' />
  <meta name='ocr-capabilities' content='ocr_page ocr_carea ocr_par ocr_line ocrx_word'/>
</head>
<body>
  <div class='ocr_page' id='page_1' title='image "argonauticonlibr00valeuoft_0329.png"; bbox 0 0 1890 3100; ppageno 0'>
   <div class='ocr_carea' id='block_1_1' title="bbox 577 207 1640 250">
    <p class='ocr_par' dir='ltr' id='par_1_1' title="bbox 577 207 1640 250">
     <span class='ocr_line' id='line_1_1' title="bbox 577 207 1640 250; baseline 0.006 -6"><span class='ocrx_word' id='word_1_1' title='bbox 577 208 965 246; x_wconf 83' lang='lat' dir='ltr'>ARGONAVTICON</span> <span class='ocrx_word' id='word_1_2' title='bbox 988 207 1137 243; x_wconf 84' lang='lat' dir='ltr'>LIBER</span> <span class='ocrx_word' id='word_1_3' title='bbox 1161 207 1223 243; x_wconf 81' lang='lat' dir='ltr'>IV.</span> <span class='ocrx_word' id='word_1_4' title='bbox 1548 207 1640 250; x_wconf 88' lang='lat'>311</span> 
     </span>
    </p>
   </div>
   <div class='ocr_carea' id='block_1_2' title="bbox 255 325 1696 1356">
    <p class='ocr_par' dir='ltr' id='par_1_2' title="bbox 259 325 1255 380">
     <span class='ocr_line' id='line_1_2' title="bbox 259 325 1255 380; baseline -0.005 -12"><span class='ocrx_word' id='word_1_5' title='bbox 259 330 445 369; x_wconf 85' lang='lat' dir='ltr'>cornibus</span> <span class='ocrx_word' id='word_1_6' title='bbox 474 343 521 368; x_wconf 84' lang='lat' dir='ltr'>ac</span> <span class='ocrx_word' id='word_1_7' title='bbox 550 343 704 368; x_wconf 86' lang='lat' dir='ltr'>summa</span> <span class='ocrx_word' id='word_1_8' title='bbox 730 328 909 380; x_wconf 87' lang='lat' dir='ltr'>palearia</span> <span class='ocrx_word' id='word_1_9' title='bbox 937 327 1107 366; x_wconf 82' lang='lat' dir='ltr'>sustinet</span> <span class='ocrx_word' id='word_1_10' title='bbox 1135 325 1255 364; x_wconf 89' lang='lat' dir='ltr'>unda.</span> 
     </span>
    </p>

    <p class='ocr_par' dir='ltr' id='par_1_3' title="bbox 256 390 1328 446">
     <span class='ocr_line' id='line_1_3' title="bbox 256 390 1328 446; baseline -0.006 -12"><span class='ocrx_word' id='word_1_11' title='bbox 256 402 319 433; x_wconf 88' lang='lat' dir='ltr'>ast</span> <span class='ocrx_word' id='word_1_12' title='bbox 344 395 471 434; x_wconf 87' lang='lat' dir='ltr'>Erebi</span> <span class='ocrx_word' id='word_1_13' title='bbox 498 395 611 446; x_wconf 82' lang='lat' dir='ltr'>virgo</span> <span class='ocrx_word' id='word_1_14' title='bbox 640 394 763 433; x_wconf 82' lang='lat' dir='ltr'>ditem</span> <span class='ocrx_word' id='word_1_15' title='bbox 789 393 899 432; x_wconf 84' lang='lat' dir='ltr'>volat</span> <span class='ocrx_word' id='word_1_16' title='bbox 927 392 1093 431; x_wconf 82' lang='lat' dir='ltr'><strong>aethere</strong></span> <span class='ocrx_word' id='word_1_17' title='bbox 1121 390 1328 442; x_wconf 80' lang='lat' dir='ltr'><strong>Memphin</strong></span> 
     </span>
    </p>

    <p class='ocr_par' dir='ltr' id='par_1_4' title="bbox 258 457 1319 512">
     <span class='ocr_line' id='line_1_4' title="bbox 258 457 1319 512; baseline -0.007 -12"><span class='ocrx_word' id='word_1_18' title='bbox 258 461 489 512; x_wconf 79' lang='lat' dir='ltr'>praecipere</span> <span class='ocrx_word' id='word_1_19' title='bbox 520 467 560 498; x_wconf 88' lang='lat' dir='ltr'>et</span> <span class='ocrx_word' id='word_1_20' title='bbox 586 459 734 498; x_wconf 88' lang='lat' dir='ltr'>Pharia</span> <span class='ocrx_word' id='word_1_21' title='bbox 760 459 989 497; x_wconf 87' lang='lat' dir='ltr'>venientem</span> <span class='ocrx_word' id='word_1_22' title='bbox 1018 457 1171 508; x_wconf 88' lang='lat' dir='ltr'>pellere</span> <span class='ocrx_word' id='word_1_23' title='bbox 1199 462 1319 494; x_wconf 88' lang='lat' dir='ltr'>terra.</span> 
     </span>
    </p>

    <p class='ocr_par' dir='ltr' id='par_1_5' title="bbox 257 523 1234 574">
     <span class='ocr_line' id='line_1_5' title="bbox 257 523 1234 574; baseline -0.006 -10"><span class='ocrx_word' id='word_1_24' title='bbox 257 531 395 564; x_wconf 87' lang='lat' dir='ltr'>contra</span> <span class='ocrx_word' id='word_1_25' title='bbox 421 525 538 563; x_wconf 78' lang='lat' dir='ltr'>Nilus</span> <span class='ocrx_word' id='word_1_26' title='bbox 568 524 683 563; x_wconf 86' lang='lat' dir='ltr'>adest</span> <span class='ocrx_word' id='word_1_27' title='bbox 711 529 751 562; x_wconf 80' lang='lat' dir='ltr'>et</span> <span class='ocrx_word' id='word_1_28' title='bbox 777 528 862 561; x_wconf 85' lang='lat' dir='ltr'>toto</span> <span class='ocrx_word' id='word_1_29' title='bbox 891 523 1048 574; x_wconf 83' lang='lat' dir='ltr'>gurgite</span> <span class='ocrx_word' id='word_1_30' title='bbox 1077 527 1234 559; x_wconf 85' lang='lat' dir='ltr'>torrens</span> 
     </span>
    </p>

    <p class='ocr_par' dir='ltr' id='par_1_6' title="bbox 255 586 1696 707">
     <span class='ocr_line' id='line_1_6' title="bbox 255 586 1696 642; baseline -0.008 -12"><span class='ocrx_word' id='word_1_31' title='bbox 255 591 505 642; x_wconf 83' lang='lat' dir='ltr'>Tisiphonen</span> <span class='ocrx_word' id='word_1_32' title='bbox 533 590 615 641; x_wconf 86' lang='lat' dir='ltr'>agit</span> <span class='ocrx_word' id='word_1_33' title='bbox 643 594 763 641; x_wconf 87' lang='lat' dir='ltr'>atque</span> <span class='ocrx_word' id='word_1_34' title='bbox 792 588 880 626; x_wconf 89' lang='lat' dir='ltr'>imis</span> <span class='ocrx_word' id='word_1_35' title='bbox 908 586 1038 625; x_wconf 80' lang='lat' dir='ltr'>inlidit</span> <span class='ocrx_word' id='word_1_36' title='bbox 1066 586 1226 624; x_wconf 80' lang='lat' dir='ltr'>harenis</span> <span class='ocrx_word' id='word_1_37' title='bbox 1641 586 1696 615; x_wconf 77' lang='lat'>410</span> 
     </span>
     <span class='ocr_line' id='line_1_7' title="bbox 257 650 1337 707; baseline -0.006 -13"><span class='ocrx_word' id='word_1_38' title='bbox 257 655 365 694; x_wconf 89' lang='lat' dir='ltr'>Ditis</span> <span class='ocrx_word' id='word_1_39' title='bbox 396 669 512 707; x_wconf 91' lang='lat' dir='ltr'>opem</span> <span class='ocrx_word' id='word_1_40' title='bbox 540 668 587 693; x_wconf 87' lang='lat' dir='ltr'>ac</span> <span class='ocrx_word' id='word_1_41' title='bbox 616 654 727 692; x_wconf 82' lang='lat' dir='ltr'>saevi</span> <span class='ocrx_word' id='word_1_42' title='bbox 755 653 992 691; x_wconf 90' lang='lat' dir='ltr'>clamantem</span> <span class='ocrx_word' id='word_1_43' title='bbox 1020 651 1185 690; x_wconf 89' lang='lat' dir='ltr'>numina</span> <span class='ocrx_word' id='word_1_44' title='bbox 1212 650 1337 701; x_wconf 81' lang='lat' dir='ltr'>regni.</span> 
     </span>
    </p>

    <p class='ocr_par' dir='ltr' id='par_1_7' title="bbox 256 716 1281 772">
     <span class='ocr_line' id='line_1_8' title="bbox 256 716 1281 772; baseline -0.005 -13"><span class='ocrx_word' id='word_1_45' title='bbox 256 726 449 772; x_wconf 79' lang='lat' dir='ltr'>apparent</span> <span class='ocrx_word' id='word_1_46' title='bbox 478 732 719 772; x_wconf 85' lang='lat' dir='ltr'>sparsaeque</span> <span class='ocrx_word' id='word_1_47' title='bbox 747 718 857 756; x_wconf 83' lang='lat' dir='ltr'>faces</span> <span class='ocrx_word' id='word_1_48' title='bbox 888 717 1133 769; x_wconf 84' lang='lat' dir='ltr'>disiectaque</span> <span class='ocrx_word' id='word_1_49' title='bbox 1161 716 1281 768; x_wconf 86' lang='lat' dir='ltr'>longe</span> 
     </span>
    </p>

    <p class='ocr_par' dir='ltr' id='par_1_8' title="bbox 258 781 1252 836">
     <span class='ocr_line' id='line_1_9' title="bbox 258 781 1252 836; baseline -0.002 -14"><span class='ocrx_word' id='word_1_50' title='bbox 258 785 429 824; x_wconf 82' lang='lat' dir='ltr'>verbera</span> <span class='ocrx_word' id='word_1_51' title='bbox 457 790 497 823; x_wconf 86' lang='lat' dir='ltr'>et</span> <span class='ocrx_word' id='word_1_52' title='bbox 525 784 702 836; x_wconf 85' lang='lat' dir='ltr'>abruptis</span> <span class='ocrx_word' id='word_1_53' title='bbox 732 783 892 822; x_wconf 80' lang='lat' dir='ltr'>excussi</span> <span class='ocrx_word' id='word_1_54' title='bbox 921 782 1094 821; x_wconf 85' lang='lat' dir='ltr'>crinibus</span> <span class='ocrx_word' id='word_1_55' title='bbox 1123 781 1252 833; x_wconf 85' lang='lat' dir='ltr'>hydri.</span> 
     </span>
    </p>

    <p class='ocr_par' dir='ltr' id='par_1_9' title="bbox 256 847 1307 888">
     <span class='ocr_line' id='line_1_10' title="bbox 256 847 1307 888; baseline -0.003 0"><span class='ocrx_word' id='word_1_56' title='bbox 256 863 332 888; x_wconf 89' lang='lat' dir='ltr'>nec</span> <span class='ocrx_word' id='word_1_57' title='bbox 358 850 466 888; x_wconf 86' lang='lat' dir='ltr'>Iovis</span> <span class='ocrx_word' id='word_1_58' title='bbox 495 850 649 888; x_wconf 87' lang='lat' dir='ltr'>interea</span> <span class='ocrx_word' id='word_1_59' title='bbox 677 854 810 887; x_wconf 87' lang='lat' dir='ltr'>cessat</span> <span class='ocrx_word' id='word_1_60' title='bbox 834 861 986 886; x_wconf 87' lang='lat' dir='ltr'>manus.</span> <span class='ocrx_word' id='word_1_61' title='bbox 1042 847 1197 885; x_wconf 87' lang='lat' dir='ltr'>intonat</span> <span class='ocrx_word' id='word_1_62' title='bbox 1226 847 1307 885; x_wconf 88' lang='lat' dir='ltr'>alto</span> 
     </span>
    </p>

    <p class='ocr_par' dir='ltr' id='par_1_10' title="bbox 255 912 1691 1032">
     <span class='ocr_line' id='line_1_11' title="bbox 255 912 1691 966; baseline -0.004 -13"><span class='ocrx_word' id='word_1_63' title='bbox 255 915 467 966; x_wconf 86' lang='lat' dir='ltr'>insurgens</span> <span class='ocrx_word' id='word_1_64' title='bbox 496 913 609 952; x_wconf 89' lang='lat' dir='ltr'>caelo</span> <span class='ocrx_word' id='word_1_65' title='bbox 637 913 795 965; x_wconf 82' lang='lat' dir='ltr'>genitor</span> <span class='ocrx_word' id='word_1_66' title='bbox 823 926 1036 964; x_wconf 88' lang='lat' dir='ltr'>curamque</span> <span class='ocrx_word' id='word_1_67' title='bbox 1066 912 1223 959; x_wconf 85' lang='lat' dir='ltr'>fatetur,</span> <span class='ocrx_word' id='word_1_68' title='bbox 1638 919 1691 948; x_wconf 80' lang='lat'>415</span> 
     </span>
     <span class='ocr_line' id='line_1_12' title="bbox 257 977 1418 1032; baseline -0.003 -14"><span class='ocrx_word' id='word_1_69' title='bbox 257 985 376 1032; x_wconf 83' lang='lat' dir='ltr'>atque</span> <span class='ocrx_word' id='word_1_70' title='bbox 405 980 493 1031; x_wconf 84' lang='lat' dir='ltr'>ipsa</span> <span class='ocrx_word' id='word_1_71' title='bbox 520 979 728 1031; x_wconf 88' lang='lat' dir='ltr'>imperium</span> <span class='ocrx_word' id='word_1_72' title='bbox 756 978 857 1016; x_wconf 87' lang='lat' dir='ltr'>Iuno</span> <span class='ocrx_word' id='word_1_73' title='bbox 885 983 1019 1030; x_wconf 77' lang='lat' dir='ltr'>pavet.</span> <span class='ocrx_word' id='word_1_74' title='bbox 1076 978 1177 1016; x_wconf 89' lang='lat' dir='ltr'>haec</span> <span class='ocrx_word' id='word_1_75' title='bbox 1206 977 1345 1029; x_wconf 88' lang='lat' dir='ltr'>procul</span> <span class='ocrx_word' id='word_1_76' title='bbox 1372 977 1418 1014; x_wconf 89' lang='lat' dir='ltr'>Io</span> 
     </span>
    </p>

    <p class='ocr_par' dir='ltr' id='par_1_11' title="bbox 257 1039 1362 1096">
     <span class='ocr_line' id='line_1_13' title="bbox 257 1039 1362 1096; baseline -0.003 -13"><span class='ocrx_word' id='word_1_77' title='bbox 257 1050 412 1096; x_wconf 87' lang='lat' dir='ltr'>spectat</span> <span class='ocrx_word' id='word_1_78' title='bbox 440 1044 490 1083; x_wconf 85' lang='lat' dir='ltr'>ab</span> <span class='ocrx_word' id='word_1_79' title='bbox 519 1039 610 1083; x_wconf 77' lang='lat' dir='ltr'>aree</span> <span class='ocrx_word' id='word_1_80' title='bbox 638 1044 759 1082; x_wconf 86' lang='lat' dir='ltr'>Phari</span> <span class='ocrx_word' id='word_1_81' title='bbox 787 1044 866 1081; x_wconf 89' lang='lat' dir='ltr'>iam</span> <span class='ocrx_word' id='word_1_82' title='bbox 895 1042 996 1081; x_wconf 74' lang='lat' dir='ltr'>divis</span> <span class='ocrx_word' id='word_1_83' title='bbox 1026 1042 1173 1089; x_wconf 87' lang='lat' dir='ltr'>addita,</span> <span class='ocrx_word' id='word_1_84' title='bbox 1202 1043 1362 1094; x_wconf 86' lang='lat' dir='ltr'>iamque</span> 
     </span>
    </p>

    <p class='ocr_par' dir='ltr' id='par_1_12' title="bbox 257 1108 1309 1162">
     <span class='ocr_line' id='line_1_14' title="bbox 257 1108 1309 1162; baseline -0.002 -14"><span class='ocrx_word' id='word_1_85' title='bbox 257 1109 395 1162; x_wconf 83' lang='lat' dir='ltr'>aspide</span> <span class='ocrx_word' id='word_1_86' title='bbox 426 1110 555 1148; x_wconf 84' lang='lat' dir='ltr'>cincta</span> <span class='ocrx_word' id='word_1_87' title='bbox 584 1123 717 1148; x_wconf 87' lang='lat' dir='ltr'>comas</span> <span class='ocrx_word' id='word_1_88' title='bbox 748 1115 788 1147; x_wconf 89' lang='lat' dir='ltr'>et</span> <span class='ocrx_word' id='word_1_89' title='bbox 817 1109 952 1147; x_wconf 84' lang='lat' dir='ltr'>ovanti</span> <span class='ocrx_word' id='word_1_90' title='bbox 980 1121 1153 1160; x_wconf 87' lang='lat' dir='ltr'>persona</span> <span class='ocrx_word' id='word_1_91' title='bbox 1182 1108 1309 1146; x_wconf 84' lang='lat' dir='ltr'>sistro.</span> 
     </span>
    </p>

    <p class='ocr_par' dir='ltr' id='par_1_13' title="bbox 256 1172 1304 1227">
     <span class='ocr_line' id='line_1_15' title="bbox 256 1172 1304 1227; baseline -0.002 -14"><span class='ocrx_word' id='word_1_92' title='bbox 256 1175 466 1227; x_wconf 89' lang='lat' dir='ltr'>Bosporon</span> <span class='ocrx_word' id='word_1_93' title='bbox 492 1175 584 1212; x_wconf 91' lang='lat' dir='ltr'>hinc</span> <span class='ocrx_word' id='word_1_94' title='bbox 613 1180 772 1213; x_wconf 83' lang='lat' dir='ltr'>veteres</span> <span class='ocrx_word' id='word_1_95' title='bbox 802 1176 969 1212; x_wconf 84' lang='lat' dir='ltr'>errantis</span> <span class='ocrx_word' id='word_1_96' title='bbox 998 1174 1156 1212; x_wconf 89' lang='lat' dir='ltr'>nomine</span> <span class='ocrx_word' id='word_1_97' title='bbox 1188 1172 1304 1211; x_wconf 84' lang='lat' dir='ltr'>divae</span> 
     </span>
    </p>

    <p class='ocr_par' dir='ltr' id='par_1_14' title="bbox 257 1238 1690 1356">
     <span class='ocr_line' id='line_1_16' title="bbox 257 1238 1690 1291; baseline -0.002 -13"><span class='ocrx_word' id='word_1_98' title='bbox 257 1239 487 1291; x_wconf 82' lang='lat' dir='ltr'>vulgavere.</span> <span class='ocrx_word' id='word_1_99' title='bbox 544 1240 654 1278; x_wconf 81' lang='lat' dir='ltr'>iuvet</span> <span class='ocrx_word' id='word_1_100' title='bbox 681 1245 839 1277; x_wconf 83' lang='lat' dir='ltr'>nostros</span> <span class='ocrx_word' id='word_1_101' title='bbox 868 1253 974 1277; x_wconf 89' lang='lat' dir='ltr'>nune</span> <span class='ocrx_word' id='word_1_102' title='bbox 1001 1239 1090 1290; x_wconf 88' lang='lat' dir='ltr'>ipsa</span> <span class='ocrx_word' id='word_1_103' title='bbox 1116 1238 1276 1276; x_wconf 87' lang='lat' dir='ltr'>labores</span> <span class='ocrx_word' id='word_1_104' title='bbox 1634 1251 1690 1280; x_wconf 72' lang='lat'>420</span> 
     </span>
     <span class='ocr_line' id='line_1_17' title="bbox 258 1303 1400 1356; baseline -0.001 -14"><span class='ocrx_word' id='word_1_105' title='bbox 258 1305 524 1356; x_wconf 88' lang='lat' dir='ltr'>immissisque</span> <span class='ocrx_word' id='word_1_106' title='bbox 552 1310 679 1343; x_wconf 85' lang='lat' dir='ltr'>ratem</span> <span class='ocrx_word' id='word_1_107' title='bbox 708 1318 781 1342; x_wconf 89' lang='lat' dir='ltr'>sua</span> <span class='ocrx_word' id='word_1_108' title='bbox 808 1317 881 1355; x_wconf 90' lang='lat' dir='ltr'>per</span> <span class='ocrx_word' id='word_1_109' title='bbox 907 1303 1011 1342; x_wconf 87' lang='lat' dir='ltr'>freta</span> <span class='ocrx_word' id='word_1_110' title='bbox 1038 1303 1234 1355; x_wconf 85' lang='lat' dir='ltr'>provehat</span> <span class='ocrx_word' id='word_1_111' title='bbox 1251 1303 1400 1342; x_wconf 87' lang='lat' dir='ltr'>Euris&#39;.</span> 
     </span>
    </p>
   </div>
   <div class='ocr_carea' id='block_1_3' title="bbox 149 1383 432 1389">
    <p class='ocr_par' dir='ltr' id='par_1_15' title="bbox 149 1383 432 1389">
     <span class='ocr_line' id='line_1_18' title="bbox 149 1383 432 1389; baseline 0 0"><span class='ocrx_word' id='word_1_112' title='bbox 149 1383 432 1389; x_wconf 95' lang='lat' dir='ltr'> </span> 
     </span>
    </p>
   </div>
   <div class='ocr_carea' id='block_1_4' title="bbox 147 1426 1637 2710">
    <p class='ocr_par' dir='ltr' id='par_1_16' title="bbox 242 1426 1637 1475">
     <span class='ocr_line' id='line_1_19' title="bbox 242 1426 1637 1475; baseline 0 -12"><span class='ocrx_word' id='word_1_113' title='bbox 242 1428 324 1464; x_wconf 87' lang='lat'>407.</span> <span class='ocrx_word' id='word_1_114' title='bbox 372 1428 469 1463; x_wconf 79' lang='lat' dir='ltr'>volat</span> <span class='ocrx_word' id='word_1_115' title='bbox 479 1429 708 1475; x_wconf 72' lang='lat' dir='ltr'>praeciper23</span> <span class='ocrx_word' id='word_1_116' title='bbox 733 1428 779 1463; x_wconf 87' lang='lat' dir='ltr'>de</span> <span class='ocrx_word' id='word_1_117' title='bbox 797 1427 980 1463; x_wconf 70' lang='lat' dir='ltr'>infinitivo</span> <span class='ocrx_word' id='word_1_118' title='bbox 990 1427 1133 1463; x_wconf 82' lang='lat' dir='ltr'>Graeco</span> <span class='ocrx_word' id='word_1_119' title='bbox 1150 1438 1254 1463; x_wconf 91' lang='lat' dir='ltr'>more</span> <span class='ocrx_word' id='word_1_120' title='bbox 1270 1427 1393 1473; x_wconf 83' lang='lat' dir='ltr'>posito</span> <span class='ocrx_word' id='word_1_121' title='bbox 1408 1426 1475 1462; x_wconf 84' lang='lat' dir='ltr'>cfr.</span> <span class='ocrx_word' id='word_1_122' title='bbox 1491 1426 1637 1463; x_wconf 83' lang='lat' dir='ltr'>Kuehn.</span> 
     </span>
    </p>

    <p class='ocr_par' dir='ltr' id='par_1_17' title="bbox 148 1486 1636 1651">
     <span class='ocr_line' id='line_1_20' title="bbox 148 1486 706 1533; baseline 0 -10"><span class='ocrx_word' id='word_1_123' title='bbox 148 1499 305 1533; x_wconf 80' lang='lat' dir='ltr'>gramm.</span> <span class='ocrx_word' id='word_1_124' title='bbox 330 1486 398 1523; x_wconf 76' lang='lat' dir='ltr'>lat.</span> <span class='ocrx_word' id='word_1_125' title='bbox 422 1486 469 1526; x_wconf 76' lang='lat' dir='ltr'>II.</span> <span class='ocrx_word' id='word_1_126' title='bbox 496 1487 516 1532; x_wconf 67' lang='grc' dir='ltr'><strong>ξ</strong></span> <span class='ocrx_word' id='word_1_127' title='bbox 542 1486 620 1527; x_wconf 84' lang='grc'>125,</span> <span class='ocrx_word' id='word_1_128' title='bbox 648 1487 706 1524; x_wconf 70' lang='grc'><strong>63..</strong></span> 
     </span>
     <span class='ocr_line' id='line_1_21' title="bbox 224 1544 1636 1592; baseline -0.001 -11"><span class='ocrx_word' id='word_1_129' title='bbox 224 1547 382 1587; x_wconf 9' lang='lat' dir='ltr'>tadhere</span> <span class='ocrx_word' id='word_1_130' title='bbox 404 1557 472 1591; x_wconf 90' lang='lat' dir='ltr'>pro</span> <span class='ocrx_word' id='word_1_131' title='bbox 499 1557 542 1581; x_wconf 92' lang='lat' dir='ltr'>eo</span> <span class='ocrx_word' id='word_1_132' title='bbox 568 1546 668 1591; x_wconf 90' lang='lat' dir='ltr'>quod</span> <span class='ocrx_word' id='word_1_133' title='bbox 693 1547 751 1581; x_wconf 77' lang='lat' dir='ltr'>est</span> <span class='ocrx_word' id='word_1_134' title='bbox 786 1558 811 1592; x_wconf 90' lang='lat' dir='ltr'>p</span> <span class='ocrx_word' id='word_1_135' title='bbox 830 1557 882 1581; x_wconf 89' lang='lat' dir='ltr'>er</span> <span class='ocrx_word' id='word_1_136' title='bbox 919 1546 1094 1588; x_wconf 79' lang='lat' dir='ltr'>aethera;</span> <span class='ocrx_word' id='word_1_137' title='bbox 1128 1546 1203 1584; x_wconf 78' lang='lat' dir='ltr'>vid.</span> <span class='ocrx_word' id='word_1_138' title='bbox 1232 1546 1373 1582; x_wconf 87' lang='lat' dir='ltr'>Kuehn.</span> <span class='ocrx_word' id='word_1_139' title='bbox 1412 1557 1467 1591; x_wconf 82' lang='lat' dir='ltr'>gr.</span> <span class='ocrx_word' id='word_1_140' title='bbox 1493 1545 1560 1580; x_wconf 81' lang='lat' dir='ltr'>lat.</span> <span class='ocrx_word' id='word_1_141' title='bbox 1586 1544 1636 1586; x_wconf 84' lang='lat' dir='ltr'>IL</span> 
     </span>
     <span class='ocr_line' id='line_1_22' title="bbox 149 1605 334 1651; baseline 0 -11"><span class='ocrx_word' id='word_1_142' title='bbox 149 1606 169 1651; x_wconf 67' lang='grc' dir='ltr'>ξ</span> <span class='ocrx_word' id='word_1_143' title='bbox 195 1605 251 1649; x_wconf 86' lang='grc'>79,</span> <span class='ocrx_word' id='word_1_144' title='bbox 275 1605 334 1640; x_wconf 84' lang='lat' dir='ltr'>2f.</span> 
     </span>
    </p>

    <p class='ocr_par' dir='ltr' id='par_1_18' title="bbox 241 1663 783 1709">
     <span class='ocr_line' id='line_1_23' title="bbox 241 1663 783 1709; baseline -0.002 -9"><span class='ocrx_word' id='word_1_145' title='bbox 241 1663 324 1700; x_wconf 88' lang='lat'>408.</span> <span class='ocrx_word' id='word_1_146' title='bbox 373 1663 483 1709; x_wconf 87' lang='lat' dir='ltr'>Verg.</span> <span class='ocrx_word' id='word_1_147' title='bbox 508 1665 600 1700; x_wconf 84' lang='lat' dir='ltr'>Aen.</span> <span class='ocrx_word' id='word_1_148' title='bbox 626 1664 670 1709; x_wconf 53' lang='lat' dir='ltr'>X„</span> <span class='ocrx_word' id='word_1_149' title='bbox 702 1664 783 1700; x_wconf 82' lang='lat'>277.</span> 
     </span>
    </p>

    <p class='ocr_par' dir='ltr' id='par_1_19' title="bbox 240 1723 1144 1764">
     <span class='ocr_line' id='line_1_24' title="bbox 240 1723 1144 1764; baseline 0.001 -6"><span class='ocrx_word' id='word_1_150' title='bbox 240 1724 322 1760; x_wconf 86' lang='lat'>410.</span> <span class='ocrx_word' id='word_1_151' title='bbox 371 1723 490 1759; x_wconf 69' lang='lat' dir='ltr'>incidit</span> <span class='ocrx_word' id='word_1_152' title='bbox 514 1724 677 1759; x_wconf 72' lang='lat' dir='ltr'>harenis:</span> <span class='ocrx_word' id='word_1_153' title='bbox 706 1723 771 1761; x_wconf 76' lang='lat' dir='ltr'>OV.</span> <span class='ocrx_word' id='word_1_154' title='bbox 798 1725 875 1759; x_wconf 89' lang='lat' dir='ltr'>her.</span> <span class='ocrx_word' id='word_1_155' title='bbox 901 1723 1037 1764; x_wconf 64' lang='lat' dir='ltr'>XVIII.</span> <span class='ocrx_word' id='word_1_156' title='bbox 1064 1724 1144 1759; x_wconf 84' lang='lat'>201.</span> 
     </span>
    </p>

    <p class='ocr_par' dir='ltr' id='par_1_20' title="bbox 149 1782 1632 1882">
     <span class='ocr_line' id='line_1_25' title="bbox 241 1782 1632 1829; baseline 0.001 -12"><span class='ocrx_word' id='word_1_157' title='bbox 241 1783 323 1819; x_wconf 87' lang='lat'>411.</span> <span class='ocrx_word' id='word_1_158' title='bbox 370 1784 468 1818; x_wconf 75' lang='lat' dir='ltr'>saevi</span> <span class='ocrx_word' id='word_1_159' title='bbox 491 1784 592 1828; x_wconf 69' lang='lat' dir='ltr'>reyni</span> <span class='ocrx_word' id='word_1_160' title='bbox 615 1794 665 1818; x_wconf 79' lang='lat' dir='ltr'>sc.</span> <span class='ocrx_word' id='word_1_161' title='bbox 690 1782 872 1827; x_wconf 68' lang='lat' dir='ltr'>Plutonis,</span> <span class='ocrx_word' id='word_1_162' title='bbox 908 1795 1002 1828; x_wconf 85' lang='lat' dir='ltr'>quae</span> <span class='ocrx_word' id='word_1_163' title='bbox 1039 1783 1165 1819; x_wconf 75' lang='lat' dir='ltr'>tristia</span> <span class='ocrx_word' id='word_1_164' title='bbox 1201 1795 1320 1829; x_wconf 83' lang='lat' dir='ltr'>regna</span> <span class='ocrx_word' id='word_1_165' title='bbox 1345 1783 1516 1819; x_wconf 78' lang='lat' dir='ltr'>nominat</span> <span class='ocrx_word' id='word_1_166' title='bbox 1541 1782 1632 1819; x_wconf 88' lang='lat' dir='ltr'>Hor.</span> 
     </span>
     <span class='ocr_line' id='line_1_26' title="bbox 149 1840 782 1882; baseline 0 -5"><span class='ocrx_word' id='word_1_167' title='bbox 149 1853 179 1877; x_wconf 89' lang='lat' dir='ltr'>c.</span> <span class='ocrx_word' id='word_1_168' title='bbox 206 1840 272 1882; x_wconf 75' lang='lat'>111.</span> <span class='ocrx_word' id='word_1_169' title='bbox 297 1841 332 1882; x_wconf 85' lang='lat'>4,</span> <span class='ocrx_word' id='word_1_170' title='bbox 358 1841 415 1877; x_wconf 84' lang='lat'>46.</span> <span class='ocrx_word' id='word_1_171' title='bbox 774 1866 782 1868; x_wconf 35' lang='grc' dir='ltr'><em>ν</em></span> 
     </span>
    </p>

    <p class='ocr_par' dir='ltr' id='par_1_21' title="bbox 149 1900 1636 2004">
     <span class='ocr_line' id='line_1_27' title="bbox 241 1900 1636 1946; baseline 0.001 -11"><span class='ocrx_word' id='word_1_172' title='bbox 241 1900 323 1936; x_wconf 86' lang='grc'><strong>415.</strong></span> <span class='ocrx_word' id='word_1_173' title='bbox 369 1901 509 1945; x_wconf 67' lang='lat' dir='ltr'>genitor</span> <span class='ocrx_word' id='word_1_174' title='bbox 532 1911 582 1935; x_wconf 83' lang='lat' dir='ltr'>sc.</span> <span class='ocrx_word' id='word_1_175' title='bbox 601 1900 724 1945; x_wconf 79' lang='lat' dir='ltr'>deum,</span> <span class='ocrx_word' id='word_1_176' title='bbox 749 1902 793 1935; x_wconf 79' lang='lat' dir='ltr'>ut</span> <span class='ocrx_word' id='word_1_177' title='bbox 810 1900 901 1936; x_wconf 77' lang='lat' dir='ltr'>dicit</span> <span class='ocrx_word' id='word_1_178' title='bbox 920 1900 1027 1936; x_wconf 78' lang='lat' dir='ltr'>Ovid.</span> <span class='ocrx_word' id='word_1_179' title='bbox 1053 1912 1124 1936; x_wconf 87' lang='lat' dir='ltr'>am.</span> <span class='ocrx_word' id='word_1_180' title='bbox 1151 1903 1179 1939; x_wconf 83' lang='lat' dir='ltr'>I.</span> <span class='ocrx_word' id='word_1_181' title='bbox 1200 1901 1255 1941; x_wconf 81' lang='lat'>13,</span> <span class='ocrx_word' id='word_1_182' title='bbox 1274 1901 1336 1946; x_wconf 80' lang='lat'>453</span> <span class='ocrx_word' id='word_1_183' title='bbox 1362 1901 1480 1937; x_wconf 80' lang='lat' dir='ltr'>divom</span> <span class='ocrx_word' id='word_1_184' title='bbox 1493 1902 1636 1946; x_wconf 73' lang='lat' dir='ltr'>yenitor</span> 
     </span>
     <span class='ocr_line' id='line_1_28' title="bbox 149 1959 451 2004; baseline 0 -9"><span class='ocrx_word' id='word_1_185' title='bbox 149 1959 285 1995; x_wconf 76' lang='lat' dir='ltr'>Catull.</span> <span class='ocrx_word' id='word_1_186' title='bbox 310 1959 367 2004; x_wconf 86' lang='grc'>64,</span> <span class='ocrx_word' id='word_1_187' title='bbox 393 1959 451 1995; x_wconf 84' lang='grc'>27.</span> 
     </span>
    </p>

    <p class='ocr_par' dir='ltr' id='par_1_22' title="bbox 240 2017 1131 2055">
     <span class='ocr_line' id='line_1_29' title="bbox 240 2017 1131 2055; baseline 0.001 -3"><span class='ocrx_word' id='word_1_188' title='bbox 240 2017 321 2052; x_wconf 87' lang='lat'>417.</span> <span class='ocrx_word' id='word_1_189' title='bbox 372 2018 490 2054; x_wconf 66' lang='lat' dir='ltr'>Phara·</span> <span class='ocrx_word' id='word_1_190' title='bbox 516 2030 586 2054; x_wconf 92' lang='lat' dir='ltr'>om.</span> <span class='ocrx_word' id='word_1_191' title='bbox 612 2018 708 2054; x_wconf 76' lang='lat' dir='ltr'>Vat..</span> <span class='ocrx_word' id='word_1_192' title='bbox 735 2018 822 2054; x_wconf 84' lang='lat' dir='ltr'>add.</span> <span class='ocrx_word' id='word_1_193' title='bbox 848 2019 904 2055; x_wconf 85' lang='lat' dir='ltr'>ed.</span> <span class='ocrx_word' id='word_1_194' title='bbox 934 2018 1034 2055; x_wconf 87' lang='lat' dir='ltr'>Carr.</span> <span class='ocrx_word' id='word_1_195' title='bbox 1067 2019 1131 2054; x_wconf 80' lang='lat' dir='ltr'>alt.</span> 
     </span>
    </p>

    <p class='ocr_par' dir='ltr' id='par_1_23' title="bbox 147 2077 1636 2242">
     <span class='ocr_line' id='line_1_30' title="bbox 246 2077 1636 2122; baseline 0.002 -11"><span class='ocrx_word' id='word_1_196' title='bbox 246 2077 326 2113; x_wconf 88' lang='lat'>418.</span> <span class='ocrx_word' id='word_1_197' title='bbox 377 2077 502 2122; x_wconf 67' lang='lat' dir='ltr'>aspide</span> <span class='ocrx_word' id='word_1_198' title='bbox 526 2079 642 2112; x_wconf 67' lang='lat' dir='ltr'>einata</span> <span class='ocrx_word' id='word_1_199' title='bbox 666 2088 783 2112; x_wconf 74' lang='lat' dir='ltr'>comas·</span> <span class='ocrx_word' id='word_1_200' title='bbox 808 2077 889 2112; x_wconf 81' lang='lat' dir='ltr'>aliis</span> <span class='ocrx_word' id='word_1_201' title='bbox 914 2078 1003 2113; x_wconf 83' lang='lat' dir='ltr'>loeis</span> <span class='ocrx_word' id='word_1_202' title='bbox 1028 2079 1070 2114; x_wconf 91' lang='lat' dir='ltr'>Io</span> <span class='ocrx_word' id='word_1_203' title='bbox 1095 2078 1157 2114; x_wconf 86' lang='lat' dir='ltr'>vel</span> <span class='ocrx_word' id='word_1_204' title='bbox 1181 2078 1250 2114; x_wconf 81' lang='lat' dir='ltr'>Isis</span> <span class='ocrx_word' id='word_1_205' title='bbox 1275 2091 1349 2113; x_wconf 91' lang='lat' dir='ltr'>non</span> <span class='ocrx_word' id='word_1_206' title='bbox 1377 2079 1524 2120; x_wconf 74' lang='lat' dir='ltr'>dicitur,</span> <span class='ocrx_word' id='word_1_207' title='bbox 1569 2079 1636 2114; x_wconf 82' lang='lat' dir='ltr'>sed</span> 
     </span>
     <span class='ocr_line' id='line_1_31' title="bbox 149 2135 1635 2182; baseline 0.001 -11"><span class='ocrx_word' id='word_1_208' title='bbox 149 2147 298 2172; x_wconf 76' lang='lat' dir='ltr'>comes</span> <span class='ocrx_word' id='word_1_209' title='bbox 323 2135 400 2172; x_wconf 78' lang='lat' dir='ltr'>eius</span> <span class='ocrx_word' id='word_1_210' title='bbox 427 2137 484 2172; x_wconf 80' lang='lat' dir='ltr'>est</span> <span class='ocrx_word' id='word_1_211' title='bbox 509 2136 607 2181; x_wconf 82' lang='lat' dir='ltr'>aspis</span> <span class='ocrx_word' id='word_1_212' title='bbox 632 2136 693 2172; x_wconf 84' lang='lat' dir='ltr'>vel</span> <span class='ocrx_word' id='word_1_213' title='bbox 719 2136 876 2182; x_wconf 75' lang='lat' dir='ltr'>aspides,</span> <span class='ocrx_word' id='word_1_214' title='bbox 903 2138 946 2172; x_wconf 80' lang='lat' dir='ltr'>ut</span> <span class='ocrx_word' id='word_1_215' title='bbox 971 2137 1037 2173; x_wconf 81' lang='lat' dir='ltr'>Ov.</span> <span class='ocrx_word' id='word_1_216' title='bbox 1063 2139 1153 2173; x_wconf 86' lang='lat' dir='ltr'>met.</span> <span class='ocrx_word' id='word_1_217' title='bbox 1180 2137 1243 2179; x_wconf 84' lang='lat' dir='ltr'>IX,</span> <span class='ocrx_word' id='word_1_218' title='bbox 1269 2137 1355 2179; x_wconf 86' lang='lat'><strong>693;</strong></span> <span class='ocrx_word' id='word_1_219' title='bbox 1400 2149 1472 2173; x_wconf 86' lang='lat' dir='ltr'>am.</span> <span class='ocrx_word' id='word_1_220' title='bbox 1497 2138 1541 2178; x_wconf 78' lang='grc' dir='ltr'>Π,</span> <span class='ocrx_word' id='word_1_221' title='bbox 1571 2138 1635 2179; x_wconf 85' lang='grc'>13;</span> 
     </span>
     <span class='ocr_line' id='line_1_32' title="bbox 147 2193 1324 2242; baseline 0.002 -12"><span class='ocrx_word' id='word_1_222' title='bbox 147 2193 213 2230; x_wconf 80' lang='lat' dir='ltr'>cfr.</span> <span class='ocrx_word' id='word_1_223' title='bbox 239 2194 354 2230; x_wconf 77' lang='lat' dir='ltr'>etiam</span> <span class='ocrx_word' id='word_1_224' title='bbox 379 2195 668 2240; x_wconf 80' lang='lat' dir='ltr'>descriptionem</span> <span class='ocrx_word' id='word_1_225' title='bbox 692 2195 799 2230; x_wconf 82' lang='lat' dir='ltr'>Isidis</span> <span class='ocrx_word' id='word_1_226' title='bbox 825 2196 926 2241; x_wconf 85' lang='lat' dir='ltr'>apud</span> <span class='ocrx_word' id='word_1_227' title='bbox 950 2196 1059 2242; x_wconf 84' lang='lat' dir='ltr'>Apul.</span> <span class='ocrx_word' id='word_1_228' title='bbox 1085 2198 1172 2232; x_wconf 71' lang='lat' dir='ltr'>met.</span> <span class='ocrx_word' id='word_1_229' title='bbox 1200 2196 1262 2233; x_wconf 81' lang='lat' dir='ltr'>XI.</span> <span class='ocrx_word' id='word_1_230' title='bbox 1290 2197 1324 2233; x_wconf 85' lang='lat'>3.</span> 
     </span>
    </p>

    <p class='ocr_par' dir='ltr' id='par_1_24' title="bbox 148 2254 1635 2417">
     <span class='ocr_line' id='line_1_33' title="bbox 233 2254 1635 2303; baseline 0.002 -14"><span class='ocrx_word' id='word_1_231' title='bbox 233 2264 409 2298; x_wconf 71' lang='lat' dir='ltr'>persona:</span> <span class='ocrx_word' id='word_1_232' title='bbox 454 2254 578 2289; x_wconf 83' lang='lat' dir='ltr'>activa</span> <span class='ocrx_word' id='word_1_233' title='bbox 615 2254 767 2290; x_wconf 80' lang='lat' dir='ltr'>notione</span> <span class='ocrx_word' id='word_1_234' title='bbox 810 2254 1026 2300; x_wconf 77' lang='lat' dir='ltr'>praeditum</span> <span class='ocrx_word' id='word_1_235' title='bbox 1065 2258 1124 2291; x_wconf 78' lang='lat' dir='ltr'>est</span> <span class='ocrx_word' id='word_1_236' title='bbox 1161 2257 1232 2291; x_wconf 91' lang='lat' dir='ltr'>hoc</span> <span class='ocrx_word' id='word_1_237' title='bbox 1282 2256 1364 2292; x_wconf 89' lang='lat' dir='ltr'>loco</span> <span class='ocrx_word' id='word_1_238' title='bbox 1390 2256 1635 2303; x_wconf 77' lang='lat' dir='ltr'>adiectivum3</span> 
     </span>
     <span class='ocr_line' id='line_1_34' title="bbox 148 2312 1634 2362; baseline 0.003 -15"><span class='ocrx_word' id='word_1_239' title='bbox 148 2314 279 2348; x_wconf 85' lang='lat' dir='ltr'>contra</span> <span class='ocrx_word' id='word_1_240' title='bbox 300 2313 451 2359; x_wconf 78' lang='lat' dir='ltr'>passiva</span> <span class='ocrx_word' id='word_1_241' title='bbox 475 2312 570 2348; x_wconf 75' lang='lat' dir='ltr'>Stat.</span> <span class='ocrx_word' id='word_1_242' title='bbox 597 2313 687 2348; x_wconf 86' lang='lat' dir='ltr'>Ach.</span> <span class='ocrx_word' id='word_1_243' title='bbox 714 2312 742 2353; x_wconf 80' lang='grc' dir='ltr'>Ι,</span> <span class='ocrx_word' id='word_1_244' title='bbox 769 2313 839 2348; x_wconf 88' lang='lat'>208</span> <span class='ocrx_word' id='word_1_245' title='bbox 865 2314 986 2349; x_wconf 76' lang='lat' dir='ltr'>littora</span> <span class='ocrx_word' id='word_1_246' title='bbox 1005 2326 1163 2359; x_wconf 71' lang='lat' dir='ltr'>persona</span> <span class='ocrx_word' id='word_1_247' title='bbox 1188 2316 1290 2362; x_wconf 80' lang='lat' dir='ltr'>ludo;</span> <span class='ocrx_word' id='word_1_248' title='bbox 1316 2315 1466 2352; x_wconf 78' lang='lat' dir='ltr'>Petron.</span> <span class='ocrx_word' id='word_1_249' title='bbox 1494 2328 1524 2352; x_wconf 87' lang='lat' dir='ltr'>c.</span> <span class='ocrx_word' id='word_1_250' title='bbox 1555 2316 1634 2361; x_wconf 81' lang='lat'>120,</span> 
     </span>
     <span class='ocr_line' id='line_1_35' title="bbox 148 2371 764 2417; baseline 0.002 -10"><span class='ocrx_word' id='word_1_251' title='bbox 148 2371 194 2406; x_wconf 87' lang='lat'>72</span> <span class='ocrx_word' id='word_1_252' title='bbox 212 2382 369 2416; x_wconf 72' lang='lat' dir='ltr'>per-oona</span> <span class='ocrx_word' id='word_1_253' title='bbox 392 2376 502 2407; x_wconf 73' lang='lat' dir='ltr'>cantu</span> <span class='ocrx_word' id='word_1_254' title='bbox 539 2393 573 2398; x_wconf 96' lang='lat'>—</span> <span class='ocrx_word' id='word_1_255' title='bbox 598 2373 764 2417; x_wconf 69' lang='lat' dir='ltr'>virqulta.</span> 
     </span>
    </p>

    <p class='ocr_par' dir='ltr' id='par_1_25' title="bbox 241 2430 1356 2478">
     <span class='ocr_line' id='line_1_36' title="bbox 241 2430 1356 2478; baseline 0.003 -12"><span class='ocrx_word' id='word_1_256' title='bbox 241 2430 321 2467; x_wconf 80' lang='lat'>419.</span> <span class='ocrx_word' id='word_1_257' title='bbox 369 2431 556 2476; x_wconf 72' lang='lat' dir='ltr'>Bosporon</span> <span class='ocrx_word' id='word_1_258' title='bbox 583 2452 627 2457; x_wconf 94' lang='lat'><em>—</em></span> <span class='ocrx_word' id='word_1_259' title='bbox 653 2432 837 2476; x_wconf 72' lang='lat' dir='ltr'>vulqavere</span> <span class='ocrx_word' id='word_1_260' title='bbox 860 2432 882 2466; x_wconf 90' lang='lat' dir='ltr'>i.</span> <span class='ocrx_word' id='word_1_261' title='bbox 910 2443 941 2468; x_wconf 90' lang='lat' dir='ltr'>e.</span> <span class='ocrx_word' id='word_1_262' title='bbox 967 2433 1079 2478; x_wconf 77' lang='lat' dir='ltr'>vulgo</span> <span class='ocrx_word' id='word_1_263' title='bbox 1105 2434 1356 2470; x_wconf 80' lang='lat' dir='ltr'>nominavere.</span> 
     </span>
    </p>

    <p class='ocr_par' dir='ltr' id='par_1_26' title="bbox 149 2489 1634 2710">
     <span class='ocr_line' id='line_1_37' title="bbox 239 2489 1633 2535; baseline 0.004 -11"><span class='ocrx_word' id='word_1_264' title='bbox 239 2489 321 2526; x_wconf 80' lang='lat'>421.</span> <span class='ocrx_word' id='word_1_265' title='bbox 370 2491 466 2526; x_wconf 75' lang='lat' dir='ltr'>euris</span> <span class='ocrx_word' id='word_1_266' title='bbox 490 2490 608 2526; x_wconf 84' lang='lat' dir='ltr'>codd..</span> <span class='ocrx_word' id='word_1_267' title='bbox 645 2490 745 2535; x_wconf 86' lang='lat' dir='ltr'>quod</span> <span class='ocrx_word' id='word_1_268' title='bbox 781 2503 855 2526; x_wconf 89' lang='lat' dir='ltr'>non</span> <span class='ocrx_word' id='word_1_269' title='bbox 892 2491 1041 2527; x_wconf 79' lang='lat' dir='ltr'>videtur</span> <span class='ocrx_word' id='word_1_270' title='bbox 1077 2493 1299 2528; x_wconf 76' lang='lat' dir='ltr'>mutandum</span> <span class='ocrx_word' id='word_1_271' title='bbox 1334 2493 1373 2528; x_wconf 91' lang='lat' dir='ltr'>in</span> <span class='ocrx_word' id='word_1_272' title='bbox 1399 2495 1510 2535; x_wconf 72' lang='lat' dir='ltr'>auris,</span> <span class='ocrx_word' id='word_1_273' title='bbox 1550 2505 1633 2528; x_wconf 86' lang='lat' dir='ltr'>cum</span> 
     </span>
     <span class='ocr_line' id='line_1_38' title="bbox 149 2548 1633 2594; baseline 0.002 -10"><span class='ocrx_word' id='word_1_274' title='bbox 149 2548 296 2594; x_wconf 74' lang='lat' dir='ltr'>saepius</span> <span class='ocrx_word' id='word_1_275' title='bbox 332 2550 468 2594; x_wconf 82' lang='lat' dir='ltr'>poetae</span> <span class='ocrx_word' id='word_1_276' title='bbox 504 2561 572 2594; x_wconf 90' lang='lat' dir='ltr'>pro</span> <span class='ocrx_word' id='word_1_277' title='bbox 610 2549 776 2594; x_wconf 84' lang='lat' dir='ltr'>generali</span> <span class='ocrx_word' id='word_1_278' title='bbox 808 2551 910 2586; x_wconf 82' lang='lat' dir='ltr'>venti</span> <span class='ocrx_word' id='word_1_279' title='bbox 949 2551 1101 2587; x_wconf 76' lang='lat' dir='ltr'>notione</span> <span class='ocrx_word' id='word_1_280' title='bbox 1146 2564 1260 2587; x_wconf 89' lang='lat' dir='ltr'>unum</span> <span class='ocrx_word' id='word_1_281' title='bbox 1297 2555 1440 2588; x_wconf 85' lang='lat' dir='ltr'>certum</span> <span class='ocrx_word' id='word_1_282' title='bbox 1478 2554 1633 2588; x_wconf 84' lang='lat' dir='ltr'>ventum</span> 
     </span>
     <span class='ocr_line' id='line_1_39' title="bbox 150 2605 1634 2655; baseline 0.003 -14"><span class='ocrx_word' id='word_1_283' title='bbox 150 2605 390 2646; x_wconf 71' lang='lat' dir='ltr'>substituant.</span> <span class='ocrx_word' id='word_1_284' title='bbox 415 2619 490 2643; x_wconf 91' lang='lat' dir='ltr'>non</span> <span class='ocrx_word' id='word_1_285' title='bbox 515 2610 698 2650; x_wconf 72' lang='lat' dir='ltr'>curantes,</span> <span class='ocrx_word' id='word_1_286' title='bbox 726 2610 851 2644; x_wconf 74' lang='lat' dir='ltr'>utrum</span> <span class='ocrx_word' id='word_1_287' title='bbox 875 2609 905 2644; x_wconf 81' lang='lat' dir='ltr'>is</span> <span class='ocrx_word' id='word_1_288' title='bbox 922 2610 1003 2655; x_wconf 81' lang='lat' dir='ltr'>ipse</span> <span class='ocrx_word' id='word_1_289' title='bbox 1022 2612 1156 2646; x_wconf 78' lang='lat' dir='ltr'>ventus</span> <span class='ocrx_word' id='word_1_290' title='bbox 1174 2623 1223 2646; x_wconf 84' lang='lat' dir='ltr'>an</span> <span class='ocrx_word' id='word_1_291' title='bbox 1243 2611 1401 2647; x_wconf 74' lang='lat' dir='ltr'>fortasse</span> <span class='ocrx_word' id='word_1_292' title='bbox 1427 2611 1634 2647; x_wconf 75' lang='lat' dir='ltr'>contrarius</span> 
     </span>
     <span class='ocr_line' id='line_1_40' title="bbox 150 2664 696 2710; baseline 0.005 -10"><span class='ocrx_word' id='word_1_293' title='bbox 150 2664 275 2710; x_wconf 74' lang='lat' dir='ltr'>potius</span> <span class='ocrx_word' id='word_1_294' title='bbox 299 2666 544 2702; x_wconf 77' lang='lat' dir='ltr'>nominandus</span> <span class='ocrx_word' id='word_1_295' title='bbox 570 2666 696 2704; x_wconf 84' lang='lat' dir='ltr'>fuerit.</span> 
     </span>
    </p>
   </div>
   <div class='ocr_carea' id='block_1_5' title="bbox 0 1474 45 2444">
    <p class='ocr_par' dir='ltr' id='par_1_27' title="bbox 0 1474 45 2444">
     <span class='ocr_line' id='line_1_41' title="bbox 0 1474 45 2444; baseline 0 0"><span class='ocrx_word' id='word_1_296' title='bbox 0 1474 45 2444; x_wconf 95' lang='lat' dir='ltr'> </span> 
     </span>
    </p>
   </div>
  </div>
 </body>
</html>
