1890 3100
531 222 919 260 ARGONAVTIGON
942 190 1090 258 ΠΒΕΒ
1104 221 1168 257 VL
1505 222 1592 266 437

216 357 354 396 pugna
378 356 455 382 nec
483 349 641 394 arrepto
666 342 766 381 velli
793 341 844 380 de
872 355 1038 393 corpore
1064 346 1243 393 possunt.

218 415 263 447 ut
288 408 402 447 bovis
432 407 597 446 exuvias
625 407 751 445 multo
779 407 849 459 qui
874 406 1024 458 frangit
1050 406 1157 444 olivo

218 473 288 512 dat
312 473 485 520 famulis,
514 472 684 511 tendunt
709 472 771 510 illi
795 477 1007 524 tractuque
1033 471 1209 509 vicissim

216 544 358 577 taurea
383 543 499 589 terga
526 537 700 585 domant,
727 538 867 589 pingui
892 536 980 574 fluit
1005 535 1184 587 unguine
1210 535 1355 573 tellus:
1594 549 1652 579 m

217 604 310 642 talis
338 604 537 656 utrimque
566 603 691 650 labos,
718 608 956 654 raptataque
983 601 1110 639 limite
1137 601 1180 639 in
1207 605 1293 639 arto

218 669 397 707 membra
422 669 498 706 viri
524 667 751 709 miseranda
776 673 924 705 meant.
979 667 1022 704 hi
1047 665 1217 705 tendere
1245 671 1394 723 contra,

218 733 260 771 hi
288 740 437 781 contra,
466 734 727 785 alternaeque
753 733 882 770 virum
908 745 991 770 non
1018 731 1164 770 cedere
1192 730 1371 769 dextrae.

218 798 311 837 hinc
338 798 513 837 medium
540 798 736 836 Telamon
765 797 967 836 Canthum
994 798 1109 848 rapit,
1138 797 1231 835 hinc
1258 801 1371 834 tenet
1398 794 1543 834 ardens

218 863 323 902 colla
348 863 423 901 viri
452 869 493 902 et
519 863 662 901 molles
690 862 834 914 galeae
863 862 1075 901 Gesander
1101 862 1294 909 habenas,
1596 867 1653 898 ωδ

218 928 394 966 insonuit
421 941 526 980 quae
552 927 668 979 lapsa
695 927 780 966 solo
814 927 1075 980 dextramque
1103 926 1260 966 fefellit.

218 992 288 1032 ille
314 993 460 1031 iterum
486 993 528 1031 in
557 993 674 1044 clipei
704 992 975 1044 septemplicis
1002 992 1206 1044 improbus
1235 991 1373 1030 orbem

220 1058 363 1096 arietat
390 1063 431 1096 et
459 1056 659 1096 Canthum
689 1058 870 1110 sequitur
898 1057 1180 1109 Canthumque
1207 1057 1393 1108 reposcit,

220 1135 339 1175 quem
366 1135 508 1161 manus
537 1136 562 1160 a
587 1129 702 1174 tergo
732 1123 883 1161 socium
909 1123 1014 1174 rapit
1041 1129 1164 1174 atque
1190 1127 1398 1173 receptum

219 1187 384 1239 virginis
412 1187 615 1239 Euryales
644 1201 761 1226 curru
787 1187 905 1226 locat.
962 1187 1125 1225 advolat
1151 1187 1241 1239 ipsa
1598 1187 1655 1218 370

221 1265 268 1291 ac
297 1252 415 1291 simul
441 1251 730 1299 Haemonidae,
761 1251 1095 1304 Gesandrumque
1124 1252 1251 1290 omnis
1278 1251 1321 1289 in
1347 1265 1471 1290 unum

219 1317 252 1354 it
277 1330 431 1357 manus,
486 1317 556 1356 ille
583 1331 708 1355 novas
741 1318 848 1356 acies
878 1323 919 1356 et
944 1317 1110 1369 virginis
1138 1330 1249 1355 arma

221 1388 267 1421 ut
292 1381 415 1430 videt,
446 1382 530 1421 ‘has
558 1383 677 1421 etiam
707 1389 845 1421 contra
871 1381 1150 1421 bellabimus?’
1178 1382 1324 1434 inquit3

115 1525 212 1565 tant,
237 1524 529 1560 dominationem
554 1524 775 1560 obtenturus
800 1524 864 1566 sit3
891 1525 1047 1559 eandem
1072 1523 1301 1559 sententiam
1324 1523 1481 1568 legimus
1499 1523 1602 1569 apud

115 1582 204 1620 Iam.
227 1583 271 1625 V,
296 1583 367 1618 602
391 1595 467 1628 seq.

187 1648 268 1684 356.
317 1649 450 1684 obnixa
475 1669 516 1674 —
543 1649 663 1684 haeret
680 1659 823 1693 Ριιφιας
850 1649 912 1684 cfr.
931 1647 1042 1693 Verg.
1067 1649 1159 1683 Aen.
1178 1648 1226 1692 X,
1250 1647 1322 1683 359
1344 1652 1446 1684 stant
1468 1649 1602 1684 obm'oea

117 1709 238 1743 ma
260 1711 407 1754 contra3
437 1708 557 1743 haeret
582 1708 641 1743 ‘ist
664 1719 745 1742 zum
770 1708 908 1743 Stehen
932 1707 1178 1753 gekommen',
1204 1707 1257 1742 sic
1281 1707 1378 1742 dixit
1401 1707 1489 1744 Luc.
1514 1707 1600 1750 VH,

118 1765 602 1802 mvmutithicbeuum
634 1766 1196 1812 fortunaquecaaearishaesit;
1234 1766 1604 1807 H‚487hocle·m·te

118 1825 245 1861 bouum
268 1826 423 1861 haereat

213 1890 295 1926 358.
345 1889 483 1936 Corpus
516 1890 650 1925 Canthi
673 1890 763 1926 socii
786 1891 870 1931 huc,
907 1891 1035 1926 hostes
1059 1891 1149 1926 illuc
1172 1891 1344 1926 manibus
1367 1891 1536 1935 trahunt,
1562 1891 1605 1926 ut

110 1949 218 1986 nervi
241 1949 376 1986 corium
401 1949 509 1985 bovis
534 1949 586 1985 eis
611 1949 872 1985 emolliendum
897 1949 1038 1986 datum.
1081 1949 1273 1995 Expressit
1287 1949 1459 1986 Valerius
1482 1950 1606 1986 locum

119 2008 224 2045 Hom.
248 2008 295 2045 11.
319 2007 437 2045 xvn.
462 2007 533 2043 389
557 2019 644 2053 seqq
659 2037 668 2048 ,
693 2008 757 2043 ubi
783 2009 912 2044 eadem
936 2009 1216 2054 comparatione
1243 2011 1359 2055 poeta
1377 2008 1542 2045 Graecus
1565 2009 1606 2045 in

121 2067 370 2114 descriptione
395 2067 609 2103 certaminis
634 2067 681 2103 de
706 2067 873 2105 Patrocli
896 2079 1051 2113 corpore
1076 2068 1197 2104 exorti
1221 2068 1350 2104 utitur.

35 2162 37 2166 ,
214 2132 294 2168 362.
343 2134 497 2168 membra
513 2153 557 2159 -
576 2137 691 2167 meant
714 2132 853 2168 dictum
878 2132 1028 2168 videtur
1050 2144 1120 2178 pro
1145 2144 1189 2169 eo
1211 2133 1310 2178 quod
1328 2135 1386 2169 est
1401 2134 1605 2171 trahamur.

39 2209 44 2217 ν·
122 2190 353 2237 Quamquam
377 2203 453 2227 non
479 2193 583 2226 caret
599 2192 692 2226 haec
718 2190 916 2236 explicatio
933 2191 1179 2233 dubitatione,
1205 2196 1332 2228 manen
1349 2192 1465 2228 etiam
1482 2192 1605 2228 minus

45 2258 55 2286 .’
122 2250 259 2297 placet,
289 2250 389 2296 quod
413 2250 573 2286 coniecit
597 2250 780 2295 Meyncke
802 2261 895 2286 mus.
921 2250 1038 2286 Rhen.
1063 2250 1121 2291 22,
1146 2250 1216 2285 372
1239 2251 1380 2287 madent
1404 2252 1471 2287 aut
1484 2255 1606 2287 “nuent

53 2314 56 2319 '
121 2308 225 2355 Bury
249 2309 493 2346 Hermathen.
519 2309 619 2350 vm,
644 2309 725 2344 412.

15 2387 24 2411 2
144 2421 146 2423 Ι
218 2374 301 2410 366.
349 2374 477 2420 Rupto
500 2374 581 2410 loro
607 2373 710 2409 cadit
733 2374 848 2419 galea
873 2373 913 2409 in
937 2377 1093 2419 terram3
1120 2376 1184 2411 cfr.
1208 2374 1317 2412 Hom.
1342 2375 1446 2422 nm,
1469 2375 1551 2411 375.

217 2434 379 2470 &munit
403 2454 446 2460 —
471 2434 556 2474 eolo,
583 2432 651 2468 cfr.
677 2433 726 2468 ad
750 2432 798 2474 Π,
825 2432 882 2469 91.

21 2534 24 2538 ,
59 2530 62 2531 ⁷
218 2497 299 2535 367.
347 2499 387 2534 in
410 2499 514 2543 clipei
533 2518 582 2524 ·—
608 2498 721 2533 orbem
747 2499 894 2541 arietat;
931 2498 999 2536 cfr.
1024 2498 1135 2544 Verg.
1161 2500 1252 2536 Aen.
1279 2499 1342 2541 XL
1379 2498 1451 2534 890
1473 2500 1606 2535 arietat

22 2580 25 2585 ,
54 2558 71 2610 J
125 2557 168 2594 in
182 2561 320 2603 patae.

220 2621 300 2658 370.
349 2622 518 2669 Euryale,
556 2623 685 2667 regina
711 2623 956 2665 Amazonum3
993 2623 1068 2657 vid.
1107 2623 1156 2658 ad
1181 2624 1223 2663 V,
1258 2623 1347 2665 612;
1386 2635 1513 2658 currus
1539 2635 1606 2658 re·

68 2695 75 2711 ·.
127 2680 264 2727 ‘inae
285 2681 473 2722 tribuitur,
499 2683 543 2717 ut
565 2681 826 2717 Penthesileae
851 2681 949 2727 apud
976 2681 1085 2728 Verg.
1112 2682 1203 2718 Aea
1231 2682 1294 2723 XI,
1320 2682 1400 2717 661.

41 2742 43 2747 .
68 2744 90 2756 ,,
1323 2741 1395 2776 28*
