1890 3100
563 210 950 248 Aneoniv'ricon
971 210 1120 246 LIBER
1142 210 1192 246 Π.
1570 214 1652 256 147

285 334 404 372 obvia
430 346 613 386 quaeque
640 331 783 371 eadem
809 329 1008 382 traditque
1037 328 1227 381 auditque
1254 342 1388 382 neque
1418 329 1489 367 ulli

282 412 388 437 vana
411 397 526 437 fides.
579 404 664 436 tum
690 409 791 435 voce
820 394 929 443 deos,
958 400 1045 432 tum
1072 394 1280 446 questibus
1309 394 1488 445 impleut,

286 463 422 502 oscula
444 464 605 515 imque
630 462 729 500 toris
757 466 878 513 atque
906 459 1045 498 oscula
1070 459 1251 510 postibus
1278 459 1376 511 ipsis

284 528 530 579 ingeminant
553 526 807 578 lacrimisque
833 526 979 564 iterum
1003 524 1176 576 visuque
1203 530 1420 562 morantur.

284 593 493 644 prosiliunt
517 605 595 630 nec
619 597 730 630 tecta
755 592 883 629 vimm
909 590 1188 641 thalamosque
1215 589 1395 628 revisunt

285 657 470 709 amplius3
499 656 775 708 adglomerant
803 668 894 694 sese
921 653 1120 706 nudisque
1149 654 1223 692 sub
1252 655 1367 692 astris

287 721 512 761 condensae
542 721 659 760 fletus
687 727 835 760 acuunt
863 734 909 759 ac
939 719 1026 758 dira
1050 725 1266 772 precantur

275 839 353 875 167.
400 840 563 885 impleri&
588 840 656 876 cfr.
681 839 731 875 ad
754 839 802 881 Π,
829 839 909 874 126.
949 842 1034 879 tum,
1061 838 1160 883 quod
1186 839 1244 874 est
1259 839 1348 873 ante
1371 839 1559 883 questibus,
1587 850 1658 876 om.

178 898 269 942 Vat3
293 899 377 934 add.
395 898 598 935 Vaticanus
615 899 719 936 1613.

274 957 352 994 168,
401 959 521 994 oscula
541 959 702 1003 postibus
724 958 814 1003 ipsis
838 957 1071 1003 t'nyeminant:
1099 956 1146 992 de
1180 967 1222 992 re
1253 955 1319 991 cfr.
1345 956 1457 1002 Verg.
1482 958 1573 992 Aen.
1608 956 1658 998 H,

178 1016 266 1064 4903
301 1015 364 1062 IV,
389 1016 478 1062 6593
515 1017 563 1053 de
586 1017 711 1053 verbis
736 1016 831 1053 Stat.
858 1016 974 1053 Theb.
1000 1015 1042 1061 V,
1069 1015 1137 1051 594
1168 1017 1362 1061 ingeminat
1384 1016 1515 1051 misera
1538 1017 1660 1051 ose-ida

180 1079 318 1112 tantum
344 1076 571 1118 1ncum1>en⁸;
598 1076 665 1112 OV.
690 1077 780 1112 met.
805 1075 871 1117 m,
898 1075 968 1110 369
993 1076 1187 1121 ingeminat
1217 1086 1332 1117 vocem
1365 1075 1461 1111 Stat.
1486 1075 1603 1112 Theb.
1629 1074 1657 1117 I,

179 1134 250 1170 419
274 1136 411 1171 crebros
434 1136 798 1180 ἱεῖτιε-ἱπρεηιίπαπτ,

275 1194 354 1230 170.
403 1194 534 1239 Neque
550 1193 731 1235 Heinsius,
757 1193 820 1239 qui
835 1197 994 1229 moratae
1015 1205 1084 1239 pro
1109 1197 1297 1229 nwrantur
1319 1192 1556 1228 scribendum
1574 1204 1659 1238 pro—

178 1252 315 1299 posuit,
340 1264 461 1298 neque
486 1252 658 1298 Schenkl,
686 1253 748 1298 qui
772 1253 861 1288 ante
886 1252 956 1287 170
984 1263 1134 1288 versum
1168 1251 1348 1287 excidisse
1379 1253 1446 1286 aut
1476 1252 1600 1287 locum
1636 1263 1660 1287 a

180 1313 296 1357 poeta
327 1311 591 1357 imperfectum
626 1311 798 1347 relictum
836 1322 915 1347 esse
958 1312 1079 1357 putat,
1110 1312 1276 1347 mentem
1316 1310 1456 1346 Valerii
1499 1311 1660 1346 assecuti

181 1370 371 1406 videntur:
395 1370 477 1416 ipso
502 1371 683 1416 asyndeto
709 1371 942 1416 abruptoque
966 1381 1136 1406 sermone
1158 1371 1274 1416 poeta
1298 1370 1421 1405 subito
1446 1371 1486 1405 et
1511 1369 1661 1406 fortiter

183 1430 335 1476 captum
359 1430 552 1469 consilium
574 1430 771 1466 mulierum
794 1429 984 1471 indicavit,
1012 1440 1107 1474 quae
1131 1429 1267 1464 mentis
1297 1429 1354 1464 ira
1377 1429 1559 1474 abreptae
1584 1440 1660 1464 am·

181 1488 280 1534 plius
302 1500 378 1525 non
401 1490 633 1527 cunctentur.

276 1548 356 1584 171.
392 1548 656 1594 adglonaerandi
684 1548 800 1584 verbo
824 1547 1008 1593 Vergilius
1032 1547 1173 1593 primus
1196 1558 1283 1582 usus
1307 1547 1473 1592 videtur,
1499 1547 1660 1583 sedmo-

183 1607 300 1653 desto,
317 1608 361 1642 ut
372 1607 540 1642 dativum
552 1607 743 1653 adiungat,
763 1607 821 1642 cui
837 1607 927 1652 quid
939 1618 979 1643 se
998 1606 1250 1652 adglomerat:
1274 1607 1367 1643 Aen.
1382 1605 1430 1646 [L
1449 1606 1519 1642 339
1538 1607 1642 1642 lateri
1647 1620 1659 1651 ‚-

182 1665 264 1707 xli,
278 1666 347 1701 457
372 1667 491 1702 cuneis
514 1668 644 1702 coactis
666 1666 732 1711 (sic
757 1666 872 1702 etiam
895 1667 986 1702 Mar.
1013 1666 1109 1702 Vict.
1126 1666 1251 1704 Aleth.
1275 1665 1342 1706 m,
1366 1666 1468 1711 273);
1495 1665 1660 1701 studiose

181 1724 222 1759 id
244 1725 400 1760 verbum
425 1725 581 1771 arripuit
605 1725 783 1766 Valerius,
810 1726 877 1761 sed
900 1726 1076 1771 neglecta
1100 1725 1248 1770 propria
1272 1724 1543 1769 significatione
1569 1724 1661 1759 dicit

181 1783 438 1829 adglomerare
461 1796 530 1830 pro
554 1784 713 1829 simplici
742 1784 976 1829 glomerandi
1005 1784 1132 1828 verbo,
1163 1786 1206 1818 ut
1236 1784 1307 1818 hoc
1343 1783 1426 1818 loco
1458 1783 1547 1818 ‘sich
1577 1795 1660 1818 zum

181 1841 327 1879 Knauel
350 1843 487 1878 ballen’
514 1844 554 1878 et
576 1843 687 1878 simili
709 1843 863 1879 notione
895 1844 1008 1878 latera
1032 1843 1124 1888 adql.
1150 1842 1218 1885 ΙΠ,
1245 1843 1308 1888 87;
1334 1843 1496 1877 tenebras
1511 1841 1559 1883 H,
1579 1842 1658 1883 197;

179 1902 311 1945 fretum
333 1902 382 1943 11,
408 1901 493 1944 499;
520 1913 566 1938 ex
589 1902 798 1938 imitatione
822 1902 1024 1938 Valeriana
1049 1904 1173 1937 autem
1202 1901 1312 1936 Silius
1337 1901 1486 1947 scripsit
1517 1901 1558 1942 V,
1589 1901 1661 1936 238

182 1965 267 1997 ωηο
289 1962 425 1997 alacres
448 1972 551 1996 arma
575 1961 824 2006 adqlomerant.

275 2020 454 2056 Domibus
477 2020 618 2055 relictis
641 2021 790 2056 noctem
816 2020 919 2056 caelo
945 2020 1127 2055 sideribus
1163 2019 1299 2054 illustri
1323 2020 1391 2054 sub
1418 2019 1504 2055 divo
1541 2021 1661 2064 agunt

181 2079 371 2122 mulieres3
398 2079 507 2115 mtdc's
533 2081 598 2114 sub
628 2080 745 2120 asnis,
775 2079 934 2115 nubibus
963 2090 1038 2114 non
1067 2078 1227 2114 obtectis
1251 2078 1275 2113 i.
1301 2089 1333 2114 e.
1359 2079 1427 2113 sub
1460 2078 1546 2114 divo
1580 2078 1660 2114 sine

183 2138 354 2184 exemplo
378 2138 519 2173 dictum
541 2138 702 2175 videtur.

277 2197 357 2232 172.
402 2197 506 2240 fletus
529 2201 663 2232 acuunt
686 2197 830 2232 duabus
854 2197 1061 2232 rationibus
1087 2196 1273 2242 explicare
1298 2196 1403 2232 licet:
1442 2198 1508 2231 aut
1538 2196 1659 2238 fletus,

184 2255 246 2300 qui
269 2257 383 2291 antea
406 2255 482 2291 iam
505 2256 656 2297 fiebant,
683 2260 812 2301 auyent
837 2258 903 2291 aut
926 2257 1055 2291 aeriter
1075 2257 1171 2299 flent,
1195 2255 1287 2291 illud
1311 2255 1483 2291 usitatius
1504 2256 1570 2296 est,
1589 2255 1661 2290 hoc

182 2315 303 2360 magis
324 2315 523 2361 poeticum,
551 2314 617 2350 cfr.
643 2314 753 2360 Vei-g.
778 2315 870 2351 Aen.
895 2315 978 2357 XII,
1006 2315 1074 2350 108
1098 2316 1239 2350 Aeneas
1262 2316 1359 2350 acuit
1384 2315 1538 2350 Martem
1569 2315 1593 2351 i.
1627 2326 1659 2351 e.

183 2373 319 2410 acriter
368 2374 509 2410 bellum
551 2375 672 2420 parat,
720 2373 873 2410 indutiis
915 2374 1012 2410 enim
1049 2374 1160 2410 factis
1197 2375 1362 2410 nondum
1398 2375 1659 2420 pugnabatur;

184 2431 268 2469 Seii.
294 2432 427 2469 Troad.
452 2432 521 2468 834
548 2432 713 2479 (Chiron)
737 2437 821 2468 mne
851 2444 986 2479 quoque
1013 2434 1170 2479 inqentes
1195 2434 1342 2469 acuebat
1373 2434 1450 2469 iras
1482 2434 1570 2468 bella
1601 2444 1660 2468 ca-

183 2491 297 2528 nendo
319 2492 345 2528 i.
371 2503 400 2528 e.
427 2503 553 2528 acrem
578 2492 730 2528 Achillis
753 2492 850 2527 iram
874 2493 924 2528 ad
946 2493 1199 2538 pugnandum,
1226 2504 1338 2538 quam
1362 2493 1527 2528 nondum
1544 2492 1658 2527 habe-

184 2551 262 2591 bnt,
289 2551 439 2587 excitat.

278 2612 310 2646 A
333 2610 413 2646 deis
436 2612 572 2656 petunt
597 2610 826 2652 Lemniades,
852 2612 895 2646 ut
910 2623 1008 2647 nova
1033 2622 1115 2646 cum
1130 2611 1295 2647 Thi-esais
1322 2610 1492 2655 coniugia
1516 2609 1660 2644 maritis

186 2668 268 2704 dira
292 2669 463 2705 evadant.

1380 2728 1449 2763 10*

1661 598 1714 627 170
