1890 3100
235 197 324 240 394
763 195 799 231 C.
827 196 1006 232 VALERI
1033 197 1208 233 FLACCI

346 315 515 367 quisque
545 315 626 354 suis
654 321 739 354 tum
766 322 861 354 vota
889 316 974 355 deis
1005 322 1045 355 et
1074 317 1219 368 pocula
1247 317 1391 366 fundit,

345 379 442 418 dent
470 381 608 427 aciem,
639 379 736 419 dent
763 381 981 430 belligeros
1012 395 1202 434 superare
1231 383 1402 422 labores.

396 446 506 484 Ecce
537 451 670 485 autem
700 447 853 486 Geticis
882 449 1050 486 veniens
1082 447 1281 487 Gradivus
1311 449 1360 487 ab
1391 450 1513 489 antris

342 511 628 563 ingentemque
655 513 818 551 trahens
848 518 984 551 arctoa
1010 527 1083 565 per
1103 526 1278 566 aequora
1296 514 1443 553 nubem

343 577 485 628 aspicit
512 577 653 616 Aeaea
681 578 840 629 Minyas
872 578 1118 630 stupefactus
1147 580 1188 617 in
1217 580 1316 618 urbe
1725 582 1780 613 620

343 642 615 695 ambitumque
645 656 782 682 senem
810 645 1086 696 promissaque
1121 645 1276 684 vellera
1303 645 1400 697 pubi

342 708 614 747 Thessalicae.
672 709 773 747 citus
803 709 853 747 ad
883 710 1025 748 summi
1054 710 1257 748 stellantia
1284 712 1407 762 patris

341 778 451 812 tecta
477 774 556 811 ruit
585 780 811 826 questuque
840 775 978 813 Iovem
1006 781 1178 814 testatur
1206 776 1370 815 acerbo:

344 844 460 891 ‘quae
490 839 643 887 studiis,
672 853 745 878 rex
774 853 931 891 magne,
962 840 1104 892 quies?
1132 842 1211 880 iam
1239 847 1378 880 mutua
1407 841 1487 880 divi

344 904 465 943 exitia
492 905 533 942 in
563 905 668 943 solos
697 905 901 943 hominum
930 905 1112 944 molimur
1140 907 1324 955 honores,
1727 917 1782 947 625

341 976 464 1022 teque
495 983 544 1008 ea
573 975 716 1008 cuncta
743 971 892 1018 iuvant,
923 970 1103 1009 rabidam
1133 972 1201 1023 qui
1230 972 1400 1011 Pallada
1429 974 1540 1012 caelo

342 1049 423 1074 non
453 1035 580 1087 abigis
609 1048 742 1087 neque
770 1036 954 1074 femineis
983 1037 1044 1074 ius
1076 1037 1198 1075 obicis
1229 1039 1348 1076 ausis.

342 1115 438 1139 num
468 1114 624 1153 queror,
656 1106 839 1139 extructa
868 1101 975 1153 quod
1004 1103 1161 1141 vexerit
1188 1103 1277 1154 ipsa
1305 1103 1440 1141 carina

341 1166 497 1205 vellera
526 1180 639 1204 sacra
666 1167 766 1204 meis
797 1173 1024 1218 sperantem
1054 1173 1236 1206 avertere
1266 1168 1378 1216 lucis,

344 1231 531 1284 quodque
559 1231 692 1283 palam
720 1237 850 1270 tutata
877 1231 1010 1270 viros?
1040 1233 1096 1271 sic
1126 1239 1261 1272 cetera
1289 1239 1443 1285 pergat,

343 1297 376 1335 si
404 1297 524 1335 valet.
581 1296 735 1335 insidiis
767 1296 862 1350 quid
890 1311 996 1346 nunc
1025 1298 1238 1336 fallacibus
1269 1299 1404 1348 ambit,

338 1369 476 1401 nostra
503 1368 547 1400 ut
574 1362 748 1401 Phrixeo
780 1363 1001 1414 spolientur
1028 1364 1179 1415 templa
1207 1363 1400 1405 metallo?

335 1481 414 1516 616.
466 1481 572 1516 Hom.
600 1480 644 1516 11.
672 1481 721 1518 ΙΙ,
748 1480 819 1515 400
845 1481 939 1523 ἄλλος
966 1481 1087 1527 δ’ἄλλῳ
1114 1478 1201 1527 ἔρεζε
1226 1485 1324 1518 θεῶν.

327 1540 407 1575 618.
461 1539 593 1575 Geticis
616 1541 757 1575 veniens
786 1540 967 1576 Gradivus
991 1541 1036 1575 ab
1063 1542 1194 1576 antris:
1220 1541 1328 1586 Verg.
1354 1542 1445 1578 Aen.
1465 1542 1535 1585 ΙΙΙ,
1555 1543 1601 1578 35
1620 1542 1727 1589 (Gra—

233 1600 338 1636 divus
363 1600 487 1646 pater)
517 1599 649 1635 Geticis
673 1600 735 1644 qui
753 1600 938 1644 praesidet
963 1601 1070 1638 arvis.

328 1660 406 1695 621.
451 1660 572 1704 puppi
596 1659 691 1705 Vat„
719 1660 811 1704 pubi
836 1659 1024 1702 Heinsius3
1065 1659 1178 1695 etiam
1203 1659 1265 1702 VI,
1306 1660 1327 1695 5
1353 1660 1392 1695 in
1417 1660 1501 1696 Vat.
1530 1661 1626 1698 falso
1651 1662 1726 1697 tra-

237 1719 337 1756 ditur
356 1720 496 1765 pwppis
519 1731 588 1765 pro
608 1719 713 1763 pube.

326 1778 406 1814 623.
455 1779 636 1814 stellantia
661 1780 783 1823 patris
808 1783 916 1814 tecta.-
952 1778 1064 1824 Verg.
1104 1779 1196 1816 Aen.
1222 1779 1300 1821 VH,
1334 1779 1405 1815 210
1427 1781 1604 1816 stellantis
1627 1781 1727 1826 reyia

232 1839 322 1874 caeli
329 1852 336 1881 ;
363 1838 534 1874 sideream
560 1849 675 1873 arcem
700 1838 791 1873 dixit
815 1838 895 1874 Val.
923 1839 952 1884 I,
978 1838 1059 1875 488.

326 1897 406 1933 624.
457 1898 531 1932 vidi
556 1898 650 1939 Van,
678 1898 752 1933 divi
778 1897 939 1935 Gronov,

327 1956 407 1993 625.
458 1957 515 1992 De
540 1957 727 1992 sententia
753 1956 819 1993 cfr.
846 1957 952 1994 Hom.
980 1957 1021 1993 11.
1050 1958 1080 1999 I,
1107 1958 1177 1992 514
1186 1972 1194 2001 ;
1220 1959 1262 1998 V,
1290 1958 1379 2001 874;
1406 1958 1530 1994 nescio
1556 1969 1605 1994 an
1630 1958 1726 1995 falso

231 2016 462 2052 intellexerit
486 2015 656 2052 Valerius
681 2016 833 2052 Homeri
858 2017 975 2052 verba
1000 2018 1050 2054 σοὶ
1081 2019 1203 2061 πάντες
1229 2019 1440 2066 μαχόμεσθα,
1468 2029 1552 2053 cum
1577 2017 1726 2063 scripsit

234 2080 334 2121 teque
359 2086 401 2110 ea
425 2079 553 2111 cuncta
577 2076 715 2113 iuvant.

328 2135 407 2171 627.
457 2146 568 2180 neque
593 2135 756 2178 femineis
779 2136 837 2171 ius
862 2136 971 2171 obicis
996 2137 1104 2171 ausis:
1132 2137 1179 2172 ad
1204 2138 1298 2172 haec
1322 2137 1439 2172 verba
1462 2136 1614 2182 respicit
1638 2136 1726 2182 Iup-

234 2195 335 2241 piter
361 2207 395 2229 v.
423 2194 502 2230 674.

327 2254 407 2290 628.
458 2253 505 2290 Se
530 2266 605 2290 non
633 2256 851 2299 questurum
875 2255 990 2291 fuisse
1017 2256 1116 2291 Mars
1143 2256 1243 2297 dicit,
1271 2256 1301 2292 si
1328 2255 1498 2292 Minerva
1526 2255 1656 2300 omnia,
1681 2257 1724 2291 ut

234 2314 366 2355 adhuc,
395 2313 510 2349 etiam
533 2313 572 2348 in
597 2315 790 2359 posterum
813 2315 940 2360 palam
967 2316 1006 2351 et
1029 2326 1104 2361 per,
1121 2315 1197 2350 vim
1222 2326 1334 2361 agere
1352 2315 1478 2361 vellet,
1504 2315 1572 2351 sed
1587 2315 1724 2351 metuit

231 2372 385 2408 insidias
421 2372 519 2413 inde,
560 2373 659 2417 quod
696 2373 828 2409 foedus
855 2374 1038 2419 quoddam
1069 2374 1186 2410 ictum
1211 2376 1268 2410 est
1291 2375 1391 2410 inter
1415 2374 1575 2410 Aeetam
1601 2375 1640 2410 et
1663 2374 1724 2410 Ia-

233 2443 359 2468 sonem
386 2433 547 2478 auctore,
585 2434 628 2467 ut
663 2434 784 2478 putat,
821 2433 1001 2470 Minerva.
1051 2433 1182 2479 Neque
1207 2434 1396 2470 Baehrens
1421 2445 1542 2479 neque
1568 2433 1724 2479 Madvig

233 2491 460 2528 sententiam
483 2493 621 2538 poetae
646 2494 747 2527 recte
772 2492 1045 2530 intellexerunt.

330 2551 409 2587 631.
460 2552 603 2587 insidiis
629 2572 670 2578 —
695 2552 887 2594 falkwibus
905 2553 1023 2594 ambit,
1052 2553 1155 2600 quasi
1174 2553 1382 2588 circumdat
1395 2551 1606 2594 ambiendo,
1631 2551 1722 2588 irre—

233 2610 283 2646 tit
307 2621 454 2658 regem3
482 2610 584 2646 facili
610 2611 676 2647 sed
700 2611 829 2646 tamen
854 2611 1036 2647 inusitata
1059 2612 1300 2648 translatione
1327 2611 1476 2648 dictum.

330 2670 410 2706 632.
461 2671 591 2716 templa
627 2671 722 2706 haec
756 2670 880 2715 qualia
917 2670 1001 2714 sint,
1040 2671 1244 2707 accuratius
1277 2670 1502 2706 describitur
1526 2670 1597 2705 640
1627 2681 1720 2715 seq.;
