<?xml version="1.0" encoding="UTF-8"?>
<!DOCTYPE html PUBLIC "-//W3C//DTD XHTML 1.0 Transitional//EN"
    "http://www.w3.org/TR/xhtml1/DTD/xhtml1-transitional.dtd">
<html xmlns="http://www.w3.org/1999/xhtml" xml:lang="en" lang="en">
 <head>
  <title>
</title>
<meta http-equiv="Content-Type" content="text/html;charset=utf-8" />
  <meta name='ocr-system' content='tesseract 3.04.00' />
  <meta name='ocr-capabilities' content='ocr_page ocr_carea ocr_par ocr_line ocrx_word'/>
</head>
<body>
  <div class='ocr_page' id='page_1' title='image "argonauticonlibr00valeuoft_0462.png"; bbox 0 0 1890 3100; ppageno 0'>
   <div class='ocr_carea' id='block_1_1' title="bbox 233 262 1201 306">
    <p class='ocr_par' dir='ltr' id='par_1_1' title="bbox 233 262 1201 306">
     <span class='ocr_line' id='line_1_1' title="bbox 233 262 1201 306; baseline -0.007 0"><span class='ocrx_word' id='word_1_1' title='bbox 233 263 319 306; x_wconf 88' lang='grc'><strong>444</strong></span> <span class='ocrx_word' id='word_1_2' title='bbox 756 262 794 299; x_wconf 82' lang='lat' dir='ltr'><strong>O.</strong></span> <span class='ocrx_word' id='word_1_3' title='bbox 819 262 1000 298; x_wconf 84' lang='lat' dir='ltr'><strong>VALERI</strong></span> <span class='ocrx_word' id='word_1_4' title='bbox 1027 262 1201 299; x_wconf 77' lang='lat' dir='ltr'>FLACOI</span> 
     </span>
    </p>
   </div>
   <div class='ocr_carea' id='block_1_2' title="bbox 335 381 1780 1023">
    <p class='ocr_par' dir='ltr' id='par_1_2' title="bbox 335 381 1780 1023">
     <span class='ocr_line' id='line_1_2' title="bbox 337 381 1430 434; baseline 0.002 -15"><span class='ocrx_word' id='word_1_5' title='bbox 337 381 439 420; x_wconf 84' lang='lat' dir='ltr'><strong>haec</strong></span> <span class='ocrx_word' id='word_1_6' title='bbox 469 381 617 420; x_wconf 78' lang='lat' dir='ltr'>etenim</span> <span class='ocrx_word' id='word_1_7' title='bbox 646 382 804 434; x_wconf 87' lang='lat' dir='ltr'><strong>Minyas</strong></span> <span class='ocrx_word' id='word_1_8' title='bbox 834 395 885 421; x_wconf 90' lang='lat' dir='ltr'><strong>ne</strong></span> <span class='ocrx_word' id='word_1_9' title='bbox 915 382 1080 434; x_wconf 88' lang='lat' dir='ltr'><strong>iungere</strong></span> <span class='ocrx_word' id='word_1_10' title='bbox 1110 382 1239 421; x_wconf 88' lang='lat' dir='ltr'><strong>Marte</strong></span> <span class='ocrx_word' id='word_1_11' title='bbox 1268 389 1430 434; x_wconf 86' lang='lat' dir='ltr'><strong>peracto</strong></span> 
     </span>
     <span class='ocr_line' id='line_1_3' title="bbox 338 452 1438 488; baseline 0.002 -4"><span class='ocrx_word' id='word_1_12' title='bbox 338 452 517 485; x_wconf 87' lang='lat' dir='ltr'><strong>monstra</strong></span> <span class='ocrx_word' id='word_1_13' title='bbox 546 477 1438 488; x_wconf 86' lang='grc'><strong>.......................</strong></span> 
     </span>
     <span class='ocr_line' id='line_1_4' title="bbox 340 513 1364 565; baseline 0.001 -14"><span class='ocrx_word' id='word_1_14' title='bbox 340 542 509 551; x_wconf 90' lang='grc'><strong>.....</strong></span> <span class='ocrx_word' id='word_1_15' title='bbox 541 514 636 551; x_wconf 84' lang='lat' dir='ltr'><strong>satis</strong></span> <span class='ocrx_word' id='word_1_16' title='bbox 664 513 802 552; x_wconf 88' lang='lat' dir='ltr'><strong>iubeat</strong></span> <span class='ocrx_word' id='word_1_17' title='bbox 832 513 999 553; x_wconf 83' lang='lat' dir='ltr'>Cadmei</span> <span class='ocrx_word' id='word_1_18' title='bbox 1030 513 1216 552; x_wconf 82' lang='lat' dir='ltr'>dentibus</span> <span class='ocrx_word' id='word_1_19' title='bbox 1246 513 1364 565; x_wconf 84' lang='lat' dir='ltr'><strong>hydri</strong></span> 
     </span>
     <span class='ocr_line' id='line_1_5' title="bbox 339 578 1325 631; baseline 0.001 -14"><span class='ocrx_word' id='word_1_20' title='bbox 339 578 506 627; x_wconf 85' lang='lat' dir='ltr'>Aeetes,</span> <span class='ocrx_word' id='word_1_21' title='bbox 536 579 650 617; x_wconf 91' lang='lat' dir='ltr'><strong>timet</strong></span> <span class='ocrx_word' id='word_1_22' title='bbox 679 583 719 618; x_wconf 91' lang='lat' dir='ltr'><strong>et</strong></span> <span class='ocrx_word' id='word_1_23' title='bbox 747 579 877 617; x_wconf 84' lang='lat' dir='ltr'><strong>varias</strong></span> <span class='ocrx_word' id='word_1_24' title='bbox 908 579 1175 631; x_wconf 82' lang='lat' dir='ltr'><strong>circumspicit</strong></span> <span class='ocrx_word' id='word_1_25' title='bbox 1205 584 1325 618; x_wconf 84' lang='lat' dir='ltr'><strong>artes.</strong></span> 
     </span>
     <span class='ocr_line' id='line_1_6' title="bbox 339 643 1385 692; baseline 0 -10"><span class='ocrx_word' id='word_1_26' title='bbox 339 643 426 682; x_wconf 86' lang='lat' dir='ltr'><strong>sola</strong></span> <span class='ocrx_word' id='word_1_27' title='bbox 454 643 585 682; x_wconf 87' lang='lat' dir='ltr'><strong>animo</strong></span> <span class='ocrx_word' id='word_1_28' title='bbox 613 643 761 683; x_wconf 84' lang='lat' dir='ltr'>Medea</span> <span class='ocrx_word' id='word_1_29' title='bbox 789 644 906 692; x_wconf 80' lang='lat' dir='ltr'><strong>subit,</strong></span> <span class='ocrx_word' id='word_1_30' title='bbox 937 657 1049 683; x_wconf 89' lang='lat' dir='ltr'><strong>mens</strong></span> <span class='ocrx_word' id='word_1_31' title='bbox 1080 644 1205 683; x_wconf 87' lang='lat' dir='ltr'><strong>omnis</strong></span> <span class='ocrx_word' id='word_1_32' title='bbox 1236 645 1277 682; x_wconf 91' lang='lat' dir='ltr'><strong>in</strong></span> <span class='ocrx_word' id='word_1_33' title='bbox 1305 658 1385 683; x_wconf 88' lang='lat' dir='ltr'><strong>una</strong></span> 
     </span>
     <span class='ocr_line' id='line_1_7' title="bbox 337 709 1780 762; baseline 0.003 -15"><span class='ocrx_word' id='word_1_34' title='bbox 337 709 504 761; x_wconf 83' lang='lat' dir='ltr'><strong>virgine,</strong></span> <span class='ocrx_word' id='word_1_35' title='bbox 534 710 738 748; x_wconf 80' lang='lat' dir='ltr'><strong>nocturnis</strong></span> <span class='ocrx_word' id='word_1_36' title='bbox 769 723 848 762; x_wconf 88' lang='lat' dir='ltr'><strong>qua</strong></span> <span class='ocrx_word' id='word_1_37' title='bbox 876 709 987 748; x_wconf 84' lang='lat' dir='ltr'><strong>nulla</strong></span> <span class='ocrx_word' id='word_1_38' title='bbox 1015 710 1217 761; x_wconf 90' lang='lat' dir='ltr'><strong>potentior</strong></span> <span class='ocrx_word' id='word_1_39' title='bbox 1245 710 1334 748; x_wconf 84' lang='lat' dir='ltr'><strong>aris.</strong></span> <span class='ocrx_word' id='word_1_40' title='bbox 1725 721 1780 752; x_wconf 78' lang='lat'><strong>440</strong></span> 
     </span>
     <span class='ocr_line' id='line_1_8' title="bbox 335 774 1373 828; baseline 0.002 -16"><span class='ocrx_word' id='word_1_41' title='bbox 335 774 443 813; x_wconf 84' lang='lat' dir='ltr'><strong>illius</strong></span> <span class='ocrx_word' id='word_1_42' title='bbox 474 774 526 813; x_wconf 83' lang='lat' dir='ltr'><strong>ad</strong></span> <span class='ocrx_word' id='word_1_43' title='bbox 554 775 735 814; x_wconf 83' lang='lat' dir='ltr'><strong>fremitus</strong></span> <span class='ocrx_word' id='word_1_44' title='bbox 767 788 1006 828; x_wconf 86' lang='lat' dir='ltr'><strong>sparsosque</strong></span> <span class='ocrx_word' id='word_1_45' title='bbox 1035 789 1108 827; x_wconf 88' lang='lat' dir='ltr'><strong>per</strong></span> <span class='ocrx_word' id='word_1_46' title='bbox 1137 776 1227 814; x_wconf 86' lang='lat' dir='ltr'><strong>avia</strong></span> <span class='ocrx_word' id='word_1_47' title='bbox 1256 789 1373 814; x_wconf 84' lang='lat' dir='ltr'><strong>sucos</strong></span> 
     </span>
     <span class='ocr_line' id='line_1_9' title="bbox 339 839 1387 893; baseline 0.001 -15"><span class='ocrx_word' id='word_1_48' title='bbox 339 839 472 879; x_wconf 86' lang='lat' dir='ltr'><strong>sidera</strong></span> <span class='ocrx_word' id='word_1_49' title='bbox 499 841 580 879; x_wconf 83' lang='lat' dir='ltr'><strong>fixa</strong></span> <span class='ocrx_word' id='word_1_50' title='bbox 606 847 757 892; x_wconf 87' lang='lat' dir='ltr'><strong>pavent</strong></span> <span class='ocrx_word' id='word_1_51' title='bbox 786 846 826 879; x_wconf 91' lang='lat' dir='ltr'><strong>et</strong></span> <span class='ocrx_word' id='word_1_52' title='bbox 855 841 918 879; x_wconf 84' lang='lat' dir='ltr'><strong>avi</strong></span> <span class='ocrx_word' id='word_1_53' title='bbox 948 845 1082 893; x_wconf 85' lang='lat' dir='ltr'><strong>stupet</strong></span> <span class='ocrx_word' id='word_1_54' title='bbox 1111 841 1239 879; x_wconf 89' lang='lat' dir='ltr'><strong>orbita</strong></span> <span class='ocrx_word' id='word_1_55' title='bbox 1269 841 1387 879; x_wconf 85' lang='lat' dir='ltr'><strong>Solis.</strong></span> 
     </span>
     <span class='ocr_line' id='line_1_10' title="bbox 336 905 1478 958; baseline 0.001 -14"><span class='ocrx_word' id='word_1_56' title='bbox 336 911 464 944; x_wconf 88' lang='lat' dir='ltr'><strong>mutat</strong></span> <span class='ocrx_word' id='word_1_57' title='bbox 493 919 610 957; x_wconf 85' lang='lat' dir='ltr'><strong>agros</strong></span> <span class='ocrx_word' id='word_1_58' title='bbox 638 905 884 958; x_wconf 87' lang='lat' dir='ltr'><strong>fluviumque</strong></span> <span class='ocrx_word' id='word_1_59' title='bbox 914 907 1011 953; x_wconf 85' lang='lat' dir='ltr'><strong>vias,</strong></span> <span class='ocrx_word' id='word_1_60' title='bbox 1043 919 1138 944; x_wconf 86' lang='lat' dir='ltr'><strong>suus</strong></span> <span class='ocrx_word' id='word_1_61' title='bbox 1169 906 1306 958; x_wconf 86' lang='lat' dir='ltr'><strong>alligat</strong></span> <span class='ocrx_word' id='word_1_62' title='bbox 1335 907 1478 958; x_wconf 83' lang='lat' dir='ltr'><strong>ingens</strong></span> 
     </span>
     <span class='ocr_line' id='line_1_11' title="bbox 337 971 1412 1023; baseline 0.001 -14"><span class='ocrx_word' id='word_1_63' title='bbox 337 976 482 1009; x_wconf 86' lang='lat' dir='ltr'><strong>cuncta</strong></span> <span class='ocrx_word' id='word_1_64' title='bbox 512 983 647 1022; x_wconf 87' lang='lat' dir='ltr'><strong>sopor,</strong></span> <span class='ocrx_word' id='word_1_65' title='bbox 678 971 860 1022; x_wconf 86' lang='lat' dir='ltr'><strong>recoquit</strong></span> <span class='ocrx_word' id='word_1_66' title='bbox 888 971 1017 1009; x_wconf 79' lang='lat' dir='ltr'><strong>fessos</strong></span> <span class='ocrx_word' id='word_1_67' title='bbox 1049 976 1181 1010; x_wconf 85' lang='lat' dir='ltr'><strong>aetate</strong></span> <span class='ocrx_word' id='word_1_68' title='bbox 1212 978 1412 1023; x_wconf 86' lang='lat' dir='ltr'><strong>parentes,</strong></span> 
     </span>
    </p>
   </div>
   <div class='ocr_carea' id='block_1_3' title="bbox 229 1044 515 1051">
    <p class='ocr_par' dir='ltr' id='par_1_3' title="bbox 229 1044 515 1051">
     <span class='ocr_line' id='line_1_12' title="bbox 229 1044 515 1051; baseline 0 0"><span class='ocrx_word' id='word_1_69' title='bbox 229 1044 515 1051; x_wconf 95' lang='lat' dir='ltr'><strong> </strong></span> 
     </span>
    </p>
   </div>
   <div class='ocr_carea' id='block_1_4' title="bbox 197 1076 1727 2729">
    <p class='ocr_par' dir='ltr' id='par_1_4' title="bbox 229 1076 1726 1173">
     <span class='ocr_line' id='line_1_13' title="bbox 230 1076 1726 1124; baseline 0.003 -12"><span class='ocrx_word' id='word_1_70' title='bbox 230 1077 318 1124; x_wconf 91' lang='lat' dir='ltr'><strong>quia</strong></span> <span class='ocrx_word' id='word_1_71' title='bbox 344 1076 512 1112; x_wconf 80' lang='lat' dir='ltr'><strong>homines</strong></span> <span class='ocrx_word' id='word_1_72' title='bbox 539 1078 609 1112; x_wconf 92' lang='lat' dir='ltr'><strong>hoc</strong></span> <span class='ocrx_word' id='word_1_73' title='bbox 635 1076 738 1112; x_wconf 90' lang='lat' dir='ltr'><strong>fumo</strong></span> <span class='ocrx_word' id='word_1_74' title='bbox 763 1077 825 1113; x_wconf 86' lang='lat' dir='ltr'><strong>vel</strong></span> <span class='ocrx_word' id='word_1_75' title='bbox 850 1077 983 1122; x_wconf 88' lang='lat' dir='ltr'><strong>spiritu</strong></span> <span class='ocrx_word' id='word_1_76' title='bbox 1009 1076 1131 1112; x_wconf 86' lang='lat' dir='ltr'><strong>afflati</strong></span> <span class='ocrx_word' id='word_1_77' title='bbox 1156 1077 1423 1113; x_wconf 81' lang='lat' dir='ltr'><strong>occidebantur</strong></span> <span class='ocrx_word' id='word_1_78' title='bbox 1449 1079 1488 1114; x_wconf 87' lang='lat' dir='ltr'><strong>et</strong></span> <span class='ocrx_word' id='word_1_79' title='bbox 1513 1079 1562 1114; x_wconf 85' lang='lat' dir='ltr'><strong>ad</strong></span> <span class='ocrx_word' id='word_1_80' title='bbox 1586 1079 1726 1116; x_wconf 87' lang='lat' dir='ltr'><strong>inferos</strong></span> 
     </span>
     <span class='ocr_line' id='line_1_14' title="bbox 229 1136 522 1173; baseline -0.003 -1"><span class='ocrx_word' id='word_1_81' title='bbox 229 1136 522 1173; x_wconf 83' lang='lat' dir='ltr'><strong>descendebant.</strong></span> 
     </span>
    </p>

    <p class='ocr_par' dir='ltr' id='par_1_5' title="bbox 227 1196 1727 1481">
     <span class='ocr_line' id='line_1_15' title="bbox 323 1196 1726 1245; baseline 0.002 -14"><span class='ocrx_word' id='word_1_82' title='bbox 323 1196 404 1232; x_wconf 85' lang='lat'>437.</span> <span class='ocrx_word' id='word_1_83' title='bbox 453 1197 571 1232; x_wconf 79' lang='lat' dir='ltr'><strong>satis</strong></span> <span class='ocrx_word' id='word_1_84' title='bbox 596 1196 759 1231; x_wconf 72' lang='lat' dir='ltr'><strong>dentibus</strong></span> <span class='ocrx_word' id='word_1_85' title='bbox 783 1197 910 1232; x_wconf 85' lang='lat' dir='ltr'><strong>tauros</strong></span> <span class='ocrx_word' id='word_1_86' title='bbox 943 1196 1098 1241; x_wconf 83' lang='lat' dir='ltr'><strong>iungere</strong></span> <span class='ocrx_word' id='word_1_87' title='bbox 1124 1196 1261 1232; x_wconf 82' lang='lat' dir='ltr'>Aeetes</span> <span class='ocrx_word' id='word_1_88' title='bbox 1299 1208 1422 1244; x_wconf 90' lang='lat' dir='ltr'><strong>neque</strong></span> <span class='ocrx_word' id='word_1_89' title='bbox 1459 1197 1567 1233; x_wconf 83' lang='lat' dir='ltr'><strong>iussit</strong></span> <span class='ocrx_word' id='word_1_90' title='bbox 1603 1209 1726 1245; x_wconf 86' lang='lat' dir='ltr'><strong>neque</strong></span> 
     </span>
     <span class='ocr_line' id='line_1_16' title="bbox 229 1255 1725 1302; baseline 0.001 -10"><span class='ocrx_word' id='word_1_91' title='bbox 229 1256 379 1293; x_wconf 90' lang='lat' dir='ltr'><strong>omnino</strong></span> <span class='ocrx_word' id='word_1_92' title='bbox 404 1255 536 1291; x_wconf 87' lang='lat' dir='ltr'><strong>iubere</strong></span> <span class='ocrx_word' id='word_1_93' title='bbox 562 1257 728 1301; x_wconf 77' lang='lat' dir='ltr'><strong>poterat,</strong></span> <span class='ocrx_word' id='word_1_94' title='bbox 760 1256 936 1302; x_wconf 84' lang='lat' dir='ltr'><strong>quodque</strong></span> <span class='ocrx_word' id='word_1_95' title='bbox 961 1256 1155 1291; x_wconf 84' lang='lat' dir='ltr'>Baehrens</span> <span class='ocrx_word' id='word_1_96' title='bbox 1181 1256 1330 1302; x_wconf 80' lang='lat' dir='ltr'><strong>scripsit</strong></span> <span class='ocrx_word' id='word_1_97' title='bbox 1356 1257 1452 1293; x_wconf 71' lang='lat' dir='ltr'><strong>datis</strong></span> <span class='ocrx_word' id='word_1_98' title='bbox 1476 1277 1520 1283; x_wconf 88' lang='lat'><em>—</em></span> <span class='ocrx_word' id='word_1_99' title='bbox 1554 1257 1725 1295; x_wconf 66' lang='lat' dir='ltr'><strong>dentibus,</strong></span> 
     </span>
     <span class='ocr_line' id='line_1_17' title="bbox 227 1315 1727 1360; baseline 0.001 -10"><span class='ocrx_word' id='word_1_100' title='bbox 227 1315 383 1351; x_wconf 90' lang='lat' dir='ltr'><strong>nimium</strong></span> <span class='ocrx_word' id='word_1_101' title='bbox 408 1315 588 1360; x_wconf 82' lang='lat' dir='ltr'><strong>languet;</strong></span> <span class='ocrx_word' id='word_1_102' title='bbox 615 1315 707 1350; x_wconf 90' lang='lat' dir='ltr'><strong>mihi</strong></span> <span class='ocrx_word' id='word_1_103' title='bbox 730 1315 829 1350; x_wconf 83' lang='lat' dir='ltr'><strong>inter</strong></span> <span class='ocrx_word' id='word_1_104' title='bbox 856 1319 1014 1350; x_wconf 72' lang='lat' dir='ltr'><strong>monstra</strong></span> <span class='ocrx_word' id='word_1_105' title='bbox 1040 1317 1079 1351; x_wconf 88' lang='lat' dir='ltr'><strong>et</strong></span> <span class='ocrx_word' id='word_1_106' title='bbox 1103 1316 1193 1351; x_wconf 74' lang='lat' dir='ltr'><strong>satis</strong></span> <span class='ocrx_word' id='word_1_107' title='bbox 1218 1327 1346 1351; x_wconf 88' lang='lat' dir='ltr'><strong>versus</strong></span> <span class='ocrx_word' id='word_1_108' title='bbox 1371 1316 1522 1352; x_wconf 81' lang='lat' dir='ltr'><strong>videtur</strong></span> <span class='ocrx_word' id='word_1_109' title='bbox 1546 1316 1727 1353; x_wconf 78' lang='lat' dir='ltr'>excidisse</span> 
     </span>
     <span class='ocr_line' id='line_1_18' title="bbox 227 1375 1725 1421; baseline 0.001 -11"><span class='ocrx_word' id='word_1_110' title='bbox 227 1375 335 1410; x_wconf 91' lang='lat' dir='ltr'><strong>huius</strong></span> <span class='ocrx_word' id='word_1_111' title='bbox 361 1376 439 1411; x_wconf 89' lang='lat' dir='ltr'><strong>fere</strong></span> <span class='ocrx_word' id='word_1_112' title='bbox 465 1375 693 1410; x_wconf 85' lang='lat' dir='ltr'><strong>sententiae:</strong></span> <span class='ocrx_word' id='word_1_113' title='bbox 733 1378 891 1410; x_wconf 76' lang='lat' dir='ltr'><strong>monstra</strong></span> <span class='ocrx_word' id='word_1_114' title='bbox 917 1376 1044 1421; x_wconf 91' lang='lat' dir='ltr'><strong>[atque</strong></span> <span class='ocrx_word' id='word_1_115' title='bbox 1069 1386 1238 1420; x_wconf 86' lang='lat' dir='ltr'><strong>pugnare</strong></span> <span class='ocrx_word' id='word_1_116' title='bbox 1265 1387 1348 1410; x_wconf 92' lang='lat' dir='ltr'><strong>cum</strong></span> <span class='ocrx_word' id='word_1_117' title='bbox 1372 1376 1460 1411; x_wconf 88' lang='lat' dir='ltr'><strong>viris</strong></span> <span class='ocrx_word' id='word_1_118' title='bbox 1485 1376 1725 1412; x_wconf 83' lang='lat' dir='ltr'><strong>nascentibus</strong></span> 
     </span>
     <span class='ocr_line' id='line_1_19' title="bbox 229 1435 576 1481; baseline -0.006 -10"><span class='ocrx_word' id='word_1_119' title='bbox 229 1438 287 1480; x_wconf 84' lang='lat' dir='ltr'><strong>ex]</strong></span> <span class='ocrx_word' id='word_1_120' title='bbox 312 1435 403 1470; x_wconf 75' lang='lat' dir='ltr'><strong>satis</strong></span> <span class='ocrx_word' id='word_1_121' title='bbox 429 1446 459 1471; x_wconf 90' lang='lat' dir='ltr'><strong>e.</strong></span> <span class='ocrx_word' id='word_1_122' title='bbox 488 1447 521 1481; x_wconf 91' lang='lat' dir='ltr'><strong>q.</strong></span> <span class='ocrx_word' id='word_1_123' title='bbox 549 1447 576 1469; x_wconf 90' lang='lat' dir='ltr'><strong>s.</strong></span> 
     </span>
    </p>

    <p class='ocr_par' dir='ltr' id='par_1_6' title="bbox 323 1494 1005 1530">
     <span class='ocr_line' id='line_1_20' title="bbox 323 1494 1005 1530; baseline -0.001 0"><span class='ocrx_word' id='word_1_124' title='bbox 323 1494 393 1530; x_wconf 84' lang='lat'><strong>439</strong></span> <span class='ocrx_word' id='word_1_125' title='bbox 418 1518 464 1523; x_wconf 89' lang='lat'><em>-</em></span> <span class='ocrx_word' id='word_1_126' title='bbox 489 1494 559 1529; x_wconf 85' lang='lat'><strong>476</strong></span> <span class='ocrx_word' id='word_1_127' title='bbox 586 1494 722 1530; x_wconf 80' lang='lat' dir='ltr'><strong>desunt</strong></span> <span class='ocrx_word' id='word_1_128' title='bbox 746 1494 785 1529; x_wconf 91' lang='lat' dir='ltr'><strong>in</strong></span> <span class='ocrx_word' id='word_1_129' title='bbox 810 1494 1005 1529; x_wconf 80' lang='lat' dir='ltr'><strong>Vaticano.</strong></span> 
     </span>
    </p>

    <p class='ocr_par' dir='ltr' id='par_1_7' title="bbox 228 1553 1724 1897">
     <span class='ocr_line' id='line_1_21' title="bbox 323 1553 1722 1600; baseline 0.001 -12"><span class='ocrx_word' id='word_1_130' title='bbox 323 1554 405 1590; x_wconf 84' lang='lat'>441.</span> <span class='ocrx_word' id='word_1_131' title='bbox 452 1554 618 1597; x_wconf 75' lang='lat' dir='ltr'><strong>fremitus</strong></span> <span class='ocrx_word' id='word_1_132' title='bbox 642 1553 745 1589; x_wconf 89' lang='lat' dir='ltr'><strong>idem</strong></span> <span class='ocrx_word' id='word_1_133' title='bbox 771 1554 871 1600; x_wconf 91' lang='lat' dir='ltr'><strong>quod</strong></span> <span class='ocrx_word' id='word_1_134' title='bbox 895 1565 1056 1588; x_wconf 40' lang='lat' dir='ltr'><strong>&#39;murmur</strong></span> <span class='ocrx_word' id='word_1_135' title='bbox 1082 1553 1173 1589; x_wconf 88' lang='lat' dir='ltr'><strong>dicit</strong></span> <span class='ocrx_word' id='word_1_136' title='bbox 1200 1553 1264 1590; x_wconf 88' lang='lat' dir='ltr'><strong>Ov.</strong></span> <span class='ocrx_word' id='word_1_137' title='bbox 1292 1555 1381 1590; x_wconf 75' lang='lat' dir='ltr'><strong>met.</strong></span> <span class='ocrx_word' id='word_1_138' title='bbox 1408 1554 1490 1596; x_wconf 70' lang='lat' dir='ltr'>VII,</span> <span class='ocrx_word' id='word_1_139' title='bbox 1536 1555 1624 1596; x_wconf 82' lang='lat'>251;</span> <span class='ocrx_word' id='word_1_140' title='bbox 1665 1555 1722 1590; x_wconf 84' lang='lat' dir='ltr'><strong>est</strong></span> 
     </span>
     <span class='ocr_line' id='line_1_22' title="bbox 229 1612 1718 1660; baseline -0.001 -11"><span class='ocrx_word' id='word_1_141' title='bbox 229 1625 339 1650; x_wconf 89' lang='lat' dir='ltr'><strong>sonus</strong></span> <span class='ocrx_word' id='word_1_142' title='bbox 364 1613 465 1649; x_wconf 87' lang='lat' dir='ltr'><strong>vocis</strong></span> <span class='ocrx_word' id='word_1_143' title='bbox 505 1614 690 1648; x_wconf 85' lang='lat' dir='ltr'><strong>humanae</strong></span> <span class='ocrx_word' id='word_1_144' title='bbox 728 1625 803 1649; x_wconf 87' lang='lat' dir='ltr'><strong>non</strong></span> <span class='ocrx_word' id='word_1_145' title='bbox 841 1612 1047 1654; x_wconf 83' lang='lat' dir='ltr'><strong>distinctus,</strong></span> <span class='ocrx_word' id='word_1_146' title='bbox 1090 1612 1144 1647; x_wconf 79' lang='lat' dir='ltr'><strong>ita</strong></span> <span class='ocrx_word' id='word_1_147' title='bbox 1186 1616 1237 1654; x_wconf 74' lang='lat' dir='ltr'><strong>ut,</strong></span> <span class='ocrx_word' id='word_1_148' title='bbox 1281 1624 1508 1660; x_wconf 85' lang='lat' dir='ltr'><strong>quamquam</strong></span> <span class='ocrx_word' id='word_1_149' title='bbox 1534 1612 1718 1655; x_wconf 83' lang='lat' dir='ltr'><strong>audiatur,</strong></span> 
     </span>
     <span class='ocr_line' id='line_1_23' title="bbox 229 1672 1724 1719; baseline 0 -11"><span class='ocrx_word' id='word_1_150' title='bbox 229 1673 400 1718; x_wconf 85' lang='lat' dir='ltr'><strong>intellegi</strong></span> <span class='ocrx_word' id='word_1_151' title='bbox 424 1675 555 1708; x_wconf 88' lang='lat' dir='ltr'><strong>tamen</strong></span> <span class='ocrx_word' id='word_1_152' title='bbox 570 1673 736 1719; x_wconf 80' lang='lat' dir='ltr'><strong>nequeat</strong></span> <span class='ocrx_word' id='word_1_153' title='bbox 743 1686 750 1714; x_wconf 90' lang='lat'>;</span> <span class='ocrx_word' id='word_1_154' title='bbox 777 1672 907 1719; x_wconf 87' lang='lat' dir='ltr'><strong>itaque</strong></span> <span class='ocrx_word' id='word_1_155' title='bbox 923 1673 1144 1719; x_wconf 88' lang='lat' dir='ltr'><strong>plerumque</strong></span> <span class='ocrx_word' id='word_1_156' title='bbox 1163 1672 1210 1707; x_wconf 90' lang='lat' dir='ltr'><strong>de</strong></span> <span class='ocrx_word' id='word_1_157' title='bbox 1227 1672 1467 1708; x_wconf 89' lang='lat' dir='ltr'><strong>multitudine</strong></span> <span class='ocrx_word' id='word_1_158' title='bbox 1485 1673 1629 1715; x_wconf 71' lang='lat' dir='ltr'><strong>dieitur,</strong></span> <span class='ocrx_word' id='word_1_159' title='bbox 1657 1672 1724 1708; x_wconf 88' lang='lat' dir='ltr'><strong>sed</strong></span> 
     </span>
     <span class='ocr_line' id='line_1_24' title="bbox 231 1732 1724 1777; baseline 0.001 -9"><span class='ocrx_word' id='word_1_160' title='bbox 231 1732 399 1768; x_wconf 83' lang='lat' dir='ltr'><strong>diversus</strong></span> <span class='ocrx_word' id='word_1_161' title='bbox 427 1733 484 1768; x_wconf 89' lang='lat' dir='ltr'><strong>est</strong></span> <span class='ocrx_word' id='word_1_162' title='bbox 510 1743 531 1767; x_wconf 89' lang='lat' dir='ltr'><strong>a</strong></span> <span class='ocrx_word' id='word_1_163' title='bbox 558 1732 730 1773; x_wconf 83' lang='lat' dir='ltr'><strong>clamore,</strong></span> <span class='ocrx_word' id='word_1_164' title='bbox 759 1732 824 1767; x_wconf 85' lang='lat' dir='ltr'><strong>cfr.</strong></span> <span class='ocrx_word' id='word_1_165' title='bbox 843 1732 920 1769; x_wconf 86' lang='lat' dir='ltr'><strong>Liv.</strong></span> <span class='ocrx_word' id='word_1_166' title='bbox 940 1732 1048 1773; x_wconf 83' lang='lat' dir='ltr'>XLV,</span> <span class='ocrx_word' id='word_1_167' title='bbox 1078 1733 1117 1766; x_wconf 86' lang='lat'><strong>1:</strong></span> <span class='ocrx_word' id='word_1_168' title='bbox 1152 1744 1311 1767; x_wconf 87' lang='lat' dir='ltr'><strong>murmur</strong></span> <span class='ocrx_word' id='word_1_169' title='bbox 1334 1736 1476 1777; x_wconf 77' lang='lat' dir='ltr'><strong>repente</strong></span> <span class='ocrx_word' id='word_1_170' title='bbox 1494 1733 1625 1777; x_wconf 78' lang='lat' dir='ltr'><strong>populi</strong></span> <span class='ocrx_word' id='word_1_171' title='bbox 1649 1736 1724 1769; x_wconf 77' lang='lat' dir='ltr'><strong>tota</strong></span> 
     </span>
     <span class='ocr_line' id='line_1_25' title="bbox 228 1791 1723 1838; baseline 0 -11"><span class='ocrx_word' id='word_1_172' title='bbox 228 1793 430 1838; x_wconf 71' lang='lat' dir='ltr'><strong>spectacula</strong></span> <span class='ocrx_word' id='word_1_173' title='bbox 451 1793 614 1836; x_wconf 68' lang='lat' dir='ltr'><strong>pervasit</strong></span> <span class='ocrx_word' id='word_1_174' title='bbox 648 1792 689 1817; x_wconf 80' lang='lat'><strong>‘—</strong></span> <span class='ocrx_word' id='word_1_175' title='bbox 724 1792 805 1827; x_wconf 78' lang='lat' dir='ltr'><strong>dein</strong></span> <span class='ocrx_word' id='word_1_176' title='bbox 835 1792 1000 1834; x_wconf 71' lang='lat' dir='ltr'><strong>fremitus</strong></span> <span class='ocrx_word' id='word_1_177' title='bbox 1024 1791 1228 1836; x_wconf 76' lang='lat' dir='ltr'><strong>increbruit,</strong></span> <span class='ocrx_word' id='word_1_178' title='bbox 1262 1795 1438 1836; x_wconf 65' lang='lat' dir='ltr'><strong>postremo</strong></span> <span class='ocrx_word' id='word_1_179' title='bbox 1463 1792 1596 1828; x_wconf 81' lang='lat' dir='ltr'><strong>clamor</strong></span> <span class='ocrx_word' id='word_1_180' title='bbox 1614 1793 1723 1836; x_wconf 80' lang='lat' dir='ltr'><strong>plau-</strong></span> 
     </span>
     <span class='ocr_line' id='line_1_26' title="bbox 230 1855 682 1897; baseline -0.004 -9"><span class='ocrx_word' id='word_1_181' title='bbox 230 1862 359 1897; x_wconf 70' lang='lat' dir='ltr'><strong>susque</strong></span> <span class='ocrx_word' id='word_1_182' title='bbox 386 1872 427 1877; x_wconf 85' lang='lat'>-</span> <span class='ocrx_word' id='word_1_183' title='bbox 455 1855 506 1887; x_wconf 79' lang='lat' dir='ltr'><strong>est</strong></span> <span class='ocrx_word' id='word_1_184' title='bbox 531 1855 682 1886; x_wconf 66' lang='lat' dir='ltr'><strong>emortus.</strong></span> 
     </span>
    </p>

    <p class='ocr_par' dir='ltr' id='par_1_8' title="bbox 229 1910 1721 2017">
     <span class='ocr_line' id='line_1_27' title="bbox 323 1910 1721 1956; baseline 0.003 -11"><span class='ocrx_word' id='word_1_185' title='bbox 323 1911 403 1947; x_wconf 83' lang='lat'><strong>442.</strong></span> <span class='ocrx_word' id='word_1_186' title='bbox 457 1910 690 1946; x_wconf 79' lang='lat' dir='ltr'><strong>Carminibus</strong></span> <span class='ocrx_word' id='word_1_187' title='bbox 717 1910 872 1956; x_wconf 84' lang='lat' dir='ltr'><strong>magicis</strong></span> <span class='ocrx_word' id='word_1_188' title='bbox 898 1912 1020 1946; x_wconf 86' lang='lat' dir='ltr'><strong>motus</strong></span> <span class='ocrx_word' id='word_1_189' title='bbox 1047 1910 1210 1946; x_wconf 89' lang='lat' dir='ltr'><strong>siderum</strong></span> <span class='ocrx_word' id='word_1_190' title='bbox 1235 1910 1423 1952; x_wconf 82' lang='lat' dir='ltr'><strong>tardatur;</strong></span> <span class='ocrx_word' id='word_1_191' title='bbox 1464 1910 1530 1946; x_wconf 90' lang='lat' dir='ltr'><strong>cfr.</strong></span> <span class='ocrx_word' id='word_1_192' title='bbox 1558 1910 1623 1946; x_wconf 84' lang='lat' dir='ltr'><strong>Ov.</strong></span> <span class='ocrx_word' id='word_1_193' title='bbox 1651 1922 1721 1949; x_wconf 90' lang='lat' dir='ltr'><strong>am.</strong></span> 
     </span>
     <span class='ocr_line' id='line_1_28' title="bbox 229 1969 1318 2017; baseline -0.002 -11"><span class='ocrx_word' id='word_1_194' title='bbox 229 1970 277 2017; x_wconf 88' lang='lat' dir='ltr'><strong>II,</strong></span> <span class='ocrx_word' id='word_1_195' title='bbox 306 1971 337 2011; x_wconf 87' lang='grc'><strong>1,</strong></span> <span class='ocrx_word' id='word_1_196' title='bbox 364 1971 426 2013; x_wconf 88' lang='grc'><strong>24;</strong></span> <span class='ocrx_word' id='word_1_197' title='bbox 453 1970 561 2014; x_wconf 79' lang='lat' dir='ltr'><strong>Verg.</strong></span> <span class='ocrx_word' id='word_1_198' title='bbox 587 1970 680 2006; x_wconf 90' lang='lat' dir='ltr'><strong>Aen.</strong></span> <span class='ocrx_word' id='word_1_199' title='bbox 706 1970 767 2011; x_wconf 76' lang='lat' dir='ltr'><strong>IV,</strong></span> <span class='ocrx_word' id='word_1_200' title='bbox 794 1970 884 2017; x_wconf 75' lang='lat'><strong>4893</strong></span> <span class='ocrx_word' id='word_1_201' title='bbox 918 1970 1003 2005; x_wconf 83' lang='lat' dir='ltr'><strong>Luc.</strong></span> <span class='ocrx_word' id='word_1_202' title='bbox 1030 1969 1092 2012; x_wconf 83' lang='lat' dir='ltr'><strong>VI,</strong></span> <span class='ocrx_word' id='word_1_203' title='bbox 1117 1969 1186 2004; x_wconf 88' lang='lat'><strong>461</strong></span> <span class='ocrx_word' id='word_1_204' title='bbox 1213 1981 1318 2017; x_wconf 87' lang='lat' dir='ltr'>seqq.</span> 
     </span>
    </p>

    <p class='ocr_par' dir='ltr' id='par_1_9' title="bbox 227 2029 1722 2135">
     <span class='ocr_line' id='line_1_29' title="bbox 323 2029 1722 2075; baseline -0.001 -9"><span class='ocrx_word' id='word_1_205' title='bbox 323 2031 384 2066; x_wconf 83' lang='lat' dir='ltr'><strong>avi</strong></span> <span class='ocrx_word' id='word_1_206' title='bbox 423 2034 542 2075; x_wconf 74' lang='lat' dir='ltr'><strong>stupet</strong></span> <span class='ocrx_word' id='word_1_207' title='bbox 566 2030 684 2066; x_wconf 85' lang='lat' dir='ltr'><strong>orbita</strong></span> <span class='ocrx_word' id='word_1_208' title='bbox 703 2030 808 2073; x_wconf 72' lang='lat' dir='ltr'><strong>Solis,</strong></span> <span class='ocrx_word' id='word_1_209' title='bbox 836 2029 902 2065; x_wconf 90' lang='lat' dir='ltr'><strong>cfr.</strong></span> <span class='ocrx_word' id='word_1_210' title='bbox 925 2029 990 2064; x_wconf 83' lang='lat' dir='ltr'><strong>Ov.</strong></span> <span class='ocrx_word' id='word_1_211' title='bbox 1017 2030 1105 2065; x_wconf 90' lang='lat' dir='ltr'><strong>met.</strong></span> <span class='ocrx_word' id='word_1_212' title='bbox 1124 2029 1204 2071; x_wconf 84' lang='lat' dir='ltr'><strong>VH,</strong></span> <span class='ocrx_word' id='word_1_213' title='bbox 1231 2029 1301 2064; x_wconf 81' lang='lat'><strong>208</strong></span> <span class='ocrx_word' id='word_1_214' title='bbox 1326 2040 1454 2065; x_wconf 71' lang='lat' dir='ltr'><strong>curme</strong></span> <span class='ocrx_word' id='word_1_215' title='bbox 1477 2040 1612 2075; x_wconf 78' lang='lat' dir='ltr'><strong>quoque</strong></span> <span class='ocrx_word' id='word_1_216' title='bbox 1644 2041 1722 2065; x_wconf 83' lang='lat' dir='ltr'><strong>car·</strong></span> 
     </span>
     <span class='ocr_line' id='line_1_30' title="bbox 227 2088 1722 2135; baseline -0.001 -10"><span class='ocrx_word' id='word_1_217' title='bbox 227 2090 321 2125; x_wconf 79' lang='lat' dir='ltr'><strong>mine</strong></span> <span class='ocrx_word' id='word_1_218' title='bbox 345 2094 468 2125; x_wconf 75' lang='lat' dir='ltr'><strong>nostro</strong></span> <span class='ocrx_word' id='word_1_219' title='bbox 479 2090 595 2134; x_wconf 80' lang='lat' dir='ltr'><strong>pallet</strong></span> <span class='ocrx_word' id='word_1_220' title='bbox 612 2090 688 2131; x_wconf 80' lang='lat' dir='ltr'><strong>avi;</strong></span> <span class='ocrx_word' id='word_1_221' title='bbox 715 2090 794 2125; x_wconf 88' lang='lat' dir='ltr'><strong>her.</strong></span> <span class='ocrx_word' id='word_1_222' title='bbox 816 2089 878 2134; x_wconf 78' lang='lat' dir='ltr'><strong>VI⁷</strong></span> <span class='ocrx_word' id='word_1_223' title='bbox 903 2088 950 2123; x_wconf 88' lang='lat'><strong>85</strong></span> <span class='ocrx_word' id='word_1_224' title='bbox 975 2100 1052 2135; x_wconf 91' lang='lat' dir='ltr'>seq.</span> <span class='ocrx_word' id='word_1_225' title='bbox 1085 2089 1147 2124; x_wconf 66' lang='lat' dir='ltr'><strong>itm</strong></span> <span class='ocrx_word' id='word_1_226' title='bbox 1171 2089 1399 2124; x_wconf 78' lang='lat' dir='ltr'><strong>reluctantem</strong></span> <span class='ocrx_word' id='word_1_227' title='bbox 1423 2099 1531 2124; x_wconf 72' lang='lat' dir='ltr'><strong>cursu</strong></span> <span class='ocrx_word' id='word_1_228' title='bbox 1556 2089 1722 2124; x_wconf 75' lang='lat' dir='ltr'><strong>deducere</strong></span> 
     </span>
    </p>

    <p class='ocr_par' dir='ltr' id='par_1_10' title="bbox 197 2147 1722 2493">
     <span class='ocr_line' id='line_1_31' title="bbox 227 2147 1164 2193; baseline 0 -9"><span class='ocrx_word' id='word_1_229' title='bbox 227 2149 349 2184; x_wconf 57' lang='lat' dir='ltr'><strong>limam</strong></span> <span class='ocrx_word' id='word_1_230' title='bbox 375 2149 518 2184; x_wconf 85' lang='lat' dir='ltr'><strong>Nititwr</strong></span> <span class='ocrx_word' id='word_1_231' title='bbox 542 2153 575 2184; x_wconf 86' lang='lat' dir='ltr'><strong>et</strong></span> <span class='ocrx_word' id='word_1_232' title='bbox 598 2149 751 2184; x_wconf 77' lang='lat' dir='ltr'><strong>tenebris</strong></span> <span class='ocrx_word' id='word_1_233' title='bbox 776 2148 903 2183; x_wconf 82' lang='lat' dir='ltr'><strong>abdere</strong></span> <span class='ocrx_word' id='word_1_234' title='bbox 929 2147 1024 2183; x_wconf 72' lang='lat' dir='ltr'><strong>Solis</strong></span> <span class='ocrx_word' id='word_1_235' title='bbox 1049 2159 1164 2193; x_wconf 79' lang='lat' dir='ltr'><strong>equos.</strong></span> 
     </span>
     <span class='ocr_line' id='line_1_32' title="bbox 197 2207 1722 2254; baseline 0.001 -11"><span class='ocrx_word' id='word_1_236' title='bbox 197 2208 200 2211; x_wconf 72' lang='grc'><strong><em>’</em></strong></span> <span class='ocrx_word' id='word_1_237' title='bbox 323 2208 403 2244; x_wconf 88' lang='grc'>443.</span> <span class='ocrx_word' id='word_1_238' title='bbox 453 2212 569 2244; x_wconf 87' lang='lat' dir='ltr'><strong>mutat</strong></span> <span class='ocrx_word' id='word_1_239' title='bbox 593 2219 700 2253; x_wconf 75' lang='lat' dir='ltr'><strong>ayros</strong></span> <span class='ocrx_word' id='word_1_240' title='bbox 721 2209 937 2252; x_wconf 76' lang='lat' dir='ltr'><strong>fluviumque</strong></span> <span class='ocrx_word' id='word_1_241' title='bbox 960 2209 1060 2243; x_wconf 80' lang='lat' dir='ltr'><strong>vias:</strong></span> <span class='ocrx_word' id='word_1_242' title='bbox 1106 2207 1188 2243; x_wconf 89' lang='lat' dir='ltr'><strong>Tib.</strong></span> <span class='ocrx_word' id='word_1_243' title='bbox 1213 2207 1243 2248; x_wconf 95' lang='grc' dir='ltr'><strong>Ι,</strong></span> <span class='ocrx_word' id='word_1_244' title='bbox 1270 2210 1301 2249; x_wconf 86' lang='grc'><strong>2,</strong></span> <span class='ocrx_word' id='word_1_245' title='bbox 1343 2207 1390 2243; x_wconf 90' lang='lat'><strong>43</strong></span> <span class='ocrx_word' id='word_1_246' title='bbox 1415 2219 1494 2254; x_wconf 87' lang='lat' dir='ltr'>seq.</span> <span class='ocrx_word' id='word_1_247' title='bbox 1531 2209 1624 2243; x_wconf 74' lang='lat' dir='ltr'><strong>hanc</strong></span> <span class='ocrx_word' id='word_1_248' title='bbox 1660 2218 1722 2253; x_wconf 71' lang='lat' dir='ltr'><strong>eqo</strong></span> 
     </span>
     <span class='ocr_line' id='line_1_33' title="bbox 227 2267 1720 2311; baseline -0.001 -8"><span class='ocrx_word' id='word_1_249' title='bbox 227 2268 270 2303; x_wconf 78' lang='lat' dir='ltr'><strong>de</strong></span> <span class='ocrx_word' id='word_1_250' title='bbox 293 2268 389 2303; x_wconf 81' lang='lat' dir='ltr'><strong>caelo</strong></span> <span class='ocrx_word' id='word_1_251' title='bbox 415 2267 594 2302; x_wconf 79' lang='lat' dir='ltr'><strong>ducentem</strong></span> <span class='ocrx_word' id='word_1_252' title='bbox 618 2268 737 2302; x_wconf 70' lang='lat' dir='ltr'><strong>sidera</strong></span> <span class='ocrx_word' id='word_1_253' title='bbox 763 2267 846 2308; x_wconf 82' lang='lat' dir='ltr'><strong>vidi,</strong></span> <span class='ocrx_word' id='word_1_254' title='bbox 875 2267 1059 2302; x_wconf 74' lang='lat' dir='ltr'><strong>Fluminis</strong></span> <span class='ocrx_word' id='word_1_255' title='bbox 1083 2267 1170 2302; x_wconf 78' lang='lat' dir='ltr'><strong>haee</strong></span> <span class='ocrx_word' id='word_1_256' title='bbox 1193 2267 1317 2311; x_wconf 79' lang='lat' dir='ltr'><strong>rapidi</strong></span> <span class='ocrx_word' id='word_1_257' title='bbox 1341 2268 1499 2303; x_wconf 76' lang='lat' dir='ltr'><strong>carmine</strong></span> <span class='ocrx_word' id='word_1_258' title='bbox 1522 2267 1628 2302; x_wconf 82' lang='lat' dir='ltr'><strong>vertit</strong></span> <span class='ocrx_word' id='word_1_259' title='bbox 1639 2267 1720 2309; x_wconf 57' lang='lat' dir='ltr'><strong>item</strong></span> 
     </span>
     <span class='ocr_line' id='line_1_34' title="bbox 228 2326 1720 2374; baseline 0 -11"><span class='ocrx_word' id='word_1_260' title='bbox 228 2327 293 2363; x_wconf 86' lang='lat' dir='ltr'><strong>Ov.</strong></span> <span class='ocrx_word' id='word_1_261' title='bbox 320 2328 409 2363; x_wconf 76' lang='lat' dir='ltr'><strong>met.</strong></span> <span class='ocrx_word' id='word_1_262' title='bbox 438 2327 519 2368; x_wconf 81' lang='lat' dir='ltr'>VII,</span> <span class='ocrx_word' id='word_1_263' title='bbox 548 2327 634 2371; x_wconf 80' lang='lat'><strong>1993</strong></span> <span class='ocrx_word' id='word_1_264' title='bbox 660 2328 738 2362; x_wconf 91' lang='lat' dir='ltr'><strong>her.</strong></span> <span class='ocrx_word' id='word_1_265' title='bbox 766 2327 828 2369; x_wconf 84' lang='lat' dir='ltr'><strong>VI,</strong></span> <span class='ocrx_word' id='word_1_266' title='bbox 855 2327 900 2361; x_wconf 81' lang='lat'><strong>87</strong></span> <span class='ocrx_word' id='word_1_267' title='bbox 927 2338 1021 2374; x_wconf 85' lang='lat' dir='ltr'>seq.;</span> <span class='ocrx_word' id='word_1_268' title='bbox 1050 2338 1164 2363; x_wconf 87' lang='lat' dir='ltr'><strong>amor.</strong></span> <span class='ocrx_word' id='word_1_269' title='bbox 1192 2327 1219 2368; x_wconf 92' lang='grc' dir='ltr'><strong>Ῑ,</strong></span> <span class='ocrx_word' id='word_1_270' title='bbox 1246 2326 1279 2367; x_wconf 90' lang='grc'><strong>8,</strong></span> <span class='ocrx_word' id='word_1_271' title='bbox 1307 2327 1347 2369; x_wconf 91' lang='grc'><strong>6;</strong></span> <span class='ocrx_word' id='word_1_272' title='bbox 1373 2326 1422 2367; x_wconf 93' lang='grc' dir='ltr'><strong>ΙΙ,</strong></span> <span class='ocrx_word' id='word_1_273' title='bbox 1449 2327 1480 2368; x_wconf 90' lang='grc'><strong>1,</strong></span> <span class='ocrx_word' id='word_1_274' title='bbox 1520 2326 1581 2368; x_wconf 87' lang='grc'><strong>26;</strong></span> <span class='ocrx_word' id='word_1_275' title='bbox 1623 2326 1720 2363; x_wconf 87' lang='lat' dir='ltr'><strong>med.</strong></span> 
     </span>
     <span class='ocr_line' id='line_1_35' title="bbox 227 2385 1721 2436; baseline -0.001 -14"><span class='ocrx_word' id='word_1_276' title='bbox 227 2386 298 2423; x_wconf 83' lang='lat' dir='ltr'><strong>fac.</strong></span> <span class='ocrx_word' id='word_1_277' title='bbox 323 2386 387 2432; x_wconf 76' lang='lat'><strong>403</strong></span> <span class='ocrx_word' id='word_1_278' title='bbox 425 2386 621 2436; x_wconf 45' lang='lat' dir='ltr'><strong>manvu,</strong></span> <span class='ocrx_word' id='word_1_279' title='bbox 649 2386 736 2429; x_wconf 83' lang='lat'>200;</span> <span class='ocrx_word' id='word_1_280' title='bbox 775 2386 857 2422; x_wconf 84' lang='lat' dir='ltr'>Sen.</span> <span class='ocrx_word' id='word_1_281' title='bbox 884 2386 981 2423; x_wconf 90' lang='lat' dir='ltr'><strong>Med.</strong></span> <span class='ocrx_word' id='word_1_282' title='bbox 1009 2386 1078 2421; x_wconf 84' lang='lat'><strong>762</strong></span> <span class='ocrx_word' id='word_1_283' title='bbox 1104 2397 1226 2433; x_wconf 89' lang='lat' dir='ltr'>seqq.;</span> <span class='ocrx_word' id='word_1_284' title='bbox 1261 2385 1387 2422; x_wconf 81' lang='lat' dir='ltr'><strong>Claud.</strong></span> <span class='ocrx_word' id='word_1_285' title='bbox 1413 2386 1452 2421; x_wconf 85' lang='lat' dir='ltr'><strong>in</strong></span> <span class='ocrx_word' id='word_1_286' title='bbox 1476 2385 1561 2421; x_wconf 84' lang='lat' dir='ltr'><strong>Rus.</strong></span> <span class='ocrx_word' id='word_1_287' title='bbox 1588 2385 1617 2426; x_wconf 94' lang='grc' dir='ltr'><strong>Ι,</strong></span> <span class='ocrx_word' id='word_1_288' title='bbox 1652 2385 1721 2420; x_wconf 84' lang='grc'><strong>159</strong></span> 
     </span>
     <span class='ocr_line' id='line_1_36' title="bbox 226 2445 1506 2493; baseline -0.002 -11"><span class='ocrx_word' id='word_1_289' title='bbox 226 2457 316 2493; x_wconf 86' lang='lat' dir='ltr'>seq.;</span> <span class='ocrx_word' id='word_1_290' title='bbox 344 2445 540 2481; x_wconf 84' lang='lat' dir='ltr'><strong>fluviorum</strong></span> <span class='ocrx_word' id='word_1_291' title='bbox 565 2445 633 2480; x_wconf 82' lang='lat' dir='ltr'><strong>viis</strong></span> <span class='ocrx_word' id='word_1_292' title='bbox 659 2446 813 2480; x_wconf 86' lang='lat' dir='ltr'><strong>mutatis</strong></span> <span class='ocrx_word' id='word_1_293' title='bbox 841 2446 956 2481; x_wconf 88' lang='lat' dir='ltr'><strong>etiam</strong></span> <span class='ocrx_word' id='word_1_294' title='bbox 982 2445 1103 2481; x_wconf 86' lang='lat' dir='ltr'><strong>forma</strong></span> <span class='ocrx_word' id='word_1_295' title='bbox 1130 2456 1305 2491; x_wconf 87' lang='lat' dir='ltr'><strong>agrorum</strong></span> <span class='ocrx_word' id='word_1_296' title='bbox 1329 2446 1506 2480; x_wconf 71' lang='lat' dir='ltr'><strong>mutatur.</strong></span> 
     </span>
    </p>

    <p class='ocr_par' dir='ltr' id='par_1_11' title="bbox 320 2504 1097 2551">
     <span class='ocr_line' id='line_1_37' title="bbox 320 2504 1097 2551; baseline -0.003 -10"><span class='ocrx_word' id='word_1_297' title='bbox 320 2505 397 2551; x_wconf 75' lang='lat' dir='ltr'><strong>iym·</strong></span> <span class='ocrx_word' id='word_1_298' title='bbox 415 2505 484 2540; x_wconf 79' lang='lat' dir='ltr'><strong>vel</strong></span> <span class='ocrx_word' id='word_1_299' title='bbox 507 2505 602 2550; x_wconf 73' lang='lat' dir='ltr'><strong>iynis</strong></span> <span class='ocrx_word' id='word_1_300' title='bbox 627 2505 744 2545; x_wconf 77' lang='lat' dir='ltr'><strong>codd,</strong></span> <span class='ocrx_word' id='word_1_301' title='bbox 771 2506 896 2550; x_wconf 62' lang='lat' dir='ltr'><strong>ingens</strong></span> <span class='ocrx_word' id='word_1_302' title='bbox 922 2505 978 2540; x_wconf 91' lang='lat' dir='ltr'><strong>ed.</strong></span> <span class='ocrx_word' id='word_1_303' title='bbox 1009 2504 1097 2540; x_wconf 87' lang='lat' dir='ltr'><strong>Bon.</strong></span> 
     </span>
    </p>

    <p class='ocr_par' dir='ltr' id='par_1_12' title="bbox 226 2562 1721 2729">
     <span class='ocr_line' id='line_1_38' title="bbox 323 2562 1721 2608; baseline -0.001 -9"><span class='ocrx_word' id='word_1_304' title='bbox 323 2564 403 2600; x_wconf 88' lang='grc'>444.</span> <span class='ocrx_word' id='word_1_305' title='bbox 453 2564 575 2600; x_wconf 85' lang='lat' dir='ltr'><strong>recolit</strong></span> <span class='ocrx_word' id='word_1_306' title='bbox 591 2563 685 2604; x_wconf 63' lang='lat' dir='ltr'><strong>cdd„</strong></span> <span class='ocrx_word' id='word_1_307' title='bbox 710 2565 865 2608; x_wconf 81' lang='lat' dir='ltr'><strong>recoquit</strong></span> <span class='ocrx_word' id='word_1_308' title='bbox 884 2563 1108 2606; x_wconf 81' lang='lat' dir='ltr'><strong>Gronovius3</strong></span> <span class='ocrx_word' id='word_1_309' title='bbox 1136 2563 1183 2599; x_wconf 91' lang='lat' dir='ltr'><strong>de</strong></span> <span class='ocrx_word' id='word_1_310' title='bbox 1200 2563 1345 2599; x_wconf 90' lang='lat' dir='ltr'>Aesone</span> <span class='ocrx_word' id='word_1_311' title='bbox 1363 2564 1511 2598; x_wconf 88' lang='lat' dir='ltr'><strong>recocto</strong></span> <span class='ocrx_word' id='word_1_312' title='bbox 1530 2562 1721 2599; x_wconf 85' lang='lat' dir='ltr'><strong>Valerium</strong></span> 
     </span>
     <span class='ocr_line' id='line_1_39' title="bbox 227 2621 1720 2669; baseline -0.002 -9"><span class='ocrx_word' id='word_1_313' title='bbox 227 2623 395 2669; x_wconf 81' lang='lat' dir='ltr'><strong>cogitare</strong></span> <span class='ocrx_word' id='word_1_314' title='bbox 422 2624 595 2669; x_wconf 82' lang='lat' dir='ltr'><strong>apertum</strong></span> <span class='ocrx_word' id='word_1_315' title='bbox 621 2623 678 2658; x_wconf 91' lang='lat' dir='ltr'><strong>est</strong></span> <span class='ocrx_word' id='word_1_316' title='bbox 703 2634 792 2658; x_wconf 87' lang='lat' dir='ltr'><strong>sane</strong></span> <span class='ocrx_word' id='word_1_317' title='bbox 818 2634 890 2658; x_wconf 92' lang='lat' dir='ltr'><strong>non</strong></span> <span class='ocrx_word' id='word_1_318' title='bbox 917 2622 988 2657; x_wconf 90' lang='lat' dir='ltr'><strong>sibi</strong></span> <span class='ocrx_word' id='word_1_319' title='bbox 1013 2623 1256 2668; x_wconf 73' lang='lat' dir='ltr'><strong>constantem,</strong></span> <span class='ocrx_word' id='word_1_320' title='bbox 1283 2633 1366 2657; x_wconf 88' lang='lat' dir='ltr'><strong>cum</strong></span> <span class='ocrx_word' id='word_1_321' title='bbox 1382 2621 1422 2657; x_wconf 92' lang='lat' dir='ltr'><strong>in</strong></span> <span class='ocrx_word' id='word_1_322' title='bbox 1440 2623 1606 2658; x_wconf 86' lang='lat' dir='ltr'><strong>extremo</strong></span> <span class='ocrx_word' id='word_1_323' title='bbox 1623 2622 1720 2658; x_wconf 90' lang='lat' dir='ltr'><strong>libro</strong></span> 
     </span>
     <span class='ocr_line' id='line_1_40' title="bbox 226 2681 1717 2729; baseline -0.002 -10"><span class='ocrx_word' id='word_1_324' title='bbox 226 2683 347 2729; x_wconf 89' lang='lat' dir='ltr'><strong>primo</strong></span> <span class='ocrx_word' id='word_1_325' title='bbox 375 2685 558 2719; x_wconf 88' lang='lat' dir='ltr'><strong>Aesonem</strong></span> <span class='ocrx_word' id='word_1_326' title='bbox 584 2693 606 2717; x_wconf 89' lang='lat' dir='ltr'><strong>a</strong></span> <span class='ocrx_word' id='word_1_327' title='bbox 630 2681 735 2717; x_wconf 86' lang='lat' dir='ltr'><strong>Pelia</strong></span> <span class='ocrx_word' id='word_1_328' title='bbox 774 2682 823 2716; x_wconf 90' lang='lat' dir='ltr'><strong>ad</strong></span> <span class='ocrx_word' id='word_1_329' title='bbox 859 2683 1019 2717; x_wconf 90' lang='lat' dir='ltr'><strong>mortem</strong></span> <span class='ocrx_word' id='word_1_330' title='bbox 1057 2682 1234 2717; x_wconf 87' lang='lat' dir='ltr'><strong>adactum</strong></span> <span class='ocrx_word' id='word_1_331' title='bbox 1275 2692 1354 2717; x_wconf 87' lang='lat' dir='ltr'>esse</span> <span class='ocrx_word' id='word_1_332' title='bbox 1392 2681 1612 2723; x_wconf 84' lang='lat' dir='ltr'><strong>narraverit,</strong></span> <span class='ocrx_word' id='word_1_333' title='bbox 1651 2681 1717 2717; x_wconf 89' lang='lat' dir='ltr'><strong>cfr.</strong></span> 
     </span>
    </p>
   </div>
   <div class='ocr_carea' id='block_1_5' title="bbox 228 2742 438 2784">
    <p class='ocr_par' dir='ltr' id='par_1_13' title="bbox 228 2742 438 2784">
     <span class='ocr_line' id='line_1_41' title="bbox 228 2742 438 2784; baseline 0 -6"><span class='ocrx_word' id='word_1_334' title='bbox 228 2742 277 2778; x_wconf 83' lang='lat' dir='ltr'><strong>ad</strong></span> <span class='ocrx_word' id='word_1_335' title='bbox 301 2742 330 2784; x_wconf 93' lang='grc' dir='ltr'><strong>Ι,</strong></span> <span class='ocrx_word' id='word_1_336' title='bbox 357 2742 438 2778; x_wconf 87' lang='lat'>814.</span> 
     </span>
    </p>
   </div>
   <div class='ocr_carea' id='block_1_6' title="bbox 1802 1553 1890 3100">
    <p class='ocr_par' dir='ltr' id='par_1_14' title="bbox 1802 1553 1890 3100">
     <span class='ocr_line' id='line_1_42' title="bbox 1802 1553 1890 3100; baseline 0 0"><span class='ocrx_word' id='word_1_337' title='bbox 1802 1553 1890 3100; x_wconf 95' lang='lat' dir='ltr'><strong> </strong></span> 
     </span>
    </p>
   </div>
  </div>
 </body>
</html>
