1890 3100
277 278 364 321 278
805 275 840 311 O.
869 276 1049 312 VALERI
1074 277 1249 313 FLACCI

387 409 528 447 corpus
557 396 682 434 hebet
711 409 849 435 somno
878 397 1100 449 refugaque
1131 396 1307 436 eluditur
1335 398 1486 436 umbra.

383 467 469 498 tum
497 461 682 508 lacrimis,
711 467 795 500 tum
822 476 922 501 voce
953 463 1078 515 sequi,
1109 469 1192 501 tum
1221 477 1406 514 rumpere
1436 468 1620 515 questus,

387 540 477 565 cum
507 539 625 578 sopor
654 532 695 565 et
722 540 827 565 vano
858 540 950 579 spes
980 533 1135 566 maesta
1164 527 1379 566 resolvitur
1408 534 1511 567 actu.

385 591 530 629 fluctus
561 591 609 629 ab
639 591 826 630 undisoni
855 605 930 630 ceu
958 593 1062 630 forte
1093 592 1296 645 crepidine
1327 594 1413 632 saxi

386 671 476 695 cum
504 657 607 708 rapit
643 657 864 708 halcyones
894 658 1064 696 miserae
1094 658 1301 711 fetumque
1329 658 1549 711 laremque,

386 722 417 759 it
446 735 566 774 super
596 735 718 774 aegra
746 736 891 774 parens
922 723 1184 776 queriturque
1213 724 1460 762 tumentibus
1489 723 1606 762 undis

387 793 499 826 certa
528 789 653 840 sequi,
685 802 938 840 quocumque
967 789 1112 836 ferant,
1144 788 1347 841 audetque
1376 795 1591 842 pavetque,

389 854 469 891 icta
497 853 645 892 fatiscit
674 854 787 905 aquis
818 852 947 892 donec
977 853 1118 892 domus
1149 854 1373 907 haustaque
1403 854 1525 893 fluctu
1555 861 1633 904 est3

387 918 458 957 illa
486 918 626 957 dolens
655 931 798 956 vocem
827 917 1007 956 dedit-et
1037 932 1079 957 se
1110 919 1272 957 sustulit
1302 919 1400 958 alis:

375 1031 432 1066 42.
483 1041 644 1075 rumpere
668 1034 854 1075 quaestum
893 1030 968 1066 vid.
996 1030 1044 1066 ad
1069 1030 1096 1071 Ι,
1126 1030 1204 1066 508.

375 1090 433 1125 43.
483 1090 587 1125 Vano
614 1090 702 1124 actu
727 1101 773 1125 ex
799 1101 928 1125 somno
946 1089 1126 1125 Hercules
1145 1090 1331 1126 excitatur
1349 1092 1388 1126 et
1405 1102 1489 1126 cum
1505 1103 1634 1127 somno
1661 1091 1777 1127 etiam

284 1160 369 1195 spes
395 1149 514 1194 Hylae
541 1149 796 1194 amplectendi
822 1149 1024 1184 evanescit.

379 1209 436 1247 44.
486 1208 591 1244 Hane
616 1208 786 1244 Herculis
828 1220 911 1244 cum
937 1208 1119 1254 halcyone
1158 1209 1477 1254 comparationem
1513 1209 1682 1245 imitatus
1721 1211 1779 1245 est

285 1268 380 1304 Stat.
398 1268 516 1305 Theb.
542 1268 605 1309 IX,
633 1268 703 1303 360
728 1279 841 1314 seqq..
878 1268 943 1303 sed
981 1268 1148 1303 vividum
1180 1268 1441 1314 descriptionis
1468 1268 1691 1305 Valerianae
1719 1280 1778 1304 co-

282 1328 401 1363 lorem
425 1339 500 1363 non
526 1329 734 1374 assecutus3
761 1327 825 1364 cfr.
847 1328 962 1363 etiam
992 1326 1075 1362 Seu.
1095 1330 1226 1372 Agam.
1257 1327 1327 1363 680
1352 1339 1471 1373 seqq.;
1506 1340 1595 1364 sane
1612 1328 1780 1374 neglexit

282 1388 398 1433 poeta
422 1386 604 1422 traditam
630 1387 677 1423 de
703 1387 834 1422 diebus
860 1386 1065 1432 halcyoniis
1091 1387 1359 1430 narrationem,
1399 1386 1467 1423 cfr.
1493 1387 1590 1433 Hyg.
1615 1387 1690 1424 fab.
1716 1387 1778 1430 65;

285 1446 386 1482 Serv.
408 1446 457 1482 ad
475 1449 585 1492 Verg.
604 1458 733 1492 georg.
752 1446 778 1488 Ι,
806 1446 892 1488 399;
911 1447 1029 1491 myth.
1048 1447 1133 1483 Vat.
1152 1445 1179 1487 Ι,
1199 1446 1237 1488 9;
1258 1447 1322 1489 al.;
1349 1447 1460 1483 Prell.
1481 1458 1606 1492 graec.
1623 1447 1779 1493 mythol.

286 1505 351 1550 11³,
377 1505 458 1541 249.

380 1565 437 1600 46.
486 1566 516 1600 it
539 1576 648 1610 super
683 1565 706 1600 i.
748 1577 778 1601 e.
816 1565 1034 1610 supervolat
1071 1576 1120 1600 sc.
1160 1565 1294 1600 fluctus
1334 1565 1536 1610 nidumque
1563 1565 1779 1611 abreptum;

286 1636 372 1660 raro
399 1624 514 1660 etiam
539 1625 640 1670 apud
666 1625 757 1660 alios
781 1628 914 1670 poetas
940 1624 1053 1661 eundi
1078 1625 1236 1660 verbum
1260 1636 1329 1670 pro
1363 1624 1517 1660 volandi
1540 1625 1704 1670 positum
1728 1625 1780 1660 le-

287 1684 425 1730 gimus:
454 1684 519 1720 Ov.
547 1684 637 1719 artis
663 1683 711 1726 II,
739 1684 783 1719 37
821 1688 934 1720 restat
973 1685 1042 1719 iter
1065 1684 1170 1725 caelo,
1210 1683 1329 1730 inquit
1360 1684 1560 1725 Daedalus,
1587 1685 1681 1720 caelo
1706 1688 1780 1719 ten-

286 1743 441 1779 tabimus
465 1745 527 1788 ire,
555 1745 593 1779 et
619 1744 665 1779 de
692 1743 826 1780 eadem
851 1755 892 1779 re
918 1755 951 1779 v.
978 1743 1024 1778 60
1050 1744 1228 1779 aetherias
1251 1764 1299 1769 —
1317 1754 1387 1788 per
1412 1755 1523 1778 auras
1547 1743 1695 1786 ibimu8;
1734 1743 1781 1779 de

288 1803 430 1848 sagitta
467 1803 519 1838 sic
556 1803 692 1838 dicitur
728 1804 817 1839 met.
855 1802 956 1842 vm,
984 1802 1069 1845 695;
1109 1802 1152 1845 Χ,
1179 1803 1266 1845 588;
1310 1802 1356 1839 de
1382 1802 1566 1838 Mercurio
1599 1814 1668 1848 per
1693 1814 1782 1838 aera

287 1862 440 1898 volante
465 1862 527 1899 Sil.
553 1862 649 1905 XVI,
676 1862 761 1904 501;
787 1873 895 1907 ,super
921 1863 1045 1898 autem
1070 1862 1301 1908 praepositio
1329 1873 1351 1897 a
1376 1862 1492 1898 verbo
1519 1862 1720 1903 divellitur,
1740 1863 1783 1897 ut

288 1922 368 1958 vice
394 1921 564 1958 adverbii
597 1921 787 1967 fungatur,
827 1921 893 1958 cfr.
917 1921 1010 1967 Nep.
1038 1921 1115 1963 VH,
1155 1921 1186 1961 8,
1227 1922 1246 1956 1
1287 1922 1564 1957 Atheniensibus·
1598 1922 1782 1957 exhaustis

284 1985 430 2025 praeter
455 1993 556 2016 arma
582 1985 614 2016 et
637 1982 741 2017 navis
765 1982 858 2018 nihil
873 1986 950 2016 erat
973 1992 1098 2026 super-3
1126 1982 1237 2026 Verg.
1258 1981 1324 2017 ecl.
1344 1982 1386 2021 V,
1414 1981 1436 2015 6
1461 1991 1570 2025 super
1586 1981 1651 2016 tibi
1667 1985 1782 2037 erunt,

289 2042 351 2086 qui
368 2041 481 2076 dicere
497 2041 630 2086 laudes,
662 2041 762 2082 Vare,
782 2045 865 2076 tuas
890 2043 1062 2086 cupiunt,·
1081 2040 1184 2076 Caes.
1204 2041 1250 2076 de
1265 2040 1365 2076 bello
1384 2040 1453 2075 civ.
1470 2039 1514 2082 H,
1543 2039 1589 2075 10
1613 2051 1651 2075 eo
1675 2051 1784 2085 super

290 2102 393 2146 tiyna
418 2101 598 2145 bipedalia
622 2101 785 2136 iniciunt.
837 2100 1070 2146 Quamquam
1107 2100 1196 2136 licet
1235 2100 1349 2136 etiam
1385 2099 1702 2145 praepositionem
1727 2099 1782 2134 in-

290 2159 484 2205 tellegere,
511 2161 554 2194 ut
580 2160 839 2206 coniungenda
864 2160 913 2195 sit
939 2172 1022 2195 cum
1047 2160 1262 2195 tumentibus
1298 2159 1417 2204 undis,
1455 2170 1577 2204 neque
1613 2158 1654 2194 id
1690 2158 1782 2194 satis

292 2220 445 2260 certum,
490 2219 520 2254 si
563 2219 786 2255 adverbium
825 2231 904 2256 esse
943 2219 1153 2260 statuimus,
1194 2220 1322 2254 utrum
1359 2219 1573 2254 tumentibus
1598 2218 1706 2253 :mdis
1732 2217 1780 2252 sit

292 2277 449 2319 dativus,
479 2279 575 2324 quod
599 2280 711 2324 putat
736 2279 937 2320 Burmann,
965 2290 1014 2314 an
1041 2278 1240 2314 ablativus.

386 2337 445 2372 48.
495 2338 567 2373 ieta
602 2338 740 2380 fatiscit
777 2340 894 2383 aquis:
936 2338 1002 2374 Ov.
1035 2338 1131 2373 trist.
1170 2337 1199 2383 Ι,
1228 2337 1281 2378 10,
1316 2337 1349 2372 8.
1400 2337 1508 2373 donec
1542 2335 1782 2382 postponitur

291 2396 405 2433 tertio
430 2397 629 2439 vocabulo,
656 2398 775 2443 primo
802 2397 829 2439 Ι,
857 2398 942 2443 591;
968 2398 1014 2439 II,
1041 2398 1130 2439 473;
1158 2397 1220 2439 IV,
1247 2397 1333 2439 403;
1360 2395 1461 2438 VIII,
1488 2395 1574 2442 2923
1601 2394 1686 2442 383;
1714 2395 1781 2431 cfr.

293 2456 340 2492 de
366 2457 448 2491 dum
474 2456 742 2492 coniunctionis
768 2457 1014 2493 collocatione
1040 2457 1086 2499 II,
1114 2457 1177 2504 32;
1203 2456 1284 2498 VII,
1312 2456 1368 2491 76.

387 2515 444 2550 49.
494 2526 609 2551 vocem
634 2516 720 2551 dare
753 2516 939 2561 significat
978 2517 1140 2552 clamare
1178 2516 1240 2552 vel
1273 2514 1384 2559 loqui,
1411 2515 1454 2549 ut
1477 2513 1559 2556 VII,
1586 2514 1673 2556 373;
1699 2514 1780 2550 412.

295 2574 354 2610 Sic
379 2575 567 2620 permulta
592 2575 828 2611 substantiva
863 2575 902 2611 in
939 2577 1152 2612 accusativo
1184 2575 1307 2622 posita
1343 2576 1381 2610 et
1412 2585 1496 2608 cum
1527 2573 1642 2608 dandi
1666 2573 1782 2609 verbo

295 2635 493 2671 coniuncta
509 2634 688 2680 imprimis
707 2636 807 2681 apud
823 2635 1030 2681 Vergilium
1048 2637 1086 2671 et
1104 2635 1286 2676 Ovidium,
1305 2633 1493 2669 rarissime
1519 2633 1620 2678 apud
1634 2633 1778 2678 'lyricos

293 2695 425 2740 poetas
451 2694 657 2740 simplicem
684 2695 787 2730 verbi
818 2695 1009 2731 notionem
1041 2694 1210 2731 efficiunt
1239 2693 1532 2729 intransitivam:
1567 2693 1662 2728 haec
1693 2692 1779 2727 sub-

296 2753 462 2788 stantiva
479 2753 697 2799 plerumque
714 2755 858 2791 habent
882 2755 1073 2790 notionem
1098 2754 1195 2789 soni
1221 2753 1374 2788 alicuius
1401 2754 1466 2788 aut
1478 2763 1544 2788 mo
1554 2753 1653 2787 tum
1669 2750 1781 2796 signi-
