1890 3100
0 2923 34 3100 Ε-’ῈὼπὲῗτΨΝ-έθ·
0 2826 26 2911 ςψώνᾷ
2 2747 26 2815 ε’,ῗὶνῖ
12 2732 14 2737 “
6 2702 10 2703 ’
0 2655 18 2675 '⁵4
0 2604 10 2629 μὴ
0 2559 6 2591 *A
6 2537 10 2543 ”

625 202 1015 240 ARGONAVTICON
1039 201 1186 237 LIBER
1210 201 1313 237 Vm
1619 201 1705 246 543

326 329 619 376 ventorumque
648 323 796 361 domos.
851 322 1058 361 volucrum
1087 334 1187 373 gens
1214 319 1374 359 turbida
1400 320 1568 359 fratrum

329 389 510 440 erumpit,
540 389 711 427 classem
740 387 882 426 dextra
910 387 1098 426 Saturnia
1124 391 1331 425 monstrat.

329 453 480 502 videre,
509 455 630 506 inque
658 467 781 492 unum
808 453 958 504 pariter
983 465 1093 490 mare
1121 451 1302 503 protinus
1331 463 1470 489 omnes

328 519 476 558 infesto
506 518 678 557 clamore
705 523 826 556 ruunt
851 517 1091 568 inimicaque
1121 515 1284 554 Colchis

329 597 505 637 aequora
533 589 574 623 et
602 583 792 622 adversos
822 587 1001 620 statuunt
1028 594 1054 618 a
1078 580 1196 618 litore
1223 580 1380 618 fluctus.

382 649 556 687 Tollitur
583 653 703 700 atque
730 647 835 685 inter
863 645 1037 685 Colchos
1064 645 1284 697 Argoaque
1314 644 1408 683 vela

329 714 474 765 Styrus
502 713 602 761 abit3
635 717 751 750 vasto
778 725 914 750 rursus
944 709 1092 749 desidit
1118 710 1230 748 hiatu

329 779 497 831 abrupta
523 777 728 816 revolutus
758 789 872 828 aqua.
927 777 1087 828 iamque
1117 775 1243 813 omnis
1271 775 1314 813 in
1342 780 1450 813 astra

326 844 436 896 itque
463 842 646 895 reditque
674 842 782 889 ratis,
810 841 1007 893 lapsoque
1034 840 1240 892 reciproca
1266 839 1389 878 fluctu

326 907 544 947 descendit.
600 913 714 945 vorat
740 907 814 945 hos
842 912 996 954 vertex,
1030 906 1104 944 hos
1134 905 1292 957 agmine
1320 910 1405 943 toto

226 1057 361 1093 Peneia
383 1057 479 1092 saltu
501 1059 629 1101 stagna
653 1055 757 1096 subit,
784 1065 878 1099 quae
900 1053 1071 1099 exempla
1089 1064 1179 1088 sane
1197 1064 1272 1088 non
1288 1064 1439 1099 prorsus
1457 1053 1590 1089 similia
1607 1054 1705 1095 sunt;

192 1145 194 1147 .
221 1115 286 1152 cfr.
312 1114 492 1161 imprimis
519 1114 585 1150 Ov.
611 1115 699 1149 met.
725 1112 791 1154 XI,
817 1113 861 1147 61
887 1113 1014 1147 umbra
1036 1112 1133 1147 subit
1156 1116 1273 1147 terras
1295 1112 1319 1147 i.
1347 1123 1378 1148 e.
1410 1112 1490 1148 sub
1516 1113 1639 1148 terras
1663 1112 1704 1149 it.

218 1175 345 1211 Habet
368 1173 483 1219 igitur
507 1173 610 1209 locus
635 1172 854 1208 Valerianus
879 1171 1067 1217 singulare
1094 1170 1243 1216 aliquid,
1271 1182 1354 1206 cum
1385 1171 1479 1207 Iuno
1510 1183 1586 1208 non
1610 1184 1628 1207 s
1644 1172 1706 1207 ub

219 1235 341 1270 terras
367 1234 441 1270 eat.

317 1304 398 1340 328.
447 1305 545 1339 intra
569 1303 698 1338 minias
724 1301 815 1344 Vat.⁷
843 1303 935 1338 inter
962 1301 1108 1337 Colchos
1132 1312 1213 1346 ego.

314 1375 395 1411 329.
443 1376 548 1411 haba
570 1374 662 1416 Vat„
690 1374 764 1409 abit
788 1373 845 1409 ed.
863 1373 955 1408 Bon.
987 1374 1026 1408 et
1044 1372 1146 1415 Ald.;
1173 1373 1276 1408 locus
1302 1373 1504 1408 admodum
1529 1373 1702 1409 difficilis.

220 1435 311 1470 Sine
336 1434 449 1470 dubio
474 1434 688 1479 corruptum
725 1433 792 1473 est,
830 1432 930 1479 quod
954 1432 993 1466 in
1017 1431 1102 1467 Vat.
1127 1432 1293 1467 traditur
1322 1433 1436 1475 habet,
1475 1433 1543 1468 sed
1579 1444 1626 1469 ne
1664 1433 1705 1468 id

221 1493 382 1541 quidem,
422 1493 519 1539 quod
557 1492 690 1538 editur,
728 1494 793 1527 aut
833 1492 908 1527 abit
932 1493 998 1526 aut
1023 1492 1096 1527 obit
1121 1493 1187 1526 aut
1218 1492 1328 1533 adest,
1355 1491 1446 1528 ferri
1474 1503 1585 1538 posse
1608 1494 1703 1538 puto

221 1552 406 1599 scriptura
420 1551 591 1587 Vaticani
603 1552 702 1587 intra
715 1551 864 1597 Minyas
878 1551 1038 1596 (minias)
1051 1551 1090 1585 in
1103 1562 1212 1586 versu
1226 1550 1296 1586 328
1310 1552 1461 1587 servata
1475 1567 1483 1589 :
1501 1551 1591 1598 quid
1604 1552 1704 1588 enim

222 1611 409 1657 significat
433 1611 572 1646 Stirum
598 1610 732 1646 abiisse
757 1610 893 1646 obiisse
909 1610 1040 1646 adesse
1058 1610 1185 1645 intra
1206 1610 1352 1655 Minyas
1370 1612 1409 1646 et
1433 1622 1569 1647 navem
1584 1611 1703 1656 Argo-

217 1672 439 1706 nautarum?
475 1670 633 1706 Accedit
663 1670 761 1715 quod
785 1681 858 1706 non
884 1670 933 1704 ad
956 1671 1132 1705 terram
1157 1669 1274 1705 fluctu
1291 1669 1420 1711 fertur,
1448 1682 1532 1706 cum
1548 1671 1702 1706 fluctum

218 1730 461 1766 adversum
487 1729 629 1765 Colchis
655 1741 677 1765 a
700 1729 809 1765 litore
846 1729 962 1764 statui
995 1741 1031 1764 v.
1056 1729 1125 1764 327
1150 1731 1266 1775 poeta
1290 1730 1436 1766 dixerit.
1499 1730 1606 1773 Quod
1631 1742 1701 1777 ego

216 1788 358 1835 scripsi,
375 1800 450 1825 non
466 1800 534 1834 pro
550 1790 655 1824 certa
667 1788 881 1824 coniectura
895 1789 1092 1824 venditare
1108 1789 1232 1834 velim,
1251 1789 1318 1824 sed
1334 1789 1474 1826 leniore
1492 1790 1702 1826 mutatione

216 1859 348 1884 sanam
371 1848 597 1884 sententiam
620 1848 819 1884 restituere
843 1859 918 1883 non
942 1847 1057 1893 potui,
1120 1847 1209 1883 Stin·
1233 1848 1339 1883 navis
1365 1848 1480 1883 fluctu
1505 1851 1702 1894 separatur

219 1918 242 1943 a
265 1907 374 1943 sociis
400 1909 439 1943 et
461 1908 561 1944 inter
584 1908 887 1953 Argonautarum
910 1919 1045 1944 navem
1071 1910 1110 1944 et
1130 1908 1350 1944 Colchorum
1376 1908 1534 1944 classem
1558 1921 1702 1945 summa

213 1966 316 2002 unda
350 1966 390 2001 in
427 1966 545 2002 altum
584 1967 747 2002 tollitur:
799 1967 845 2003 de
884 1967 1035 2003 notione
1061 1967 1224 2003 abeundi
1250 1967 1355 2004 verbi
1384 1967 1452 2004 cfr.
1477 1968 1592 2014 ipsius
1617 1969 1697 2004 Val.

213 2024 267 2060 IV
268 2053 277 2071 ‚
303 2024 373 2060 203
411 2037 581 2072 quaeque
617 2025 671 2061 ibi
708 2026 822 2061 allata
858 2027 945 2061 sunt
971 2026 1158 2072 exempla;
1197 2026 1250 2062 eis
1288 2026 1386 2062 adde
1410 2026 1538 2073 Pomp.
1577 2027 1700 2064 Melae

214 2084 260 2126 Π,
286 2084 319 2126 2,
345 2085 406 2127 11;
444 2084 512 2126 111,
539 2086 570 2127 1,
597 2085 629 2120 6.

311 2154 432 2190 Stims
457 2155 576 2191 dictus
600 2167 668 2201 pro
697 2156 785 2191 navi
798 2184 807 2198 ‚
841 2167 935 2201 quae
967 2156 1144 2191 fluctibus*
1165 2157 1329 2203 tollitur,
1364 2157 1430 2193 cfr.
1459 2158 1509 2193 ad
1533 2157 1581 2199 11,
1614 2158 1696 2195 581.

308 2225 388 2260 330.
437 2225 543 2261 Inter
573 2226 774 2272 abruptam
804 2237 939 2272 aquam
970 2227 1094 2262 hiatus
1120 2227 1275 2263 exsistit:
1313 2227 1414 2264 idem
1446 2229 1503 2264 est
1541 2240 1585 2264 ac
1608 2228 1699 2265 Ver·

215 2283 396 2330 gilianum
420 2285 477 2320 his
499 2284 599 2320 unda
623 2285 801 2321 dehiscens
825 2290 954 2321 terram
979 2287 1073 2322 inter
1093 2287 1223 2329 fluctus
1247 2288 1366 2332 aperit
1390 2290 1482 2324 Aen.
1513 2287 1543 2330 1,
1571 2288 1649 2323 106.

306 2355 420 2391 omnis
455 2356 495 2391 in
530 2359 631 2391 astra
655 2376 697 2382 —
723 2357 819 2402 itque
853 2357 1010 2402 reditque
1046 2358 1138 2393 rati-s
1174 2357 1197 2393 i.
1226 2369 1260 2394 e.
1298 2369 1426 2395 omnes
1463 2360 1576 2401 rates,
1613 2360 1698 2395 tota

214 2413 361 2457 classis;
412 2416 579 2450 ceterum
603 2414 744 2450 usitata
778 2415 901 2461 poetis
926 2416 1131 2461 hyperbole
1169 2416 1319 2463 dictum,
1344 2418 1388 2452 ut
1411 2417 1521 2463 Verg.
1547 2419 1639 2454 Aen.
1665 2418 1694 2460 Ι,

213 2472 304 2516 103;
338 2473 407 2515 ΙΠ,
433 2473 519 2519 564;
552 2473 620 2508 567
646 2473 692 2508 al.
719 2475 814 2518 itque
836 2474 1011 2520 reditque:
1037 2475 1108 2510 hac
1132 2475 1321 2512 locutione
1346 2477 1512 2518 solemni,
1549 2477 1596 2512 de
1622 2488 1696 2522 qua

210 2531 286 2568 vid.
312 2531 360 2567 ad
384 2531 412 2574 Ι,
432 2531 511 2574 725,
536 2543 611 2567 non
636 2532 726 2568 satis
742 2533 840 2569 bene
857 2533 927 2569 hoc
946 2534 1028 2570 loco
1045 2534 1163 2569 utitur
1179 2536 1302 2580 poeta,
1318 2547 1401 2571 cum
1419 2547 1554 2572 navem
1570 2536 1693 2572 redire

209 2591 389 2637 tanquam
413 2602 550 2626 novum
573 2591 698 2627 verbis
723 2603 817 2638 quae
842 2595 1048 2640 sequuntur
1072 2596 1258 2630 narretur.

304 2661 385 2697 332.
435 2661 631 2698 Sententia
656 2664 805 2708 aperta:
844 2674 932 2709 pars
970 2664 1121 2700 navium
1157 2665 1196 2700 in
1235 2665 1353 2701 altum
1390 2666 1535 2702 tollitur
1561 2666 1693 2702 eodem
