1890 3100
145 396 185 414 κ’)

262 229 319 271 34
790 230 826 266 c,
851 230 1033 266 VALERI
1060 232 1234 268 FLACCI
1364 280 1374 289 ἰ

278 399 298 418 m
368 346 441 385 hos
472 348 678 387 stimulant
705 363 934 402 magnaque
962 356 1089 389 ratem
1116 347 1198 403 perv
1215 336 1342 405 lustra
1370 353 1538 406 viasque

228 420 267 432 '³
290 431 293 433 ·
367 412 443 450 visi
471 412 591 452 laude
622 420 770 455 canunt
797 415 1020 469 manifesto⁹
1037 416 1078 454 in
1105 416 1255 455 lumine
1284 418 1413 456 Fauni
1752 436 1807 466 105

371 477 642 530 silvarumque
672 478 773 517 deae
803 486 924 531 atque
955 480 1069 519 elatis
1105 481 1289 520 cornibus
1318 483 1482 521 Amnes.

476 543 663 582 Protinus
692 544 866 582 Inachiis
896 545 999 583 ultro
1028 546 1262 598 Tirynthius
1291 548 1412 598 Argis
1484 538 1638 579 CVM-5¹
1656 562 1669 575 ‘-

369 607 542 655 advolat,
571 608 746 647 Arcadio
776 610 888 647 cuius
917 610 1116 649 flammata
1148 625 1305 650 veneno

369 672 452 710 tela
478 686 580 724 puer
607 673 828 726 facilesque
858 676 1005 714 umeris
1034 675 1302 727 gaudentibus
1332 691 1447 716 arcus

402 784 480 820 104.
534 784 625 820 Cum
650 797 725 821 non
750 786 952 822 multitudo
972 787 1132 822 militum
1157 789 1334 834 totusque
1352 789 1536 826 exercitus
1562 791 1678 827 etiam
1703 803 1750 827 ex

259 843 471 888 agrestibus
498 845 713 880 contractus
732 845 962 890 expeditioni
978 846 1138 892 intersit,
1165 848 1231 883 sed
1247 847 1286 882 in
1302 860 1378 884 una
1394 849 1482 884 navi
1497 849 1588 885 lecti
1604 851 1750 893 heroes,

257 913 365 947 reges
390 902 529 948 filiique
547 914 688 949 regum,
716 904 776 939 hic
793 916 921 940 versus
939 917 1014 940 non
1030 905 1085 941 ita
1105 907 1162 942 est
1184 906 1471 952 intellegendus,
1498 909 1603 954 quasi
1620 909 1751 946 rustici

257 961 305 996 ad
329 961 450 1008 ipsam
477 963 754 1008 expeditionem
788 964 999 1000 faciendam
1035 965 1197 1010 permoti
1228 966 1312 1008 sint,
1351 967 1418 1002 sed
1444 968 1575 1003 animis
1599 970 1750 1004 tantum

254 1020 484 1066 instigantur
510 1021 733 1067 laudemque
760 1022 914 1058 fortium
938 1023 1103 1059 virorum
1129 1024 1247 1060 avidis
1273 1025 1424 1062 auribus
1451 1027 1651 1072 excipiunt.

353 1086 430 1122 105.
457 1087 547 1121 iussi
571 1086 666 1128 Vat.,
693 1087 761 1122 visi
786 1087 958 1123 Heinsius
985 1088 1199 1124 coniectura
1225 1089 1427 1126 admodum
1450 1092 1639 1137 probabili
1664 1093 1748 1128 coll.

255 1144 368 1190 Verg.
394 1146 486 1182 Aen.
512 1146 581 1187 III,
610 1145 678 1181 148
704 1157 805 1191 seqq.
833 1148 872 1182 et
896 1147 958 1188 IV,
985 1147 1065 1183 358.

352 1204 431 1240 106.
470 1204 559 1240 Deis
585 1204 750 1240 amnium
769 1217 906 1241 cornua
923 1205 1066 1251 signum
1087 1207 1231 1243 roboris
1248 1207 1365 1243 tribui
1381 1209 1624 1252 notissimum,
1643 1211 1751 1247 velut

256 1263 320 1301 Ov.
336 1264 427 1299 Met.
443 1264 505 1305 XI,
534 1264 619 1307 763;
646 1264 750 1306 XIII,
776 1265 862 1307 894;
890 1265 986 1307 XIV,
1013 1265 1098 1308 602;
1126 1266 1210 1301 fast.
1230 1267 1300 1312 ΙΙΙ,
1327 1267 1415 1310 647;
1441 1268 1538 1306 trist.
1552 1269 1622 1311 III,
1648 1270 1748 1318 2‚41;

254 1322 366 1368 Verg.
387 1322 522 1368 Georg.
537 1323 599 1365 IV,
627 1324 712 1366 371;
741 1324 835 1360 Stat.
851 1324 967 1360 Theb.
982 1324 1065 1367 VII,
1093 1325 1157 1368 66;
1187 1325 1314 1363 Claud.
1342 1327 1388 1363 de
1414 1327 1514 1364 bello
1539 1328 1633 1364 Poll.
1657 1329 1748 1372 603;

253 1382 394 1418 Auson.
420 1382 510 1418 Mos.
537 1383 606 1417 471
635 1383 682 1417 al.

397 1441 475 1476 107.
490 1441 590 1487 Apte
602 1443 718 1487 poeta
731 1442 875 1478 indicat
887 1443 1057 1479 Herculis
1070 1444 1389 1490 promptissimum
1406 1446 1455 1481 ad
1469 1446 1747 1492 expeditionem

254 1499 418 1535 animum
442 1501 635 1536 vocabulis
655 1502 837 1546 protinus,
879 1502 1033 1546 advolat,
1070 1504 1175 1545 ultro,
1214 1515 1289 1539 non
1314 1515 1336 1539 a
1361 1504 1505 1541 Iunone
1541 1506 1746 1550 excitatus,-

252 1559 424 1605 Apollon.
450 1560 477 1605 I,
507 1560 576 1594 130
600 1559 741 1595 iniussu
765 1560 965 1606 Eurysthei
995 1572 1079 1597 eum
1115 1562 1344 1608 expeditioni
1381 1563 1598 1600 interfuisse
1636 1565 1745 1611 dicit3

254 1629 405 1654 causam
430 1618 520 1654 satis
546 1619 690 1661 miram,
719 1631 783 1655 cur
796 1620 975 1655 Hercules
994 1621 1241 1666 expeditionis
1266 1622 1457 1668 particeps
1483 1622 1607 1666 fuerit,
1628 1623 1748 1660 affert

252 1677 410 1714 Ptolem.
436 1679 483 1724 II,
515 1691 551 1724 p.
580 1678 648 1713 185
674 1679 731 1714 ed.
759 1679 970 1724 Westerm.,
998 1679 1061 1724 qui
1083 1680 1197 1715 etiam
1221 1692 1357 1717 navem
1383 1681 1431 1717 ab
1457 1681 1617 1718 Hercule
1643 1683 1745 1719 aedi-

253 1737 407 1772 ficatam
433 1748 514 1773 esse
538 1737 669 1774 tradit.

372 1796 569 1841 Tirynthia
595 1808 618 1832 a
643 1797 763 1842 poetis
781 1797 905 1833 omnia
924 1798 1107 1841 dicuntur,
1136 1810 1231 1844 quae
1250 1799 1298 1834 ad
1315 1799 1515 1835 Herculem
1530 1800 1743 1846 pertinent;

251 1855 331 1900 ipse
356 1857 488 1901 utpote
506 1855 688 1901 Tirynthe
705 1856 882 1891 habitans
910 1858 949 1892 et
975 1858 1155 1893 educatus
1173 1857 1251 1893 solo
1269 1859 1340 1894 hoc
1357 1858 1506 1895 nomine
1525 1859 1746 1905 designatur

252 1914 400 1960 saepius
426 1915 473 1950 ab
501 1915 645 1961 Ovidio⁷
670 1915 847 1961 Vergilio,
875 1916 966 1959 aliis,
1007 1928 1028 1952 a
1053 1917 1202 1953 Valerio
1227 1917 1255 1959 I,
1294 1917 1364 1952 253
1372 1931 1380 1960 ;
1418 1918 1466 1960 11,
1505 1918 1576 1953 575
1599 1919 1743 1954 multis-

252 1985 323 2018 que
350 1973 433 2008 aliis
458 1974 559 2010 locis.

397 2033 474 2071 108.
523 2034 682 2069 Arcadio
719 2045 868 2076 faeneum
911 2034 978 2071 cfr.
1018 2035 1067 2070 ad
1091 2036 1148 2071 36.
1195 2037 1379 2079 flammata
1408 2047 1540 2072 veneno
1565 2037 1635 2072 tela
1658 2037 1681 2072 i.
1709 2048 1741 2074 e.

250 2102 396 2127 veneno
420 2091 547 2137 ignem
572 2093 780 2129 continenti
804 2093 964 2136 infecta;
997 2094 1090 2130 item
1116 2094 1246 2130 Silium
1271 2095 1406 2131 dixisse
1430 2096 1525 2141 puto
1549 2095 1743 2133 Heinsium

252 2152 399 2186 secutus
424 2152 490 2193 III,
517 2152 603 2186 273:
627 2153 764 2195 smum
788 2153 1008 2196 inflammare
1032 2165 1172 2190 veneno.

395 2210 473 2246 109.
521 2211 646 2253 faciles
670 2212 719 2246 ad
745 2212 970 2257 gestandum
1008 2224 1114 2248 arcus
1141 2213 1315 2249 dicuntur
1339 2215 1383 2249 ut
1404 2214 1527 2257 facilis
1550 2215 1653 2260 vir-qa
1676 2214 1742 2259 (ad

251 2268 491 2312 flectendum)
511 2269 621 2315 Verg.
643 2270 776 2315 Georg.
796 2271 824 2311 Ι,
842 2271 928 2313 266;
952 2272 1078 2314 faciles
1094 2273 1207 2308 animi
1222 2273 1387 2308 iuvenum
1405 2273 1468 2319 (ad
1485 2273 1739 2320 formandum)

249 2328 316 2370 III,
332 2327 416 2370 1653
429 2329 533 2373 yalea
539 2329 809 2374 (Martisffiaud
820 2330 965 2365 deorum
973 2332 1039 2367 ulli
1049 2332 1169 2374 facilis
1177 2332 1242 2377 (ad
1256 2332 1496 2378 gestandum)
1511 2331 1573 2367 Sil.
1586 2331 1738 2378 1V,433;

251 2386 371 2422 facilis
397 2388 524 2423 autem
550 2389 607 2423 est
632 2399 739 2423 arcus
758 2400 850 2434 prae
875 2389 973 2425 mole
1000 2390 1139 2433 clavae,
1173 2390 1231 2426 cui
1254 2391 1465 2436 portandae
1490 2390 1610 2436 Hylae
1640 2390 1739 2426 vires

250 2446 415 2482 nondum
438 2457 549 2492 pares
575 2448 683 2489 sunt;
726 2448 796 2482 hac
829 2449 1106 2494 comparatione
1130 2461 1205 2485 non
1229 2449 1404 2485 instituta
1429 2449 1566 2495 Hylam
1590 2449 1658 2485 sub
1682 2449 1742 2485 in·-

250 2505 356 2550 genti
392 2506 573 2551 pharetra
613 2506 783 2541 Herculis
821 2507 974 2542 sudasse
1012 2508 1104 2543 dicit
1129 2507 1224 2545 Stat.
1251 2508 1367 2545 Theb.
1394 2508 1437 2550 V,
1462 2508 1550 2551 444;
1576 2508 1738 2554 pluralis

251 2575 358 2600 arcus
380 2564 533 2610 ponitur
557 2566 600 2599 ut
635 2576 762 2600 curras
786 2577 820 2600 v.
848 2565 903 2607 68,
931 2565 997 2601 cfr.
1024 2567 1089 2608 ΙΙΙ,
1115 2567 1182 2602 161
1211 2569 1249 2603 et
1285 2578 1398 2613 saepe
1425 2567 1525 2613 apud
1551 2567 1736 2604 Ovidium.

370 2623 565 2666 Gaudium,
581 2636 652 2668 quo
664 2623 904 2669 perfunditur
917 2624 997 2670 ipse
1005 2637 1108 2670 puer,
1123 2626 1271 2671 poetice
1282 2627 1508 2662 transfertur
1519 2626 1569 2661 ad
1577 2637 1738 2669 umeros,

251 2682 384 2728 quibus
410 2694 537 2719 arcum
561 2684 712 2729 portat;
756 2685 820 2719 cfr.
850 2684 916 2718 122
942 2684 1045 2719 docta
1082 2685 1239 2729 bipennss
1274 2685 1342 2720 294
1367 2685 1493 2730 quietis
1518 2686 1627 2728 torax
1665 2685 1739 2720 488
