1890 3100
698 159 1086 199 Aneomv'rleon
1108 158 1257 205 mm
1282 158 1350 194 m
1652 160 1739 203 263

360 287 485 320 strata
510 282 579 321 vel
607 281 750 320 oblatis
779 279 921 330 ductor
947 277 1058 317 videt
1085 291 1263 330 aequora
1289 278 1420 316 ventis
1739 291 1795 321 605

360 352 439 385 stat
465 347 677 385 lacrimans
704 357 931 397 mag-noque
959 343 1035 381 viri
1062 348 1272 381 cunctatur
1299 355 1446 380 amore.

358 411 467 450 iuius
495 413 678 450 incessus
706 409 962 461 habilemque
991 407 1043 446 ad
1069 413 1185 459 terga
1212 407 1451 459 pharetram,
1483 426 1486 429 Δ

358 477 473 515 illum
500 477 605 514 inter
630 487 818 527 proceres
846 479 1106 525 maestaeque
1135 472 1295 511 silentia
1322 484 1487 510 mensae

360 541 517 594 quaerit
542 541 658 592 inops
686 538 888 592 quondam
914 538 1070 590 ingenti
1097 550 1333 589 comprensa
1359 536 1587 574 trahentem

357 606 452 644 vina
478 619 599 645 manu
626 610 668 643 et
695 603 819 643 durae
845 603 1090 642 referentem
1116 607 1295 640 monstra
1321 614 1531 640 novercae.
1738 610 1794 639 610

410 672 499 710 Nec
525 671 655 709 minus
682 670 838 708 interea
865 667 1038 707 crudelis
1066 668 1216 719 iapyga
1242 667 1345 705 Iuno

360 735 527 775 adsidue
554 740 688 773 movet
716 740 758 772 et
783 734 918 786 primis
949 747 1040 772 cum
1067 732 1219 771 solibus
1249 732 1375 771 offert.

359 801 518 853 iamque
544 813 679 839 morae
707 800 919 851 impatiens
949 803 1183 836 cunctantes
1211 798 1393 849 increpat
1420 796 1524 835 ultro

358 866 516 918 Tiphys
544 870 586 903 et
614 865 747 903 oblato
775 870 912 903 monet
940 864 1022 902 otia
1048 875 1233 914 rumpere
1262 875 1392 900 cursu.

359 944 455 982 ergo
483 931 657 969 animum
683 929 812 968 flexus
842 929 956 968 dictis
982 929 1168 967 instantis
1196 927 1317 966 Iason
1738 929 1795 958 615

358 994 541 1034 concedit
568 995 778 1047 sociosque
808 995 927 1033 simul
953 995 1011 1032 sic
1038 993 1145 1031 fatur
1173 992 1224 1032 ad
1252 1005 1408 1031 omnes:

360 1065 396 1099 ‘0
424 1061 588 1107 utinam,
618 1060 819 1111 Scythicis
848 1065 1044 1098 struerem
1072 1072 1162 1097 cum
1189 1058 1333 1096 funera
1359 1058 1488 1104 terris,

253 1192 294 1226 et
327 1202 372 1227 ex
401 1190 471 1225 611
503 1191 689 1236 appareat
718 1190 875 1225 ventum
909 1188 1115 1224 secundum
1144 1188 1257 1229 flare,
1292 1188 1437 1223 silentia
1473 1199 1548 1223 non
1579 1187 1737 1232 possunt

254 1250 357 1293 dicta
382 1261 463 1286 esse
488 1249 535 1285 de
561 1248 659 1284 foliis
683 1250 798 1284 vento
822 1260 898 1284 non
921 1247 1043 1289 motis,
1069 1247 1137 1283 sed
1160 1258 1208 1283 ne
1240 1247 1435 1282 minimum
1464 1246 1615 1291 quidem
1643 1245 1741 1282 soni-

252 1310 335 1344 tum
359 1308 515 1349 audiunt
538 1307 708 1343 Herculis
733 1307 846 1343 silvas
861 1306 1125 1353 perquirentis,
1149 1306 1206 1342 ita
1221 1308 1264 1341 ut
1279 1317 1328 1342 ne
1343 1306 1572 1342 levissimum
1588 1306 1741 1351 quidem

252 1367 454 1414 vestigium
477 1367 650 1409 relictum
674 1366 724 1402 sit
748 1366 799 1401 ad
824 1377 910 1402 eum
934 1366 1206 1413 quaerendum;
1239 1367 1374 1402 ventus
1399 1368 1536 1406 autem„
1569 1365 1632 1410 qui
1656 1364 1739 1406 flat,

254 1429 313 1465 est
350 1426 559 1463 lenissimus
601 1425 684 1471 (cfr.
723 1429 841 1461 strata
880 1436 1036 1470 aequora
1081 1425 1176 1470 605),
1219 1424 1349 1470 itaque
1395 1424 1445 1459 ad
1484 1424 1740 1471 navigandum

252 1486 447 1533 aptissima
470 1486 695 1531 tempestas;
720 1484 837 1520 nihilo
861 1485 992 1520 tamen
1015 1483 1131 1520 setius
1154 1483 1267 1520 Iason
1292 1485 1500 1519 cunctatur.

349 1545 431 1581 607.
478 1545 697 1589 habilemque
728 1544 779 1579 ad
813 1547 915 1589 ter-qa
943 1544 1173 1588 pharetram
1210 1543 1357 1588 ingenti
1391 1545 1501 1588 tergo
1538 1542 1742 1589 respondet

221 1605 224 1607 ’
254 1604 387 1650 ingens
422 1604 620 1649 phares-m
657 1603 821 1649 paullum
861 1603 935 1638 alia
968 1603 1122 1638 notione
1158 1602 1254 1637 dixit
1290 1602 1400 1648 Vei-g.
1430 1603 1523 1638 Aen.
1549 1602 1634 1647 XII,
1670 1602 1741 1637 432

249 1667 441 1709 postquam
463 1663 596 1699 habilis
620 1663 724 1698 lateri
746 1663 880 1707 clipeus
903 1663 1081 1708 lm-ioaqnoe
1103 1666 1210 1708 tergo,
1226 1666 1287 1698 est.

349 1733 431 1773 (5oe-
478 1734 675 1770 nabentem
695 1735 782 1770 vina
805 1733 830 1770 ἰ.
856 1745 887 1769 e.
915 1733 1183 1777 einschlfirfen;
1207 1733 1274 1770 cfr.
1292 1734 1380 1770 Luc.
1400 1733 1464 1774 tx,
1482 1733 1552 1769 934
1563 1734 1743 1778 pallentia

254 1794 399 1829 vobem
423 1793 545 1828 lambit
565 1792 635 1828 Ore
657 1804 792 1828 veruna
814 1794 960 1828 trahens
967 1807 980 1837 ;
1004 1792 1087 1828 Sen.
1113 1792 1246 1838 Agam„
1271 1792 1343 1828 878
1366 1804 1565 1838 ’uerumque
1585 1794 1626 1828 in
1649 1803 1740 1828 auro

254 1853 382 1890 mais
404 1853 580 1890 Assaraci
603 1853 768 1893 halma&
794 1852 968 1888 similiter
989 1863 1102 1888 auras
1125 1856 1172 1890 tr.
1202 1851 1293 1889 Oed.
1314 1852 1403 1897 599,·
1427 1852 1533 1888 Herc.
1551 1852 1634 1888 Oet.
1650 1852 1739 1892 893:

254 1911 322 1948 Ov-
346 1912 437 1948 mot.
465 1911 515 1953 Π,
541 1911 629 1953 229;
654 1912 785 1951 oblivia
809 1911 896 1947 Luc.
922 1911 986 1950 IX.
1013 1911 1095 1949 356.

346 1981 554 2015 comprensa
577 1991 625 1996 —
648 1971 735 2006 vina
764 1981 890 2014 πιωωις
915 1970 1007 2006 satis
1041 1970 1224 2006 audacter
1254 1971 1343 2006 vina
1374 1971 1547 2006 dicuntur
1575 1982 1645 2016 pro
1675 1983 1742 2017 po-

203 2075 209 2081 ,
253 2029 337 2066 mlo
361 2029 439 2065 vini
461 2029 584 2075 pleno,
611 2028 679 2065 cst.
705 2028 800 2065 Stat.
826 2029 945 2065 Theb.
970 2029 1014 2069 Xq
1039 2029 1110 2064 279
1134 2030 1289 2066 coetibus
1311 2030 1377 2066 hos
1401 2030 1523 2066 mediis
1538 2031 1625 2066 vina
1647 2032 1742 2066 inter

252 2093 287 2124 et
309 2100 413 2124 arma
435 2090 608 2133 iacentes,-
632 2088 699 2124 sed
722 2089 760 2123 in
792 2099 838 2124 ea
870 2099 911 2124 re
943 2088 1101 2124 audacia
1124 2088 1275 2124 Valerio
1306 2101 1381 2124 non
1412 2089 1573 2125 feliciter
1610 2090 1739 2130 cessit,

252 2147 352 2194 quod
377 2159 461 2183 cum
485 2147 579 2182 dicit
601 2148 688 2185 vina
711 2148 977 2188 trahentem,
1003 2147 1051 2183 de
1075 2147 1157 2194 ipso
1181 2149 1273 2193 potu
1297 2148 1539 2193 cogitandum
1564 2151 1631 2189 est,
1657 2161 1741 2185 cum

252 2208 380 2245 autem
402 2207 498 2243 haec
521 2206 610 2242 vina
634 2218 743 2242 manu
765 2217 1028 2251 comprensa
1051 2206 1152 2247 dicit,
1180 2207 1227 2242 de
1252 2218 1341 2244 vase
1366 2207 1581 2253 vinipleno.
1607 2208 1741 2244 Ebrius

253 2265 477 2301 describitur
507 2265 686 2302 Hercules
720 2265 759 2300 in
789 2265 914 2311 Eurip.
947 2266 1087 2301 Alcest.
1121 2266 1190 2300 747
1223 2278 1336 2311 seqq.;
1371 2266 1410 2301 in
1441 2267 1533 2302 artis
1564 2267 1740 2312 operibus

251 2324 400 2370 saepius
433 2324 611 2361 Hercules
642 2324 868 2370 conspicitur
898 2325 960 2360 vel
990 2326 1127 2370 potans
1159 2325 1220 2361 vel
1250 2325 1332 2360 iam·
1357 2325 1497 2367 ebrius,
1536 2325 1603 2363 cfr.
1627 2326 1739 2362 Preu.

253 2393 378 2428 graec.
403 2383 559 2429 mythol.
585 2383 651 2424 11⁸,
678 2383 758 2419 268.

348 2441 428 2479 613.
478 2454 590 2479 aumas
619 2443 846 2488 Vat.‚‘*²ultro
883 2443 990 2479 Koch
1028 2444 1185 2482 coniect.
1224 2456 1261 2490 p.
1293 2444 1352 2485 20,
1386 2445 1485 2490 quod
1515 2456 1742 2491 quamquam

255 2499 475 2538 dubitanter
511 2502 639 2548 recepi
674 2501 855 2548 imprimis
888 2504 1012 2538 motus
1042 2503 1168 2539 verbis
1199 2503 1423 2549 Vergilianis
1454 2505 1546 2540 Aen.
1578 2504 1621 2543 X.
1653 2504 1741 2550 8303

255 2560 350 2595 ονείε
373 2560 399 2598 i.
424 2571 457 2597 e.
481 2561 607 2597 verbis
631 2561 834 2606 Baehrens,
860 2562 925 2597 sed
951 2561 1108 2608 languet
1132 2563 1225 2598 haec
1249 2563 1353 2599 notio
1379 2575 1463 2598 eum
1479 2565 1639 2608 ina-apat
1654 2575 1742 2600 eon-

255 2617 395 2659 iuncta,
421 2630 505 2655 cum
527 2619 610 2665 ipsa
633 2620 751 2656 verba
774 2632 849 2656 non
873 2619 1090 2657 afferantur.
