1890 3100
589 215 976 251 ARGONAVTIGON
1000 215 1149 250 LIBER
1174 216 1217 251 V.

276 348 470 387 sacraque
498 334 696 373 terrificae
725 334 895 386 supplex
921 340 1057 372 movet
1082 334 1192 372 irrita
1218 334 1349 372 Nocti.

328 400 405 439 me
434 406 567 438 autem
595 401 798 451 inceptum
824 399 976 437 famula
1002 398 1104 437 duce
1139 399 1319 450 protinus
1347 404 1493 450 urguet

275 479 367 504 aere
397 471 561 516 saeptus
589 466 676 512 iter,
705 465 854 516 patitur
879 477 955 502 nec
982 464 1095 515 regia
1122 465 1231 502 cerni

276 531 376 569 Iuno
404 531 543 576 virum,
572 531 680 582 prior
706 530 861 567 Aeetae
888 541 941 566 ne
970 529 1139 566 nuntius
1168 528 1284 568 adsit.

275 596 433 648 iamque
460 597 590 635 inerat
614 595 763 647 populo
790 594 1034 646 mediaeque
1062 595 1287 646 incognitus
1315 595 1415 642 urbi,

276 675 366 700 cum
394 674 526 700 comes
562 674 651 699 orsa
678 660 798 711 loqui.
861 659 1027 698 ‘Phoebi
1055 660 1247 711 genitoris
1276 659 1327 698 ad
1355 673 1444 698 aras

274 726 450 765 ventum’
480 727 546 764 ait.
604 725 693 763 ‘huc
722 724 853 776 adytis
881 725 961 762 iam
990 737 1034 763 se
1064 724 1114 763 de
1143 738 1252 763 more
1280 725 1457 776 paternis

275 805 347 829 rex
373 791 492 838 feret3
527 791 593 828 hic
620 803 807 841 proceres
836 789 946 828 audit
972 790 1223 842 populosque
1251 795 1463 841 precantes

276 855 472 908 adloquiis
499 855 646 894 facilis:
676 868 868 906 praesens
897 861 1013 906 pater
1040 854 1228 893 admonet
1257 855 1400 907 aequi’.

327 921 510 959 Dixerat.
569 927 631 958 ast
658 920 716 958 illi
743 933 913 972 propere
941 925 1161 958 monstrata
1189 926 1404 972 capessunt

278 985 425 1024 limina.
480 999 562 1024 non
590 986 718 1032 aliter,
748 998 868 1037 quam
896 985 930 1023 si
956 984 1147 1023 radiantis
1177 984 1334 1023 adirent

276 1063 346 1088 ora
372 1050 438 1090 dei
464 1065 662 1103 verasque
691 1051 845 1090 aeterni
878 1051 1038 1089 luminis
1067 1064 1202 1089 arces:

275 1115 357 1154 tale
384 1116 499 1155 iubar
525 1130 597 1168 per
622 1122 731 1155 tecta
763 1117 893 1155 micat.
951 1122 1030 1155 stat
1057 1116 1212 1155 ferreus
1240 1116 1385 1154 Atlans

277 1179 442 1219 Oceano
470 1181 720 1233 genibusque
747 1186 906 1219 tumens
934 1181 1163 1232 infringitur
1189 1180 1315 1229 unda3

278 1251 319 1284 at
345 1245 466 1284 medii
493 1259 566 1297 per
591 1252 708 1296 terga
735 1246 843 1284 senis
871 1246 974 1298 rapit
1000 1247 1087 1297 ipse
1115 1247 1290 1284 nitentes

279 1310 383 1348 altus
413 1323 537 1362 equos
567 1323 769 1362 curvoque
798 1309 903 1348 diem
937 1310 1114 1348 subtexit
1142 1309 1336 1362 Olympo3

1563 217 1650 261 375

1651 1120 1707 1150 410

266 1445 346 1481 398.
394 1456 566 1490 sacraque
599 1465 635 1471 —
659 1448 786 1487 movet3
811 1444 888 1480 vid.
915 1445 965 1479 ad
989 1444 1058 1489 111,
1083 1445 1174 1489 2323
1198 1445 1286 1480 ideo
1312 1446 1440 1481 autem
1464 1445 1526 1481 hic
1550 1446 1655 1482 locus

263 1635 345 1683 399.
395 1639 530 1681 uryuet,
554 1634 628 1673 vid.
655 1635 703 1669 ad
728 1634 796 1679 m,
822 1634 902 1669 332.

170 1504 427 1545 memorabilis,
454 1504 553 1549 quod
576 1503 733 1549 simplex
758 1504 887 1540 subest
922 1503 1027 1540 notio
1052 1515 1240 1539 sacrorum
1277 1503 1541 1550 faciendorum,
1580 1517 1656 1541 non

171 1564 483 1610 apparandorum,
508 1574 596 1598 nam
621 1564 692 1599 hoc
717 1563 852 1598 Medea
875 1563 952 1598 iam
977 1564 1091 1598 antea
1115 1564 1271 1599 fecerat.

262 1694 344 1731 400.
393 1705 474 1729 aere
495 1698 658 1738 saeptus:
684 1693 791 1729 Hom.
819 1693 884 1729 Od.
911 1693 994 1735 VH,
1022 1694 1085 1738 153
1111 1694 1221 1739 Verg.
1249 1697 1340 1730 Aen.
1366 1693 1395 1740 Ι,
1419 1694 1506 1736 411;
1531 1694 1654 1740 Apoll.

170 1754 239 1795 111,
264 1754 344 1788 211.

264 1813 345 1847 404.
395 1813 514 1858 adytis
539 1833 583 1838 —
602 1813 768 1857 paternis
792 1812 949 1847 obscure
975 1812 1132 1849 dietum:
1168 1824 1213 1847 ex
1237 1825 1272 1848 v.
1297 1812 1369 1847 456
1394 1823 1431 1847 se
1455 1833 1500 1838 —
1520 1813 1657 1857 patrii-3

165 1872 412 1917 penetralibus
435 1871 578 1913 infert
609 1872 780 1916 apparet,
806 1870 976 1905 dativum
1002 1882 1082 1907 esse
1108 1871 1227 1917 adytis
1253 1873 1292 1906 et
1316 1871 1517 1916 significari
1535 1871 1655 1916 adyta

171 1930 264 1969 Solis
287 1930 416 1976 patris,
444 1942 516 1975 quo
541 1941 581 1965 se
605 1941 671 1966 rex
696 1929 876 1966 conferet.

261 2002 331 2036 407
378 2001 418 2036 in
442 2001 526 2037 Vat.
550 2001 689 2046 legitur
712 2002 799 2046 post
822 2001 909 2042 426;
947 2002 1020 2036 huc
1043 2003 1228 2046 transpos.
1255 2001 1311 2036 ed.
1338 2001 1431 2038 Bon.
1458 2003 1497 2036 et
1520 2001 1605 2036 Ald.

261 2060 343 2097 409.
390 2062 525 2096 aeterni
548 2061 692 2095 luminis
715 2071 814 2095 arce-3
837 2059 955 2095 fusius
981 2060 1178 2105 descripsit
1203 2060 1269 2096 Ov.
1295 2061 1385 2096 met.
1410 2060 1462 2105 11,
1488 2060 1535 2095 22
1551 2071 1657 2106 seqq.

261 2119 342 2155 410.
385 2130 454 2164 per
477 2131 548 2155 om.
574 2119 670 2159 Vat„
709 2119 793 2154 add.
821 2119 902 2154 eod.
930 2118 1031 2154 Carr.
1084 2119 1128 2154 In
1164 2120 1351 2155 vestibulo
1386 2119 1521 2165 templi
1557 2119 1651 2155 Solis

265 2485 347 2520 412.
395 2487 473 2530 ipse
495 2486 519 2520 i.
546 2497 578 2521 e.
605 2486 774 2521 dominus
798 2486 942 2532 templi.

169 2180 248 2214 stat
283 2179 519 2214 simulacrum
544 2178 706 2213 Atlantis
731 2178 876 2213 caelum
901 2178 1072 2219 ferentis,
1111 2179 1150 2214 in
1186 2190 1259 2224 quo
1284 2178 1432 2215 effictus
1469 2179 1553 2215 erat
1577 2178 1652 2220 Sol,

168 2238 250 2272 tum
273 2237 378 2273 Luna
403 2239 443 2273 et
466 2238 649 2273 Pleiades.
684 2238 822 2279 ferreus
838 2238 965 2273 utrum
989 2237 1039 2272 sit
1062 2237 1208 2272 validus
1234 2238 1315 2283 (Ov.
1333 2239 1422 2274 met.
1450 2237 1526 2279 XV,
1554 2237 1649 2283 149),

170 2296 283 2332 durus
308 2297 432 2342 (Verg.
460 2298 550 2332 Aen.
576 2297 639 2342 IV,
666 2297 750 2337 247)
776 2308 824 2332 an
850 2297 896 2332 de
921 2297 1080 2332 materia
1104 2297 1440 2342 interpretandum,
1466 2297 1653 2333 incertum

172 2356 240 2397 eat,
265 2355 333 2391 sed
356 2356 455 2402 prior
481 2355 680 2401 explicatio
704 2355 954 2401 praeferenda
977 2355 1136 2392 videtur.
1189 2356 1363 2392 Ceterum
1395 2356 1462 2392 cfr.
1487 2357 1657 2392 Aeneam

173 2414 331 2450 arfificia
353 2415 486 2460 templi
511 2415 663 2450 Iunonis
688 2415 889 2451 mirantem
914 2414 1024 2460 Verg.
1051 2415 1141 2451 Aen.
1184 2415 1213 2455 Ι,
1240 2415 1311 2450 450
1334 2427 1435 2460 seqq.

267 2544 347 2580 413.
396 2545 486 2580 diem
509 2545 662 2580 subtexit
680 2544 843 2591 Olympo:
871 2546 937 2582 Ov.
962 2548 1050 2582 met.
1072 2546 1167 2587 XIV,
1186 2546 1256 2581 368
1275 2547 1400 2591 patrio
1425 2546 1537 2590 capiti
1562 2544 1599 2589 (i.
1625 2555 1655 2579 e.

173 2600 265 2646 Soli)
290 2623 336 2629 —
360 2604 540 2639 subtexere
565 2605 693 2646 nubem
720 2603 806 2639 Luc.
824 2604 886 2646 IV,
915 2605 984 2640 104
999 2616 1072 2641 nox
1087 2605 1253 2641 subtexta
1263 2606 1366 2650 polo;
1393 2604 1477 2641 Sen.
1498 2603 1654 2638 Phaedr.

171 2659 241 2695 956
267 2662 412 2698 subtere
435 2667 578 2698 noctem.
