1890 3100
629 236 1016 275 ARGONAVTICON
1042 236 1190 271 LIBER
1214 235 1297 270 VH.
1613 232 1707 276 477

333 360 495 398 nuntius
523 359 616 397 hinc
646 371 788 397 saevas
816 357 955 396 Peliae
968 356 1162 394 ‘mittatur
1189 354 1241 393 ad
1269 366 1399 400 aures,
1461 373 1463 379 ·

331 426 397 464 hic
422 425 590 477 periisse
618 425 724 462 viros
753 429 794 462 et
820 435 897 470 me,
927 422 962 460 si
987 426 1123 459 vestra
1149 420 1293 458 fuisset

333 490 418 529 ulla
443 490 558 536 fides,
586 489 774 528 reducem
801 487 954 539 patriae
980 485 1159 537 potuisse
1188 483 1352 522 referri'.
1712 485 1768 514 100

389 555 557 593 Talibus
587 554 775 592 attonitos
804 551 919 590 dictis
947 555 1163 601 natamque
1192 553 1429 599 patremque

335 620 479 672 linquit
508 626 548 658 et
574 617 697 657 infida
722 629 917 669 praeceps
945 614 1165 665 prorumpit
1193 613 1243 651 ab
1272 612 1376 651 aula.

336 691 376 724 at
403 684 563 736 trepida
590 689 631 722 et
658 681 811 721 medios
839 681 945 719 inter
973 679 1134 718 deserta
1160 683 1350 730 parentes

338 751 451 801 virgo
480 749 583 796 silet,
612 761 688 786 nec
715 747 797 785 fixa
824 745 909 784 solo
939 757 1115 791 servare,
1129 749 1362 795 parumper

332 815 484 853 lumina
510 827 586 852 nec
612 813 741 865 potuit
767 816 943 850 maestos
970 823 1052 848 non
1078 809 1241 847 flectere
1268 807 1422 856 vultus;
1718 804 1771 834 105

335 879 592 931 respexitque
619 878 727 916 fores
756 882 797 915 et
825 876 956 914 adhuc
984 874 1137 913 invenit
1167 879 1347 921 euntem3

336 945 445 983 visus
475 950 516 982 et
542 943 624 981 heu
650 943 821 980 miserae
849 947 945 979 tunc
972 940 1175 992 pulchrior
1201 939 1350 990 hospes
1379 937 1529 976 amanti

338 1008 567 1057 discedens;
596 1008 699 1046 tales
728 1019 899 1053 umeros,
931 1019 980 1044 ea
1006 1011 1123 1056 terga
1150 1003 1351 1055 relinquit.

291 1084 295 1093 ⁷
335 1074 406 1112 illa
423 1073 594 1122 ¹domum
623 1078 742 1124 atque
771 1072 879 1122 ipsos
907 1070 1071 1122 paulum
1100 1068 1318 1121 procedere
1346 1072 1485 1120 postes

326 1260 383 1297 99.
431 1259 639 1296 Permirum
663 1260 771 1299 esset,
810 1258 840 1293 si
874 1258 970 1294 serio
995 1257 1106 1293 Iason
1131 1268 1154 1292 a
1178 1267 1268 1302 rege
1292 1257 1451 1302 peteret,
1488 1257 1531 1290 ut
1570 1254 1718 1291 nuntios

233 1319 414 1366 perfidiae
439 1330 527 1355 suae
551 1318 632 1364 ipse
657 1318 707 1353 ad
732 1317 874 1354 Peliam
907 1317 1088 1361 mitteret,
1127 1327 1241 1361 quare
1266 1315 1387 1351 irrisio
1418 1315 1543 1361 potius
1581 1315 1719 1350 acerba

235 1379 404 1425 putanda
430 1380 498 1414 est.

329 1449 409 1486 101.
458 1449 632 1485 attonitus
670 1450 727 1484 est
759 1441 912 1483 Aeetesv
936 1449 974 1483 et
1006 1448 1163 1492 propter
1198 1445 1380 1492 perfidiae
1412 1445 1553 1481 crimen
1587 1446 1719 1490 aperte

233 1509 275 1544 in
297 1520 337 1545 se
363 1508 573 1544 coniectum
592 1509 630 1543 et
646 1508 805 1553 propter
823 1506 1029 1544 audaciam.
1055 1517 1128 1550 qua
1153 1506 1265 1541 Iason
1290 1517 1330 1541 se
1347 1505 1397 1540 ad
1413 1504 1538 1541 omnia
1553 1503 1720 1550 pericula

235 1568 429 1604 subeunda
453 1568 629 1613 paratum
653 1566 828 1602 ostendit.

328 1638 409 1676 103.
457 1639 595 1674 deserta
617 1638 753 1674 Medea
787 1637 858 1672 sibi
889 1637 1048 1682 videtur,
1085 1636 1172 1681 quia
1207 1636 1239 1671 ei
1264 1636 1377 1671 Iason
1407 1635 1484 1670 iam
1519 1636 1576 1671 est
1599 1634 1719 1670 instar

235 1709 409 1734 ommum.

330 1768 409 1805 104.
460 1768 534 1803 cfr.
560 1766 681 1813 Apoll.
706 1767 774 1807 111.
801 1768 871 1802 444
896 1778 995 1812 seqq.

330 1831 475 1884 Medea,
501 1850 595 1884 quae
621 1841 710 1874 ante
735 1839 894 1874 sollicita
920 1838 1045 1874 oculos
1075 1838 1115 1874 in
1139 1838 1313 1874 Iasonem
1337 1837 1554 1878 coniecerat,
1588 1837 1721 1882 postea

235 1898 314 1935 solo
340 1909 403 1934 eos
428 1898 567 1945 defixit,
606 1898 672 1934 sed
698 1909 779 1933 cum
803 1896 913 1933 heros
951 1898 999 1932 ab
1037 1897 1124 1932 aula
1159 1898 1421 1942 prorumperet
1434 1924 1443 1937 ,
1479 1896 1624 1942 pudore
1647 1895 1720 1930 vir-

234 1957 353 2002 ginali
393 1957 541 1993 abiecto
582 1956 706 1992 facere
757 1968 832 1992 non
871 1958 1044 2002 poterat,
1086 1956 1175 2001 quin
1216 1956 1340 1991 oculos
1381 1955 1552 1991 flecteret
1595 1954 1720 1999 eisque

235 2016 440 2052 abeuntem
464 2015 569 2061 quasi
592 2017 898 2061 prosequeretur;
925 2015 972 2051 de
996 2015 1179 2050 industria
1205 2016 1332 2050 autem
1368 2014 1462 2049 dixit
1498 2015 1613 2060 poeta
1650 2013 1720 2048 vir·

234 2075 361 2121 gInem
385 2075 510 2111 oculos
535 2075 613 2111 solo
640 2075 779 2110 defixos
803 2086 878 2110 non
901 2085 1072 2115 servasse,
1098 2086 1167 2119 pro
1193 2085 1237 2110 eo
1262 2074 1362 2119 quod
1386 2075 1444 2109 est
1478 2073 1717 2109 tenuisse:

235 2147 275 2172 re
299 2146 391 2171 vera
416 2134 513 2170 enim
539 2134 663 2170 oculos
688 2145 763 2169 non
788 2133 952 2169 servavit
978 2133 1095 2169 amori
1121 2133 1268 2169 cedens.

330 2205 409 2242 108.
458 2206 572 2240 umen·
594 2204 706 2240 validi
730 2206 818 2239 sunt
841 2204 940 2240 inter
965 2204 1073 2249 signa.
1098 2204 1241 2240 roboris
1278 2206 1318 2240 et
1353 2203 1639 2249 pulchritudinis
1666 2203 1717 2238 vi-

233 2276 376 2307 rorum;
415 2263 483 2300 cfr.
508 2263 557 2304 ΙΙ,
582 2263 674 2305 492;
701 2263 812 2308 Verg.
838 2264 931 2299 Aen.
956 2263 985 2305 L
1012 2263 1092 2299 589.

329 2335 408 2371 109.
456 2335 647 2370 Burmann
670 2335 768 2370 hunc
785 2346 933 2370 versum
957 2334 1012 2370 ita
1037 2334 1247 2380 explicavit,
1272 2336 1314 2370 ut
1332 2334 1474 2371 diceret
1491 2336 1624 2380 optare
1641 2334 1718 2370 Me-

234 2394 357 2436 deam,
381 2395 426 2429 ut
449 2394 580 2430 domus
607 2395 645 2429 et
661 2393 774 2428 ianua
789 2394 980 2439 procedat,
1007 2405 1054 2430 ne
1080 2405 1126 2430 ex
1146 2395 1348 2439 conspectu
1365 2394 1518 2429 amittat
1533 2394 1717 2436 Iasonem,

237 2465 321 2489 cum
343 2454 426 2499 ipsa
452 2465 536 2489 eum
574 2456 678 2490 extra
715 2453 867 2488 ianuam
906 2454 1082 2499 prosequi
1117 2466 1193 2490 non
1229 2454 1377 2490 audeat.
1445 2454 1551 2497 Quod
1587 2455 1718 2489 votum

235 2512 408 2558 ineptum
433 2519 522 2548 esse'
536 2514 640 2548 ratus
656 2512 825 2557 Wagner
849 2513 988 2548 domum
1005 2514 1045 2549 et
1055 2517 1177 2558 postes
1203 2513 1436 2548 accusativos
1453 2524 1522 2558 pro
1540 2512 1717 2548 ablativis

235 2571 392 2617 scriptos
416 2573 527 2616 putat
551 2571 797 2616 Medeamque
821 2571 1003 2617 cupivisse
1040 2583 1084 2607 ex
1123 2572 1231 2608 domo
1269 2574 1450 2618 extraque
1481 2574 1608 2617 postes
1633 2583 1710 2616 pro

237 2629 383 2666 cedere.
456 2629 530 2666 Sed
567 2631 693 2666 obstat
730 2630 815 2665 huic
851 2630 1156 2676 interpretationi
1193 2631 1271 2666 sine
1306 2631 1419 2666 dubio
1458 2630 1555 2665 ratio
1594 2641 1717 2675 gram-

234 2687 382 2733 matica,
432 2689 530 2735 quod
580 2689 659 2734 ipse
712 2689 827 2725 sensit
873 2689 1055 2734 Wagner,
1107 2701 1221 2734 quare
1263 2689 1466 2724 Burmanni
1517 2688 1716 2733 explicatio
