1890 3100
581 219 967 256 ARGONAVTICON
990 219 1139 255 LIBER
1155 219 1236 254 V'H.
1549 221 1635 265 501

269 353 340 378 cur
364 345 480 391 pater
505 339 574 377 ille
602 345 694 377 tuus
721 339 842 378 tantis
869 353 934 378 me
963 352 1164 391 opponere
1191 338 1412 385 monstris,·
1451 369 1454 374 .
1636 354 1692 384 420

268 404 380 457 (quid
406 405 590 443 meritum
598 404 634 455 22)
664 410 734 442 aut
759 404 862 443 tales
890 404 1017 442 voluit
1042 417 1119 442 me·
1133 403 1311 456 pendere
1338 402 1518 455 poenas?

266 483 317 508 an
335 470 440 508 iacet
469 476 636 508 externa
663 469 771 522 quod
798 483 904 507 nunc
931 469 1027 507 mihi
1055 468 1221 520 cuspide
1250 467 1464 507 Canthus?

268 534 453 587 quodque
482 548 595 573 meus
623 535 768 573 vestris
795 533 939 580 cecidit
965 547 1038 585 pro
1065 533 1275 572 moenibus
1302 532 1442 585 Iphis?
1518 580 1522 582 -

218 613 248 664 Z
265 605 333 638 aut
362 599 554 652 Scythiae
579 606 693 638 tanta
718 598 814 638 inde
842 611 981 637 manus
1038 628 1634 638 ..........

214 704 219 708 ,
267 693 1004 705 ............
1032 664 1217 702 iussisset
1244 663 1354 702 abire

265 729 440 781 perfidus
468 735 589 781 atque
618 729 699 767 suis
728 728 930 781 extemplo
959 727 1105 767 cedere
1132 729 1280 779 regnis.
1635 745 1691 775 25

266 807 378 846 spem
404 794 500 832 mihi
526 794 759 845 promissam
786 807 860 846 per
887 807 990 846 quae
1020 793 1247 832 discrimina
1273 806 1409 832 rursus

198 850 200 864 ¹
265 866 307 898 et
331 858 474 898 reddat
503 872 583 911 qua
609 859 713 910 lege,
742 859 867 901 vides,
925 859 1163 898 occumbere
1190 858 1354 898 tandem

265 937 487 976 possumus,
514 923 637 976 idque
665 924 792 971 sedet,
822 937 941 976 quam
967 937 1049 963 non
1077 937 1352 977 quaecumque
1382 924 1514 964 subire

265 989 389 1040 patris
415 989 526 1027 iussa
551 989 627 1037 tui3
656 1003 860 1041 nunquam
888 990 973 1028 sine
1001 989 1155 1028 vellere
1184 989 1302 1028 abibo

265 1053 358 1092 hinc
387 1067 475 1106 ego,
506 1053 749 1106 degenerem
776 1068 852 1093 nec
879 1068 944 1093 me
972 1060 1016 1093 tu
1042 1055 1171 1106 prima
1196 1054 1378 1094 videbis'.
1636 1067 1692 1098 4³0

315 1119 431 1158 Haec
460 1119 525 1158 ait.
583 1120 653 1157 illa
678 1125 867 1168 tremens,
898 1125 942 1158 ut
971 1119 1161 1172 supplicis
1190 1120 1332 1172 aspicit
1360 1133 1429 1159 ora

267 1184 507 1223 conticuisse
533 1185 609 1222 viri
636 1185 794 1237 iamque
823 1190 864 1224 et
892 1199 965 1224 sua
990 1185 1117 1224 verba
1142 1186 1310 1237 reposci,

264 1262 354 1304 nec·
369 1249 513 1302 quibus
540 1250 704 1301 incipiat
731 1249 896 1289 demens
923 1250 1046 1298 videt,
1077 1250 1214 1289 ordine
1242 1263 1318 1289 nec
1347 1264 1437 1303 quo,

264 1327 395 1366 quove
422 1320 553 1362 tenus,
581 1315 709 1367 prima
735 1316 900 1367 cupiens
929 1315 1135 1354 effundere
1163 1329 1264 1355 voce

266 1379 408 1428 omnia,
438 1379 510 1419 sed
535 1393 612 1419 nec
638 1381 765 1432 prima
791 1380 920 1432 pudor
947 1380 1015 1419 dat
1041 1381 1167 1420 verba
1184 1381 1350 1420 timenti.
1639 1399 1694 1429 435

250 1490 335 1527 420.
382 1502 445 1527 noc
469 1492 565 1533 Vat„
590 1503 655 1527 cur
677 1492 879 1530 Baehrens.

252 1550 334 1586 421.
375 1551 532 1596 pendere
559 1551 652 1592 Vat,
679 1562 731 1586 me
748 1551 905 1596 pendere
929 1552 1008 1588 cod.
1037 1552 1138 1590 Carr.

243 1606 331 1645 422.
380 1609 437 1645 De
461 1611 584 1646 morte
610 1609 741 1646 Canthi
770 1610 842 1645 vid.
869 1610 932 1653 VI,
971 1612 1040 1646 317
1066 1622 1165 1657 seqq.
1216 1612 1321 1656 Iphis
1345 1613 1473 1648 autem
1496 1613 1637 1649 mentio

156 1679 233 1704 non
255 1668 300 1703 fit
322 1668 362 1704 in
384 1680 512 1715 pugna
536 1670 667 1705 contra
690 1669 830 1705 Persen
854 1671 972 1716 gesta,
1011 1671 1053 1705 at
1077 1670 1106 1712 Ι,
1132 1671 1202 1706 441
1229 1671 1262 1706 ei
1286 1671 1515 1717 praedicitur
1538 1683 1638 1708 mors

156 1726 198 1762 in
221 1726 444 1773 Scytharum
466 1729 571 1764 terra
595 1727 734 1767 futura.

251 1786 333 1822 424.
380 1787 464 1822 inde
499 1786 707 1833 explicatur
743 1785 807 1823 ‘ab
833 1788 955 1824 altera
978 1786 1111 1834 parte’‚
1149 1789 1204 1824 ita
1237 1791 1280 1824 ut
1305 1789 1479 1825 audiatur
1502 1791 1638 1836 cecidit,

159 1845 260 1891 quod
283 1845 436 1892 probari
459 1857 569 1891 posse
591 1857 690 1892 nego
702 1860 712 1889 ;
736 1847 828 1882 mihi
853 1847 1003 1892 quidem
1026 1848 1126 1884 inter
1149 1849 1267 1885 verba
1283 1860 1376 1895 quae
1402 1850 1489 1884 sunt
1512 1861 1642 1886 mamas

155 1904 319 1940 iussisset
354 1904 428 1940 duo
457 1905 692 1940 hemistichia
727 1905 903 1942 videntur
932 1907 1111 1943 excidisse
1154 1908 1363 1943 huiusmodi
1403 1908 1638 1945 sententiae:

160 1962 340 2010 ffugisset,
364 1963 434 1999 nisi
453 1975 520 1999 uos
544 1963 583 1999 in
606 1964 687 2010 ipso
713 1964 923 2002 discrimine
948 1966 1084 2002 auxilio
1109 1966 1358 2004 venissemus'.

253 2024 414 2060 &essisset
439 2028 491 2059 ‘er
514 2024 623 2059 hatte
646 2023 746 2059 mich
770 2024 918 2060 heissen
942 2025 1082 2061 sollen’.

253 2082 335 2119 426.
382 2093 463 2128 spes
488 2084 545 2118 est
575 2094 635 2118 res
672 2085 834 2128 sperata,
871 2086 914 2119 ut
938 2084 1003 2130 IV,
1039 2085 1125 2129 3003
1178 2086 1244 2122 Ov.
1282 2087 1358 2123 her.
1396 2086 1512 2129 XVII,
1552 2087 1639 2131 182;

81 2141 85 2144 ’
160 2141 265 2184 xlx.
291 2141 376 2184 144;
401 2143 490 2177 met.
515 2141 565 2187 Π,
591 2141 676 2184 719;
707 2141 768 2184 IV,
795 2142 880 2185 794;
922 2144 988 2184 IX,
1015 2144 1080 2191 103
1119 2144 1182 2183 XL
1206 2146 1296 2187 427;
1328 2145 1432 2191 xm,
1458 2146 1521 2189 94;
1558 2147 1638 2189 XV,

162 2200 246 2244 113;
269 2200 359 2243 217;
397 2200 509 2245 Verg.
535 2211 662 2246 georg.
687 2201 749 2244 IV,
776 2201 863 2249 1623
903 2202 1030 2248 itaque
1061 2203 1202 2240 licebat
1233 2205 1369 2250 poetae
1394 2205 1516 2241 dicere
1539 2217 1639 2250 spem

154 2260 370 2305 promimus
393 2261 433 2306 et
455 2270 549 2304 spem
574 2261 725 2302 reddere,
751 2261 851 2306 quod
874 2273 950 2298 non
973 2263 1077 2298 recte
1101 2263 1256 2309 negavit
1279 2264 1481 2301 Baehrens.

252 2318 335 2357 427.
382 2319 525 2355 reddere
548 2331 598 2356 sc.
624 2320 723 2365 quod
747 2320 827 2365 quis
858 2321 983 2364 debet,
1019 2323 1063 2357 ut
1086 2333 1209 2368 saepe,
1248 2322 1315 2359 cfr.
1339 2324 1454 2370 Verg.
1478 2324 1568 2360 Aen.
1595 2324 1636 2372 V,

161 2377 249 2420 38&
274 2377 363 2415 Hor.
388 2389 419 2414 c.
437 2377 486 2423 Π,
514 2378 568 2419 17,
594 2378 650 2413 30.

253 2437 335 2473 428.
383 2437 489 2483 idque
511 2438 620 2480 sedek
658 2437 724 2475 cfr.
749 2438 796 2474 ad
820 2438 849 2480 l,
883 2439 969 2482 5553
1007 2440 1233 2477 audiendum
1270 2443 1328 2478 est
1365 2442 1414 2477 ad
1451 2454 1506 2484 ea,
1545 2455 1640 2488 quae

63 2530 71 2534 ,,
162 2498 375 2541 sequuntur,
399 2497 586 2542 particula
595 2498 730 2542 potius,
755 2499 798 2533 ut
813 2494 917 2540 VIII,
943 2498 1011 2534 191
1029 2511 1128 2545 seqq.
1152 2501 1226 2535 sint
1242 2512 1306 2546 aye
1330 2503 1432 2546 tanti,
1450 2502 1638 2543 Aesonide,

80 2551 86 2554 ⁴
162 2565 395 2600 quaecumquae
417 2567 545 2602 mae,
570 2567 674 2601 quam
698 2567 806 2592 saeva
828 2558 948 2593 subire
970 2569 1061 2595 sama
1077 2560 1215 2597 iterum.

257 2613 338 2650 434.
387 2614 444 2650 De
468 2615 656 2652 sententia
682 2615 748 2652 cfr.
773 2616 894 2662 Apoll.
919 2617 988 2660 ΠΙ,
1015 2618 1117 2654 1011.

258 2672 339 2709 435.
388 2684 449 2709 nec
472 2674 495 2711 i,
521 2686 555 2719 q.
581 2686 628 2711 ne
655 2697 698 2702 -
724 2675 884 2722 quidem,
910 2676 976 2713 cfr.
1001 2677 1049 2713 ad
1072 2678 1134 2719 IV,
1161 2679 1239 2714 200.

1361 2739 1428 2774 32*
