1890 3100
610 242 996 281 ARGONAVTICON
1020 242 1167 277 LIBER
1190 241 1259 277 III.
1622 243 1707 285 271

336 371 380 404 ut
409 365 506 404 socii
534 363 675 403 sedere
702 362 802 401 locis
829 361 1047 413 nullaeque
1074 360 1204 399 leonis
1465 381 1470 385 -
1713 377 1768 406 720

336 431 506 469 exuviae
533 429 713 481 tantique
741 431 886 465 vacant
912 426 1074 477 fastigia
1099 425 1272 464 transtri.

338 495 408 534 flet
435 495 523 546 pius
550 491 764 540 Aeacides,
792 497 975 530 maerent
1001 491 1198 529 Poeantia
1225 489 1358 537 corda,

336 560 502 612 ingemit
530 564 571 598 et
598 557 705 596 dulci
732 557 856 596 frater
884 561 974 595 cum
1003 556 1173 594 Castore
1201 555 1357 593 Pollux.

337 626 463 664 omnis
492 623 623 662 adhuc
650 627 768 661 vocat
794 621 968 660 Alciden
994 621 1177 673 fugiente
1206 621 1352 669 carina,

337 690 462 729 omnis
489 688 640 740 Hylan,
668 687 801 726 medio
828 687 1039 739 pereuntia
1066 686 1228 724 nomina
1253 691 1388 737 ponto.
1717 701 1772 729 725

386 755 471 793 Dat
497 753 637 806 procul
664 754 819 791 interea
845 758 930 790 toto
958 758 1073 804 pater
1101 763 1276 803 aequore
1304 751 1463 802 signum

334 820 515 871 Phorcys
544 823 585 858 et
611 819 805 856 immanes
833 818 980 855 intorto
1007 817 1159 855 murice
1186 815 1337 868 phocas

0 951 6 988 l
323 956 404 992 720.
451 959 494 991 ut
515 955 604 991 socii
632 954 751 990 sedere
774 954 880 990 locis:
915 953 1033 989 sedere
1068 952 1280 999 perfectum
1322 953 1380 988 est
1416 950 1574 996 sidendi
1598 950 1716 996 verbi,

228 1027 305 1052 non
332 1014 497 1056 sedendi,
523 1014 591 1050 sed
615 1013 680 1050 cfr.
705 1015 834 1049 tamen
859 1024 955 1058 quae
981 1013 1030 1048 ad
1047 1011 1116 1054 III,
1144 1012 1213 1047 738
1239 1013 1278 1048 et
1294 1011 1356 1053 IV,
1382 1011 1427 1046 61
1455 1011 1558 1045 dicta
1582 1010 1667 1046 sint.

323 1086 403 1123 721.
450 1086 599 1131 vestigia
622 1086 718 1129 Vat.‚
752 1085 903 1129 fastiyia
926 1084 1169 1120 Sandstroem
1207 1082 1353 1121 emend.
1377 1082 1416 1117 in
1440 1082 1550 1128 Prop.
1577 1082 1716 1117 Lucan.

227 1145 320 1180 Val:
346 1145 467 1181 Flacc.
498 1157 536 1190 p.
567 1144 636 1189 33‚·
683 1155 777 1189 quae
815 1144 891 1179 sint
925 1143 1074 1188 vestigia
1108 1142 1266 1178 transtri
1302 1141 1479 1177 vacantia
1515 1152 1634 1186 aeque
1671 1151 1715 1176 ac

230 1205 470 1243 Sandstroem
493 1204 635 1249 ignoro,
671 1203 822 1248 fastiyia
846 1214 990 1238 summa
1012 1213 1101 1248 pars
1124 1201 1282 1237 transtri
1305 1201 1571 1246 intellegenda.

324 1263 518 1299 Consentit
541 1262 711 1298 Valerius
746 1262 787 1297 in
824 1273 868 1298 ea
892 1273 934 1297 re
969 1273 1053 1297 cum
1077 1261 1283 1307 Apollonio,
1322 1260 1422 1305 quod
1457 1260 1636 1296 Hercules
1676 1259 1716 1294 in

226 1323 353 1368 Mysia
369 1322 600 1367 relinquitur,
627 1322 694 1357 sed
711 1321 810 1367 apud
826 1323 979 1367 poetam
999 1320 1182 1356 Graecum
1199 1319 1227 1361 L
1243 1319 1336 1355 1273
1352 1331 1454 1364 seqq.
1472 1319 1715 1364 Argonautae

227 1383 310 1417 tum
334 1382 483 1417 demum
506 1381 706 1417 Herculem
729 1380 903 1416 relictum
929 1391 1008 1416 esse
1033 1379 1210 1421 sentiunt,
1249 1390 1332 1415 cum
1368 1379 1476 1414 navis
1512 1379 1589 1414 iam
1615 1380 1714 1414 esset

226 1440 266 1476 in
303 1452 421 1482 cursu,
442 1439 498 1475 'id
535 1440 635 1485 quod
670 1439 939 1485 probabilitate
976 1440 1101 1481 caret3
1152 1440 1283 1474 contra
1308 1437 1551 1474 Telamonem
1587 1438 1716 1473 autem

228 1499 358 1535 statim
395 1499 563 1535 oriuntur
598 1498 666 1534 filii
699 1498 855 1540 Boreae,
891 1499 1081 1543 postremo
1117 1497 1316 1544 placantur
1352 1497 1468 1532 animi
1497 1497 1716 1533 interventu

231 1558 361 1594 Glauci
387 1558 537 1603 eiusque
561 1558 908 1602 vaticinationibus3
949 1569 1033 1593 cum
1057 1557 1218 1593 Hercule
1256 1558 1383 1592 autem
1415 1557 1454 1592 et
1478 1556 1577 1601 Hyla
1601 1555 1712 1591 relin-
1731 1559 1735 1564 ’

216 1617 354 1662 ‘quitur
391 1617 506 1653 etimn
541 1617 809 1662 Polyphemus;
848 1616 915 1652 cfr.
940 1616 1036 1662 Hyg.
1063 1616 1140 1652 fab.
1167 1615 1254 1651 XIV
1291 1626 1392 1661 quem
1433 1615 1593 1661 (Hylam)
1630 1615 1714 1650 dum

229 1677 399 1713 Hercules
423 1680 455 1712 et
479 1677 717 1722 Polyphemus
740 1677 936 1721 requirunt,
960 1680 1062 1711 vento
1085 1679 1194 1720 rapta
1218 1677 1304 1711 mvi
1328 1675 1455 1711 deserti
1479 1678 1583 1719 sunt3
1607 1675 1710 1710 idem

228 1736 349 1772 tradit
373 1735 542 1781 Apollod.
566 1735 596 1781 I,
621 1735 654 1777 9,
681 1735 736 1780 19,
761 1736 794 1773 2.
846 1735 985 1771 Contra
1021 1735 1085 1770 alii
1110 1735 1220 1771 aliter
1255 1734 1506 1776 tradiderunt,
1545 1736 1611 1770 aut
1634 1734 1709 1770 toti

230 1795 457 1841 expeditioni
481 1794 680 1831 Herculem
705 1796 771 1830 aut
796 1795 945 1830 omnino
969 1806 1044 1830 non
1068 1794 1284 1830 interfuisse
1309 1796 1376 1829 aut
1400 1794 1474 1830 alio
1498 1794 1581 1829 loco
1606 1793 1713 1830 relic—

228 1856 310 1889 tum
335 1865 426 1894 esse,
465 1853 533 1890 cfr.
571 1865 666 1899 quae
692 1855 942 1899 exposuerunt
965 1854 1087 1899 Apoll.
1113 1853 1141 1895 Ι,
1167 1854 1200 1895 9,
1240 1853 1294 1895 19,
1320 1854 1366 1900 3;
1405 1853 1518 1892 schol.
1542 1853 1714 1899 Apollon.

229 1913 258 1954 L
284 1913 399 1958 1168‚·
436 1912 543 1954 1290;
583 1913 684 1958 apud
719 1913 875 1948 Theocr.
912 1912 1051 1958 XVIII,
1089 1913 1135 1948 73
1165 1924 1266 1958 seqq.
1304 1913 1484 1948 Hercules
1520 1913 1566 1948 ab
1597 1912 1716 1957 Argo-

229 1972 355 2007 nautis
378 1973 559 2017 tanquam
584 1971 753 2008 desertor
777 1972 1014 2017 vituperatur
1039 1973 1153 2017 atque
1189 1972 1348 2018 pedibus
1374 1972 1424 2006 ad
1451 1971 1606 2007 Colchos
1630 1982 1716 2016 per-

230 2031 353 2078 venit5
377 2031 487 2067 Diod.
512 2030 574 2072 IV,
592 2030 640 2065 49
666 2031 903 2076 expeditione
928 2031 967 2066 in
994 2030 1150 2066 Colchos
1174 2031 1250 2066 iam
1275 2031 1378 2066 facta
1393 2032 1633 2076 Argonautas
1657 2041 1715 2066 re-

231 2090 390 2126 deuntes
427 2102 511 2125 cum
550 2090 711 2125 Hercule
753 2090 902 2125 Troiam
943 2101 1175 2136 expugnasse
1215 2092 1359 2132 narrat;
1408 2091 1544 2126 Anton.
1582 2090 1708 2126 Liber.

233 2160 268 2186 c.
304 2149 351 2184 26
387 2149 617 2195 Polyphemo
655 2149 733 2185 solo
769 2149 901 2185 relicto
926 2149 1126 2185 Herculem
1163 2161 1247 2184 cum
1278 2149 1413 2186 ceteris
1451 2160 1627 2185 ancoram
1664 2150 1711 2185 ab

233 2207 354 2253 Mysia
377 2208 541 2245 solvisse.

325 2279 404 2315 726.
453 2283 526 2315 toto
543 2290 692 2324 aequore
710 2279 790 2315 fere
806 2279 907 2315 idem
927 2281 984 2315 est
1003 2281 1117 2325 atque
1134 2293 1159 2326 p
1170 2291 1190 2316 e
1203 2292 1223 2315 r
1246 2281 1368 2316 totum
1386 2291 1534 2326 aequor,
1551 2282 1595 2315 ut
1610 2280 1713 2322 VIII,

231 2337 300 2373 103
324 2349 387 2374 nec
409 2349 463 2373 me
486 2343 550 2374 tua
573 2339 681 2374 sibila
705 2343 777 2374 toto
802 2340 980 2385 exagitent
1004 2339 1139 2382 infesta
1162 2340 1265 2376 nmo-i.

325 2409 402 2445 727.
451 2409 612 2456 Phorcys
637 2410 694 2445 est
718 2410 887 2445 dominus
911 2410 1122 2446 belluarum
1145 2411 1389 2446 marinarum:
1423 2410 1532 2457 Verg.
1559 2411 1651 2447 Aen.
1670 2410 1714 2456 V,

230 2467 316 2511 240;
341 2468 433 2515 8243
481 2469 609 2504 chorus
634 2470 767 2505 Phorci
782 2469 970 2505 invenitur
995 2470 1111 2506 etiam
1134 2470 1229 2506 Plin.
1254 2471 1330 2506 nat.
1357 2470 1442 2506 hist.
1461 2465 1629 2516 XXXVI,
1648 2470 1715 2518 263

230 2526 304 2563 vid.
329 2529 527 2573 praeterea
551 2527 707 2564 Prelleri
743 2540 866 2574 graec.
892 2529 1048 2574 mythol.
1073 2529 1118 2575 1⁴,
1155 2529 1234 2564 560.
1290 2534 1399 2575 pater
1422 2530 1645 2571 nominatur,
1672 2531 1715 2565 ut

231 2585 418 2622 interdum
451 2586 606 2624 semidei
642 2588 702 2624 vel
736 2588 878 2629 heroes,
918 2589 970 2624 sic
995 2589 1166 2624 Hercules
1189 2588 1258 2629 ΠΙ,
1286 2589 1374 2631 565;
1413 2589 1507 2624 Stat.
1534 2589 1613 2625 silv.
1639 2589 1709 2630 III,

234 2644 265 2685 1,
291 2645 375 2688 125;
415 2649 522 2691 Prop.
549 2645 610 2688 IV,
635 2646 668 2688 9,
695 2647 756 2694 71;
808 2647 976 2683 Silvanus
1000 2648 1088 2684 Hor.
1127 2649 1234 2694 epod.
1260 2648 1308 2689 Π,
1346 2648 1408 2690 22;
1448 2649 1582 2684 Tiberis
1614 2647 1709 2683 Stat.

234 2702 312 2740 silv.
338 2703 367 2746 I,
392 2703 425 2746 6,
457 2705 544 2750 1003
593 2705 797 2751 (fiberinus
825 2703 933 2751 pa'ter
957 2707 1067 2753 Verg.
1106 2718 1233 2753 georg.
1270 2702 1333 2746 1'v,
1372 2707 1473 2753 369);
1524 2708 1710 2743 Portunus
