1890 3100
207 213 263 256 96
739 213 774 248 C.
802 213 983 248 VALERI
1008 214 1183 249 FLACCI

422 332 584 370 Interea
612 331 745 370 medio
777 346 922 372 saevus
952 335 1147 383 permissa
1174 333 1372 385 profundo

316 397 483 435 carbasa
510 398 701 448 Pangaea
728 399 880 437 Boreas
912 400 1143 451 speculatus
1174 399 1223 437 ab
1254 413 1346 438 arce
1702 413 1759 442 575

315 463 502 501 continuo
531 463 716 501 Aeoliam
745 464 1038 516 Tyrrhenaque
1067 465 1196 503 tendit
1225 465 1275 503 ad
1305 470 1419 503 antra

315 529 506 568 concitus,
564 541 680 567 omne
710 529 775 567 dei
804 530 951 581 rapidis
981 544 1123 569 nemus
1152 531 1319 582 ingemit
1348 530 1435 577 alis,

315 599 439 631 strata
469 593 607 641 Ceres,
638 600 829 647 motuque
859 596 974 646 niger
1003 595 1075 634 sub
1106 602 1297 648 praepete
1326 602 1485 648 pontus.

316 672 491 711 aequore
520 660 727 698 Trinacrio
757 660 970 713 refugique
1000 675 1023 699 a
1050 667 1163 713 parte
1193 662 1327 700 Pelori

301 784 381 820 575.
431 784 571 819 Boreae
596 784 703 820 sedes
731 786 770 820 et
795 785 1021 820 domicilium
1047 787 1105 821 est
1128 786 1167 820 in
1193 786 1364 831 Thracia,
1393 786 1494 822 cuius
1519 798 1624 823 mons
1643 788 1701 823 est

205 844 414 889 Pangaeus,
455 844 555 879 unde
579 843 735 879 immani
773 845 811 879 et
836 845 1053 880 vehementi
1089 845 1233 890 impetu
1274 857 1469 891 erumpere
1507 847 1547 882 et
1577 847 1701 882 terras

206 905 320 948 atque
345 903 465 938 maria
490 903 651 948 perflare
668 903 831 939 Boream
849 904 996 949 saepius
1013 905 1150 949 poetae
1168 906 1341 947 narrant;
1369 905 1437 942 cfr.
1457 905 1536 943 Val.
1554 906 1602 947 ΙΙ,
1631 905 1703 940 515

206 975 325 1008 seqq.;
352 963 438 998 Luc.
465 963 492 1004 I⁷
519 962 589 997 389
615 974 737 1007 seqq.;
765 962 827 998 Sil.
854 963 916 1004 IV,
944 963 1014 997 244
1040 974 1114 1008 seq.
1168 963 1317 1009 Optime
1343 965 1414 1000 hoc
1438 965 1521 1000 loco
1549 976 1699 1000 causam

205 1022 342 1058 furoris
369 1021 481 1057 affert
504 1023 629 1067 poeta,
668 1022 735 1057 sed
760 1022 799 1056 id
823 1022 969 1064 mirum,
997 1023 1096 1067 quod
1120 1022 1282 1059 Boream
1306 1023 1346 1058 in
1371 1023 1531 1059 Thracia
1556 1025 1699 1060 versari

206 1082 307 1123 dicit,
336 1093 419 1117 cum
444 1094 478 1116 v.
497 1081 567 1116 284
584 1082 789 1117 secundum
805 1081 1013 1127 Vergilium
1036 1082 1198 1117 insulam
1215 1083 1384 1118 Aeoliam
1402 1083 1530 1119 sedem
1548 1084 1697 1120 omnino

204 1143 405 1177 ventorum
429 1141 661 1185 Aeolumque
689 1152 818 1177 eorum
842 1152 972 1186 regem
990 1141 1168 1183 nominet,
1196 1142 1263 1178 sed
1279 1143 1400 1188 magis
1419 1142 1535 1178 etiam
1550 1143 1696 1185 mirum,

206 1201 305 1246 quod
330 1201 471 1236 Boreas
496 1200 577 1245 ipse
602 1199 702 1234 infra
727 1212 761 1236 v.
777 1200 845 1235 602
872 1212 911 1236 se
931 1212 1079 1236 carcere
1106 1202 1145 1236 et
1169 1201 1301 1236 vinclis
1321 1205 1487 1237 clausum
1513 1213 1593 1238 esse
1610 1213 1696 1247 que-

205 1260 317 1302 ritur;
344 1260 431 1295 vide
457 1259 574 1295 etiam
598 1271 633 1295 v.
660 1259 739 1294 610.

305 1319 382 1354 576.
434 1319 483 1354 ad
496 1318 727 1365 praepositio
754 1319 864 1355 alteri
891 1319 1040 1355 demum
1066 1320 1302 1356 substantivo
1321 1320 1472 1355 additur
1489 1322 1579 1356 noto
1598 1321 1698 1367 apud

205 1380 338 1424 poetas
364 1391 442 1420 usu,
469 1378 574 1414 velut
592 1379 619 1420 1,
639 1378 717 1420 716,
745 1379 810 1414 ubi
836 1378 902 1414 cfr.
922 1379 1093 1424 exempla
1120 1390 1164 1414 ex
1190 1379 1271 1414 aliis
1288 1379 1410 1425 poetis
1435 1380 1569 1427 allata3
1596 1379 1697 1421 VIII,

206 1438 285 1473 375.
328 1438 437 1484 Apud
453 1438 644 1474 Valerium
670 1438 767 1473 solas
784 1438 1091 1484 praepositiones,
1119 1439 1219 1483 quae
1240 1439 1313 1474 loci
1338 1439 1414 1474 vim
1439 1439 1616 1481 habeant,
1643 1439 1698 1475 ita

205 1497 366 1533 inveniri
390 1497 486 1532 vidit
512 1497 684 1538 Schmjtz,
712 1498 759 1532 de
784 1497 864 1532 Val.
894 1497 1042 1533 dicendi
1066 1509 1205 1543 genere
1229 1510 1266 1543 p.
1293 1498 1324 1533 9.

302 1557 382 1592 578.
426 1567 582 1601 praepes
606 1558 649 1591 ut
665 1557 818 1592 volucer
845 1557 883 1592 et
908 1557 1061 1592 volandi
1078 1557 1235 1592 verbum
1262 1557 1411 1593 omnino
1437 1558 1484 1594 de
1503 1558 1697 1594 celerrimo

205 1617 311 1652 motu
338 1616 484 1658 dicitur,
524 1615 590 1651 cfr.
618 1615 703 1652 Seu.
728 1616 888 1652 Phaedr.
916 1616 1007 1651 1061
1047 1617 1094 1652 de
1126 1618 1293 1652 monstro
1329 1628 1351 1652 a
1375 1617 1553 1663 Neptuno
1583 1617 1695 1653 misso

200 1676 368 1721 praepeti
405 1687 511 1711 cursu
549 1676 677 1718 evolat3
719 1675 845 1711 Claud.
878 1675 916 1710 in
949 1675 1033 1710 Rus.
1066 1675 1095 1717 I,
1132 1676 1201 1711 262
1238 1677 1391 1712 volucris
1426 1687 1499 1712 mm
1529 1681 1699 1722 praepete

207 1747 315 1771 cursu
337 1735 463 1770 Vectus
488 1735 583 1780 equi:
610 1736 681 1770 hoc
707 1736 835 1770 autem
859 1735 941 1770 loco
959 1735 1020 1771 vel
1039 1735 1124 1771 ideo
1143 1737 1284 1781 aptum,
1312 1735 1400 1782 quia
1416 1735 1558 1771 Boreas
1581 1736 1698 1772 volat.

301 1795 402 1840 niyer
425 1795 562 1839 pontus
590 1795 647 1830 est
666 1794 788 1830 ventis
814 1794 992 1839 agitatus,
1020 1796 1062 1829 ut
1087 1795 1174 1831 Hor.
1203 1806 1231 1830 c.
1253 1794 1322 1840 HI,
1341 1795 1397 1837 27,
1417 1795 1463 1830 23
1489 1806 1621 1840 aequor
1643 1807 1699 1841 n.;

211 1854 277 1890 Ov.
304 1855 394 1890 met.
421 1854 484 1895 XI,
512 1853 582 1888 500
619 1855 783 1899 (pontus)
811 1854 939 1900 Styyz'a
976 1854 1077 1889 modo
1108 1855 1246 1899 nim-ior
1276 1855 1391 1897 undem
1429 1854 1525 1890 trist.
1552 1854 1581 1891 I.
1615 1855 1648 1896 4,
1677 1855 1699 1891 5

206 1914 411 1959 niyrescunt
441 1924 597 1958 aequora
620 1913 750 1955 venti83
791 1913 925 1948 eadem
950 1914 998 1949 de
1024 1925 1136 1948 causa
1161 1914 1249 1951 Hor.
1276 1915 1346 1950 sat.
1372 1913 1421 1954 11,
1448 1914 1481 1956 2,
1509 1914 1554 1949 16
1591 1925 1696 1950 mare

207 1978 325 2009 atrum
351 1973 452 2009 dicit.

302 2031 382 2069 579.
431 2032 594 2077 refuqum
619 2032 787 2067 Pelorum
819 2032 983 2077 explicat
1007 2032 1199 2068 Burmann
1223 2033 1279 2068 his
1304 2033 1446 2068 verbis:
1475 2038 1570 2068 ‘cum
1586 2032 1698 2078 longe

208 2092 402 2137 appareat,
431 2092 494 2136 [et]
520 2091 787 2136 navigantibus
811 2091 964 2136 propior
989 2091 1138 2127 videtur
1163 2103 1276 2137 quam
1298 2104 1340 2128 re
1356 2103 1448 2128 vera
1465 2093 1523 2128 est
1539 2092 1698 2138 ideoque

209 2162 292 2186 cum
324 2150 482 2186 credunt
507 2161 546 2186 se
571 2162 692 2196 paene
717 2152 876 2196 tangere
901 2151 1084 2193 Pelorum,
1120 2151 1233 2196 longo
1260 2152 1382 2193 adhuc
1408 2152 1531 2198 spatio
1557 2151 1698 2187 distare

209 2211 248 2246 et
273 2210 378 2255 quasi
402 2211 576 2254 refugere
601 2210 772 2246 videtur’.
824 2209 897 2246 Sed
928 2210 1021 2245 nihil
1060 2221 1193 2247 causae
1219 2211 1340 2253 video,
1380 2223 1445 2246 cur
1470 2212 1541 2246 hoe
1565 2211 1604 2246 in
1628 2211 1698 2247 Pe-

207 2270 288 2306 loro
324 2269 559 2315 potissimum
589 2269 845 2314 promontorio
871 2270 948 2315 fiat,
987 2271 1100 2315 atque
1130 2282 1282 2316 prorsus
1315 2270 1425 2306 aliter
1459 2271 1697 2316 comparatus

208 2330 266 2365 est
283 2329 396 2370 locus,
416 2339 526 2373 quem
545 2328 691 2364 confert
703 2328 895 2363 Burmann
909 2329 1019 2374 Verg.
1034 2330 1126 2365 Aen.
1141 2330 1210 2371 ΙΙΙ,
1228 2330 1306 2365 536.
1333 2330 1432 2366 Item
1449 2329 1698 2375 improbanda

206 2387 391 2433 Wagneri
429 2387 630 2433 explicatio
677 2387 879 2432 cogitantis
919 2389 965 2423 de
1004 2389 1260 2433 antiquissimo
1297 2389 1362 2424 illo
1397 2390 1586 2434 tempore,
1625 2400 1697 2433 quo

208 2447 383 2483 Pelorum
409 2458 431 2482 a
457 2446 665 2482 continenti
690 2446 802 2482 Italia
828 2447 1034 2482 abscissum
1060 2447 1211 2490 dicitur;
1241 2448 1288 2483 de
1313 2449 1384 2483 hac
1409 2458 1450 2483 re
1475 2447 1561 2482 vide
1588 2447 1637 2482 ad
1662 2459 1696 2483 v.

209 2506 289 2543 589.
338 2506 477 2542 Verum
501 2506 586 2541 ideo
612 2505 787 2551 refugum
811 2506 986 2541 Pelorum
1010 2507 1233 2547 nominatur,
1262 2507 1348 2552 quia
1365 2506 1633 2552 navigantibus
1657 2506 1697 2542 in

210 2566 375 2602 Siciliam
401 2577 423 2601 a
440 2565 599 2611 Neapoli
624 2565 685 2601 vel
711 2565 784 2601 alio
811 2565 888 2601 eius
915 2566 1077 2610 regionis
1095 2568 1220 2612 portu,
1246 2566 1394 2611 quando
1411 2566 1573 2611 primum
1588 2565 1696 2602 Pelo-

208 2638 291 2660 rum
310 2625 504 2671 aspiciunt‚
531 2636 613 2660 cum
631 2624 742 2660 Italia
761 2625 964 2675 cohaerere
979 2625 1137 2667 videtur,
1166 2625 1551 2671 appropinquantibus
1569 2626 1698 2660 autem

210 2685 258 2720 ab
289 2685 403 2720 Italia
438 2684 542 2730 quasi
573 2684 731 2730 refugit3
770 2684 856 2720 vide
888 2684 978 2720 Iust.
1004 2684 1064 2721 IV.
1095 2685 1126 2726 1,
1155 2685 1198 2720 18
1236 2696 1278 2719 ea
1303 2689 1353 2720 est
1379 2685 1470 2720 em'm
1487 2685 1619 2730 procul
1640 2684 1698 2719 isn-
