1890 3100
654 280 1040 320 ARGONAVTICON
1068 279 1215 314 LIBER
1239 277 1302 314 IV.
1624 277 1711 320 287

336 406 406 444 ille
434 406 563 443 virum
590 410 635 442 ut
663 408 800 441 contra
825 401 1056 439 venientem
1084 398 1346 449 umbrataque
1375 396 1474 434 vidit

337 477 517 523 tempora
542 467 754 507 Parrhasio
782 467 935 518 patriae
964 465 1015 503 de
1043 477 1153 502 more
1183 463 1320 514 galero

337 535 620 588 paciferaeque
647 546 769 571 manu
795 531 1040 583 nequiquam
1066 529 1240 580 insignia
1267 528 1416 579 virgae,

340 601 432 640 ‘heu
459 599 567 651 fuge’
597 599 654 636 ait
682 602 817 644 ‘certo‚
848 597 1088 649 quicumque
1118 608 1174 641 ee,
1203 593 1371 646 perdite,
1401 605 1536 644 passu,
1720 603 1772 631 140

339 665 433 704 dum
461 664 600 703 datur.'
657 662 848 714 obstipuit
874 663 964 700 visu
991 661 1193 699 Nonacria
1219 659 1364 711 proles,

340 729 436 783 quid
462 730 565 768 ferat
593 728 807 766 admirans.
861 732 1074 779 postquam
1100 737 1279 763 remeare
1308 730 1538 761 monentem

341 796 451 834 ocius
481 800 522 833 et
549 793 665 832 dictis
693 798 940 844 perstantem
968 791 1095 830 cernit
1121 790 1163 828 in
1190 789 1331 835 isdem,

339 860 482 911 abripit
511 865 553 898 et
580 858 710 905 sociis,
741 870 845 909 quae
874 857 953 895 sint
981 869 1041 902 ea,
1071 867 1254 907 promere
1283 854 1401 905 cogit.

337 925 407 964 ille
435 938 596 963 manum
623 922 796 962 tendens
826 927 919 960 ‘non
946 920 1059 960 haec'
1089 921 1143 959 ait
1173 920 1343 971 ‘hospita
1371 918 1486 957 vobis
1722 922 1775 950 145

338 997 459 1036 terra,
487 990 574 1036 viri,
603 1002 685 1026 non
712 988 777 1026 hie
805 987 911 1025 ullos
939 986 1167 1025 reverentia
1193 986 1292 1023 ritus

337 1061 518 1108 pectora3
547 1067 654 1092 mors
681 1053 835 1091 habitat
865 1065 1093 1103 saevaeque
1119 1051 1194 1089 hoc
1222 1050 1339 1088 litore
1368 1062 1541 1101 pugnae.

338 1122 417 1159 iam
444 1120 583 1158 veniet
611 1118 718 1157 diros
745 1119 925 1169 Amycus
956 1118 1024 1170 qui
1051 1116 1194 1155 tollere
1225 1123 1383 1154 caestus

338 1187 509 1237 imperet
537 1190 577 1222 et
604 1189 719 1222 vasto
749 1184 817 1235 qui
844 1183 994 1222 vertice
1023 1182 1162 1220 nubila
1188 1181 1333 1233 pulset.

338 1250 431 1288 talis
459 1250 500 1288 in
530 1248 721 1287 advectos
749 1248 929 1300 Neptuni
957 1246 1108 1286 credita
1135 1246 1270 1298 proles
1724 1256 1777 1285 150

341 1321 551 1354 aeternum
578 1314 674 1353 furit
702 1319 823 1365 atque
852 1326 1007 1365 aequae
1035 1313 1193 1351 virtutis
1223 1317 1403 1363 egentes,

252 1452 256 1455 ·
330 1445 407 1480 137.
457 1449 498 1479 ut
521 1443 779 1490 postponitur;
806 1444 871 1479 cfr.
898 1443 948 1478 ad
972 1442 1030 1478 68.

328 1505 560 1548 umbrataque
584 1524 629 1529 -
655 1507 831 1548 tempora:
856 1501 950 1538 Stat.
977 1502 1096 1539 Theb.
1122 1502 1183 1542 VI,
1210 1501 1280 1536 554
1299 1500 1515 1547 Olympiacis
1538 1501 1724 1536 umbratus

236 1569 395 1610 tempora
426 1563 539 1599 ramis
551 1577 563 1607 ;
599 1562 709 1608 Verg.
744 1562 836 1600 Aen.
869 1561 930 1600 VI.
962 1561 1032 1596 772
1068 1561 1233 1596 umbrata
1270 1564 1398 1607 ρετ-τινα
1435 1561 1532 1596 civili
1564 1565 1723 1604 tempora

223 1634 378 1669 quercu.

333 1681 413 1717 138.
463 1681 665 1716 Parrhasio
700 1680 725 1716 i.
764 1692 795 1717 e.
834 1680 1035 1722 Arcadico;
1074 1692 1097 1715 a
1133 1680 1334 1715 Parrhasia
1370 1679 1508 1726 oppido
1539 1679 1723 1715 Arcadiae

236 1741 343 1777 Hom.
375 1741 419 1776 11.
457 1741 505 1783 11,
544 1740 637 1787 6083
673 1740 768 1778 Plin.
798 1741 878 1776 nat.
912 1740 999 1777 hist.
1034 1739 1095 1781 lv,
1133 1739 1191 1776 20.
1240 1742 1355 1775 Arcas
1392 1740 1549 1775 vocatur
1585 1739 1725 1774 Echion

234 1801 389 1846 propter
405 1800 630 1836 Mercurium
653 1801 803 1845 patrem
825 1799 865 1834 in
884 1799 1068 1835 Arcadiae
1084 1801 1214 1835 monte
1233 1798 1385 1844 Cyllene
1408 1800 1558 1839 natum
1593 1799 1725 1834 eadem

235 1859 283 1896 de
307 1870 421 1895 causa
444 1859 581 1895 dicitur
605 1859 791 1895 Nonacria
816 1859 940 1905 proles
957 1870 991 1894 V.
1011 1859 1080 1893 141
1104 1870 1127 1894 a
1143 1858 1355 1894 Nonacride
1382 1860 1510 1894 monte
1530 1860 1568 1894 et
1586 1858 1724 1904 oppido

233 1918 429 1959 Arcadiae,
454 1918 549 1954 Plin.
573 1918 598 1953 l.
629 1918 667 1959 1.,
699 1919 835 1954 Herod.
871 1918 934 1963 VI,
978 1918 1034 1953 74.
1066 1918 1204 1954 Petaso
1235 1918 1363 1959 utitur,
1390 1918 1537 1963 qualem
1573 1919 1724 1962 gestare

234 1977 384 2014 solebat
408 1977 629 2019 Mercurium
667 1978 849 2013 Arcadius
884 1978 1034 2023 galerus
1070 1979 1384 2013 commemoratur
1421 1988 1443 2012 a
1469 1976 1564 2012 Stat.
1604 1976 1723 2013 Theb.

234 2037 298 2078 IV,
324 2036 407 2072 303.

330 2095 408 2131 139.
451 2095 619 2140 pacifera
642 2095 749 2141 virga
775 2097 833 2132 est
857 2096 1072 2141 oleaginea:
1124 2095 1234 2141 Verg.
1266 2096 1359 2132 Aen.
1394 2095 1496 2140 VIII,
1523 2095 1608 2139 1163
1643 2095 1722 2137 Vn,

235 2155 322 2199 1543
347 2153 411 2195 XI,
438 2154 518 2190 101.

330 2213 409 2249 140.
460 2213 535 2250 cfr.
560 2216 672 2259 Verg.
697 2217 787 2251 Aen.
814 2214 881 2252 ΙΠ,
920 2214 1000 2249 639.
1062 2218 1177 2250 certus
1211 2226 1342 2260 passus
1381 2214 1458 2250 eius
1495 2215 1721 2255 nominatur.

235 2272 297 2318 qui
321 2274 445 2308 certus
470 2274 529 2308 est
552 2272 733 2318 fugiendi.
758 2274 801 2308 ut
825 2273 865 2308 id
890 2273 968 2309 sine
993 2274 1069 2309 ulla
1093 2285 1198 2309 mora
1223 2273 1350 2309 faciat.

331 2332 410 2369 144.
461 2331 571 2377 Verg.
595 2332 689 2368 Aen.
714 2332 764 2377 ΙΙ,
793 2333 876 2376 123;
902 2332 972 2371 ΠΙ,
1000 2333 1078 2368 100.

330 2391 409 2427 147.
458 2402 553 2426 mors
576 2392 718 2427 habitat
756 2412 797 2418 -
835 2393 900 2427 ιωο
931 2393 1063 2433 littora
1102 2392 1170 2428 cfr.
1197 2384 1272 2430 Ovj
1290 2393 1382 2428 artis
1407 2393 1458 2433 Π,
1483 2393 1555 2429 463
1578 2394 1652 2429 iaie
1677 2415 1721 2420 -

234 2450 374 2486 habitat
414 2450 631 2494 Concordia,-
669 2453 749 2486 met
797 2450 899 2490 VIII,
944 2451 1015 2486 790
1048 2452 1168 2497 friyus
1211 2453 1284 2488 illic
1323 2453 1488 2488 habitant
1528 2454 1722 2499 Pallorque

240 2509 458 2554 hemorque.

333 2568 412 2605 149.
462 2568 642 2605 Similiter
667 2580 689 2604 a
714 2569 814 2605 socio
831 2569 948 2605 Ulixis
967 2570 1216 2616 Polyphemus
1242 2572 1466 2608 describitur
1491 2572 1591 2617 apud
1609 2571 1711 2617 Vel-g

236 2627 328 2664 Aen.
354 2627 424 2668 111,
450 2628 531 2664 619.

335 2686 414 2723 151.
463 2692 641 2723 aeternum
666 2688 789 2734 poetis
813 2700 928 2735 saepe
952 2691 1010 2725 est
1033 2701 1101 2735 pro
1127 2690 1323 2726 adverbio:
1373 2690 1458 2726 708:
1494 2691 1579 2726 Hor.
1615 2691 1721 2737 epist.

237 2743 268 2786 L
297 2745 351 2785 10,
376 2746 442 2791 413
483 2746 550 2783 Ov.
588 2747 679 2782 artis
713 2747 780 2784 m.
805 2748 892 2790 414;
929 2749 1027 2784 trist.
1052 2749 1094 2784 V.
1121 2749 1152 2786 3.
1179 2750 1241 2791 41;
1280 2752 1368 2785 met.
1395 2749 1457 2786 VI.
1484 2750 1553 2784 369
1562 2764 1573 2794 ‚-
1611 2749 1710 2794 Verg
