1890 3100
0 0 207 38 carew<
219 15 223 23 2

556 245 943 283 ARGONAVTICON
967 245 1114 280 LIBER
1138 245 1189 281 H.
1567 245 1649 289 197

274 367 347 405 has
378 367 497 405 etiam
524 372 651 404 terras
679 369 944 416 consertaque
973 363 1160 415 gentibus
1190 376 1284 401 arva

275 432 342 479 sic,
371 431 517 483 pelago
543 430 743 482 pulsante,
771 442 874 476 reor,
902 429 1108 480 Neptunia
1136 428 1335 480 quondam
1379 452 1382 456 Δ

274 497 407 548 cuspis
437 501 478 535 et
505 482 666 534 adversi
693 495 838 545 longus
866 493 980 532 labor
1007 493 1177 532 abscidit
1206 494 1307 540 aevi,

0 583 12 644 μ
274 567 318 600 ut
346 561 525 600 Siculum
551 560 829 611 Libycumque
857 559 975 605 latus,
1006 559 1236 610 stupuitque
1265 558 1424 609 fragore

272 627 394 665 Ianus
424 631 465 665 et
492 625 667 664 occiduis
694 630 884 676 regnator
910 624 1110 662 montibus
1138 624 1295 662 Atlans.
1653 631 1707 661 620

273 692 352 730 iam
379 692 474 742 iuga
500 691 690 729 Percotes
718 690 959 741 Pariumque
988 689 1134 727 infame
1163 689 1335 740 fragosis

165 815 389 851 firmamdam
412 825 518 850 suam
543 813 832 859 explicationem
857 812 970 848 affert
992 812 1117 848 locum
1141 812 1262 847 Taciti
1293 823 1378 847 ann.
1411 811 1479 857 ΙΠ,
1513 812 1545 854 7,
1579 823 1651 857 quo

165 874 260 910 nihil
284 874 570 910 demonstratur.
621 872 696 909 Sed
718 883 760 908 re
783 883 876 908 vera
900 883 960 908 res
985 883 1026 907 se
1049 872 1105 906 ita
1130 872 1257 914 habet,
1283 872 1326 906 ut
1344 871 1525 907 describit
1542 871 1652 906 Vale-

164 933 250 975 rius,
275 933 363 969 vide
387 932 604 978 Limpricht,
631 932 692 967 die
718 930 863 967 Strasse
889 931 956 967 der
980 931 1234 967 Dardanellen
1258 943 1295 976 p.
1321 930 1384 965 37:
1405 930 1476 966 ‘die
1494 933 1650 976 europa-

163 992 266 1028 ische
289 991 406 1028 Kfiste
430 991 530 1027 zieht
554 991 634 1026 sich
658 991 711 1026 als
737 990 820 1026 eine
844 990 1108 1036 gleichm'assig
1132 990 1257 1031 steile,
1289 1002 1359 1024 nur
1384 989 1506 1025 selten
1532 989 1651 1024 durch

165 1051 249 1088 eine
271 1055 442 1096 grossere
466 1050 727 1094 Thalweitung
750 1049 1050 1085 unterbrochene
1073 1049 1200 1084 Wand
1225 1049 1350 1087 dahin.
1399 1049 1487 1084 Ihre
1512 1048 1652 1084 kahlen

86 1129 88 1131 >
163 1111 298 1148 Hohen
321 1121 388 1146 aus
411 1110 563 1155 gelbem
587 1109 678 1145 oder
700 1109 946 1145 weisslichem
970 1108 1069 1144 Kalk
1096 1110 1299 1154 gewahren
1330 1108 1468 1145 keinen
1498 1108 1650 1144 freund-

162 1169 288 1206 lichen
310 1169 482 1205 Anblick.
530 1168 791 1204 Wohlthuend
816 1167 1036 1203 contrastirt
1060 1167 1178 1203 damst
1210 1168 1278 1203 das
1303 1167 1651 1208 Landschaftsbild,

165 1222 232 1264 das
257 1228 319 1264 die
343 1227 542 1263 asiaffische
567 1227 686 1263 Kiiste
712 1226 924 1262 darbietet.’

257 1287 336 1323 616.
387 1291 548 1322 conserta
569 1286 731 1332 yentibus
755 1297 844 1321 arva
868 1287 954 1320 sunt
979 1297 1071 1321 arva
1096 1285 1272 1321 continuo
1289 1287 1415 1321 tractu
1432 1297 1455 1320 a
1474 1285 1651 1331 gentibus

164 1346 354 1388 habitata;
381 1345 448 1381 cfr.
474 1345 585 1390 Verg.
610 1346 701 1381 Aen.
728 1344 790 1386 III,
816 1344 887 1380 468
912 1345 1024 1380 lorica
1047 1349 1209 1380 conserta
1233 1345 1365 1387 hamam
1383 1345 1471 1381 Luc.
1497 1344 1559 1386 IV,
1582 1343 1651 1379 136

165 1405 362 1441 conseq-itur
384 1425 431 1454 -1
455 1405 580 1439 cumba
609 1415 755 1449 papyro
791 1405 816 1439 i.
854 1414 882 1439 e.
921 1404 1055 1439 cumba
1092 1403 1300 1439 fabricatur
1337 1404 1514 1439 continua
1550 1403 1646 1439 serie

162 1463 314 1511 papyri;
339 1463 404 1500 Sil.
429 1463 491 1506 IV,
519 1463 564 1498 16
589 1464 786 1499 conseritur
810 1463 958 1507 tegimen
991 1464 1140 1498 mmm
1164 1486 1210 1491 —
1234 1463 1380 1505 thorax;
1408 1462 1503 1499 Stat.
1530 1463 1648 1499 Theb.

163 1522 252 1565 VII,
266 1523 336 1559 728
360 1526 557 1559 con-senum
573 1523 675 1557 cwnei
691 1523 800 1564 ῖατιις,
818 1523 919 1558 Suet.
939 1521 1047 1559 Galb.
1066 1521 1111 1557 18
1128 1523 1254 1557 monile
1270 1523 1477 1568 mamm-im
1491 1523 1652 1568 yemmis-

163 1593 229 1628 que
251 1586 458 1629 eon-smum.
507 1581 573 1616 His
597 1581 688 1617 locis
715 1581 935 1617 conserendi
958 1581 1117 1616 verbum
1140 1593 1215 1616 non
1242 1581 1378 1622 dicitur
1403 1581 1451 1617 de
1480 1581 1649 1616 multitu-

165 1641 251 1678 dine
275 1652 400 1678 rerum
422 1641 485 1677 vel
508 1640 708 1686 hominum,
735 1640 796 1685 qui
821 1640 861 1675 in
884 1652 999 1675 unum
1023 1640 1124 1676 inter
1148 1651 1188 1676 se
1214 1641 1469 1682 conseruntur,
1508 1641 1575 1676 sed
1604 1640 1651 1676 de

165 1711 219 1743 eo,
245 1700 345 1746 quod
369 1711 415 1736 ex
439 1701 510 1735 hac
530 1699 763 1735 consertione
791 1699 965 1744 efficitur,
994 1700 1032 1735 et
1057 1699 1186 1734 similis
1213 1700 1270 1735 est
1299 1699 1414 1741 notio,
1448 1711 1523 1735 non
1546 1711 1651 1745 pror-

164 1771 225 1795 sus
249 1759 394 1803 eadem,
418 1759 493 1794 loci
518 1758 719 1794 Valeriani.

257 1817 339 1854 618.
385 1818 440 1853 Ex
476 1817 718 1853 similitudine
755 1817 914 1853 aliarum
949 1818 1075 1853 terrae
1123 1817 1348 1853 continentis
1385 1817 1648 1859 mutationum,

164 1888 254 1924 quas
277 1876 438 1912 traditas
468 1876 614 1922 accepit
636 1876 817 1918 Valerius,
851 1877 966 1912 etiam
996 1876 1124 1912 Asiam
1155 1877 1202 1911 ab
1237 1876 1388 1922 Europa
1411 1876 1579 1912 violenta
1614 1877 1652 1912 vi

162 1935 342 1972 fluctuum
366 1935 553 1981 quondam
577 1935 762 1970 divulsam
793 1946 873 1971 esse
907 1936 1114 1982 coneludit3
1152 1935 1192 1970 id
1230 1947 1270 1970 re
1301 1947 1392 1971 vera
1423 1935 1478 1970 ita
1510 1935 1653 1971 factum

164 2005 245 2031 esse
274 1994 433 2030 tradidit
462 1994 647 2030 Diodorus
677 1994 720 2036 V,
752 1995 798 2029 47
831 1994 1046 2030 auctoribus
1078 1994 1394 2035 Samothracibus,
1428 1995 1510 2029 tum
1535 1995 1651 2032 Prisc.

163 2053 304 2099 perieg.
329 2054 374 2089 15
400 2054 439 2090 et
462 2053 557 2092 Plin.
582 2053 666 2088 hist.
694 2054 772 2089 nat.
798 2056 841 2098 V,
869 2054 955 2100 1413
981 2053 1047 2090 cfr.
1076 2053 1200 2089 Strab.
1226 2053 1255 2094 I,
1282 2053 1315 2095 3,
1348 2053 1382 2089 4.
1440 2053 1498 2089 De
1529 2053 1654 2090 Sicilia

85 2124 87 2126 ·
165 2114 204 2149 et
226 2112 356 2148 Africa
380 2112 517 2148 avulsis
543 2112 612 2148 cfr.
638 2113 687 2148 ad
710 2113 739 2154 Ι,
768 2112 846 2147 588.

7 2166 11 2175 '
86 2182 94 2196 “
257 2171 341 2208 620.
391 2171 752 2208 Commemoratione
772 2172 858 2206 Iani
881 2171 1031 2207 videtur
1053 2172 1169 2217 poeta
1193 2170 1360 2207 indicare
1385 2171 1556 2214 voluisse,
1583 2173 1651 2208 has

8 2270 10 2274 y
74 2221 110 2274 f.-
164 2229 387 2267 mntationes
411 2230 532 2266 factas
557 2241 638 2266 esse
664 2242 708 2266 eo
731 2232 912 2276 tempore,
939 2242 1023 2265 cum
1046 2230 1158 2265 Ianus
1182 2230 1222 2265 in
1246 2230 1360 2266 Italia
1384 2233 1574 2276 regnaret,
1602 2232 1650 2267 de

8 2290 12 2296 ’
165 2298 240 2334 qua
261 2300 302 2325 re
327 2288 394 2325 cfr.
419 2289 575 2325 Prelleri
598 2289 755 2334 mythol.
782 2301 872 2325 rom.
900 2288 943 2330 1³,-
972 2289 1050 2324 182.

88 2387 102 2396 ,ἢ
259 2348 415 2384 occiduis
437 2352 606 2394 regnator
630 2348 815 2390 montibu-s,
842 2347 908 2385 cfr.
934 2348 1045 2393 Verg.
1072 2360 1200 2393 georg.
1227 2348 1256 2390 I,
1282 2349 1352 2384 482
1374 2350 1564 2392 fluviorum
1588 2361 1652 2385 rex

167 2405 366 2450 ffldamoe;
390 2406 483 2443 Aen.
507 2407 610 2457 VIII,
637 2408 682 2442 77
708 2407 944 2452 Hesperidum
968 2408 1100 2451 fluvius
1123 2412 1292 2453 reynator
1316 2419 1490 2453 aquarum
1526 2408 1651 2454 (Tibe—

79 2486 94 2519 1-
166 2463 240 2507 ἠως
266 2465 333 2502 Ov.
357 2467 447 2503 met.
471 2465 525 2502 IX
550 2466 593 2500 17
632 2466 797 2502 dominus
821 2478 995 2511 aquarum
1033 2467 1267 2512 (Achelous);
1307 2466 1401 2503 Stat.
1434 2467 1550 2503 Theb.
1586 2467 1648 2509 IV,

168 2521 238 2558 825
272 2525 460 2566 silvarum,
494 2524 637 2566 Nemee,
678 2525 779 2571 longe
809 2527 934 2571 regina
964 2527 1154 2568 virentum
1193 2526 1328 2562 Auson.
1369 2526 1485 2572 epigr.
1523 2525 1596 2567 IH,
1630 2523 1649 2560 1

4 2593 22 2610 ³:
90 2575 91 2579 ¹
169 2578 327 2628 ,ΠΨ-ἕω
349 2587 516 2629 reynator
539 2586 645 2629 aquis
669 2583 813 2629 (Nilus).

17 2655 25 2691 1¹
91 2651 101 2675 1
263 2640 344 2678 621.
393 2642 540 2678 Percote
565 2645 876 2679 commemoratur
902 2643 977 2679 iam
1002 2644 1050 2679 ab
1076 2644 1182 2679 Hom.
1208 2643 1252 2680 11.
1278 2643 1333 2682 ΙΙ,
1360 2643 1446 2686 835;
1472 2643 1537 2680 cfr.
1563 2643 1650 2679 Her.

17 2743 22 2750 1
88 2703 99 2751 s.
171 2697 213 2740 V,
240 2699 465 2742 11738t1ab.
490 2701 593 2742 XIII,
620 2704 651 2747 1,
679 2702 710 2744 7,
738 2702 785 2739 al.
