1890 3100
615 197 1003 234 ARGONAVTICON
1027 196 1175 232 LIBER
1191 195 1252 230 VI.
1590 196 1676 240 433

300 326 342 358 et
368 319 440 357 tibi
469 319 503 356 si
529 319 658 371 pietas
686 318 781 365 nati,
811 318 845 356 si
873 317 1014 356 dextra
1040 316 1194 362 fuisset,

299 384 398 422 haut
424 383 545 422 medii
572 383 756 435 precibus
784 389 937 421 tereres
965 395 1072 420 nunc
1098 387 1279 432 tempora
1306 380 1415 428 belli,

301 449 452 501 praeda
477 449 611 487 future
639 462 793 487 canum.
849 448 986 486 iuveni
1013 460 1099 485 sors
1125 446 1329 498 pulchrior
1357 445 1501 483 omnis:

302 519 344 552 et
371 519 548 552 certasse
575 527 695 552 manu
724 513 842 552 decet
869 519 910 551 et
938 512 1116 550 caruisse
1144 510 1381 562 sepulchro'.

300 579 476 627 dixerat3
505 579 575 618 ille
604 579 702 618 deos
730 579 902 617 moriens
932 577 1169 629 caelumque
1196 582 1393 628 precatur,
1678 589 1734 618 315

302 644 470 683 dextera
496 657 548 682 ne
576 644 720 682 misero
748 642 839 681 talis
867 642 973 681 foret
1001 642 1120 680 obvia
1146 647 1252 679 nato.

356 710 417 748 Te
447 722 618 761 quoque,
649 708 818 754 Canthe,
846 708 906 745 tui
932 720 1013 745 non
1040 706 1166 744 inscia
1193 706 1344 744 funeris
1372 706 1484 757 Argo

299 774 410 813 flevit
437 774 488 813 ab
515 774 641 812 invita
666 773 887 824 rapientem
914 772 999 811 tela
1027 772 1172 810 carina.

298 840 378 878 iam
408 839 618 891 Scythicos
646 837 873 877 miserande
902 838 1024 885 sinus,
1052 837 1131 875 iam
1159 836 1343 875 Phasidis
1373 849 1530 874 amnem

299 905 535 956 configens,
564 917 640 942 nec
667 904 789 955 longa
816 902 914 950 dies,
944 908 988 940 ut
1016 908 1133 954 capta
1160 901 1319 940 videres
1674 909 1731 939 3⁸20

297 969 452 1009 vellera
479 976 520 1008 et
546 969 739 1008 Euboicis
767 969 916 1021 patrios
946 967 996 1007 de
1024 967 1224 1006 montibus
1252 968 1380 1019 ignes.

297 1034 422 1081 illum,
451 1034 520 1072 ubi
548 1047 768 1085 congressu
798 1033 918 1071 subiit
947 1031 1159 1072 Gesander
1185 1033 1334 1084 iniquo,

297 1100 452 1138 territat
479 1099 559 1137 his:
591 1104 656 1145 ιῐιι,
688 1099 755 1151 qui
782 1098 922 1137 faciles
949 1098 1235 1150 hominumque
1263 1097 1412 1149 putasti

194 1241 265 1275 que
288 1240 336 1265 ne
359 1228 504 1264 mireris
529 1228 706 1273 Scytham
733 1229 938 1263 barbarum
963 1228 1010 1263 de
1027 1228 1098 1262 filis
1126 1228 1225 1263 vitae
1250 1227 1421 1273 abruptis
1445 1227 1557 1272 loqui,
1585 1238 1671 1263 con·

191 1288 292 1325 feras
328 1288 451 1329 velim.
489 1299 584 1334 quae
619 1287 719 1322 infra
756 1287 848 1322 dicit
872 1287 919 1323 de
943 1287 1065 1327 remis,
1098 1287 1201 1331 velis,
1227 1287 1419 1323 moenibus
1443 1287 1675 1332 Argivorum,

194 1358 290 1392 quae
314 1359 501 1393 nunquam
525 1347 628 1382 vidit.
681 1347 787 1382 Talia
810 1348 925 1392 poeta
950 1359 1024 1382 non
1050 1346 1159 1382 anxie
1186 1346 1341 1382 curavit.

287 1406 368 1443 312.
416 1407 523 1442 medii
545 1428 591 1433 —
617 1410 774 1451 tempora
799 1407 895 1452 belli3
921 1406 987 1441 cfr.
1002 1406 1113 1451 Verg.
1138 1406 1230 1441 Aen.
1255 1406 1305 1447 Π,
1332 1405 1403 1441 533
1417 1405 1678 1441 inmediaiam

191 1469 304 1502 morie
326 1469 482 1508 temtum
509 1465 571 1500 Sil.
591 1465 642 1507 Π,
667 1465 737 1500 665
753 1467 847 1501 inter
872 1465 1003 1501 medios
1021 1465 1167 1500 caedum
1186 1465 1344 1508 furore-x
1373 1464 1412 1506 V,
1437 1464 1509 1499 409
1523 1464 1676 1509 reposcit

197 1525 369 1570 Tempora
398 1525 597 1569 promissae
632 1524 746 1560 media
770 1526 844 1560 iam
872 1528 982 1560 morte
1004 1528 1178 1566 senectam
1215 1524 1325 1570 Verg.
1358 1535 1484 1569 georg.
1511 1523 1580 1564 ΙΙΙ,
1606 1523 1676 1558 331

193 1586 313 1620 aestus
336 1584 451 1619 medii.

287 1643 368 1679 313.
418 1644 513 1679 omni
535 1643 631 1685 Vat„
657 1643 771 1679 omnis
796 1643 958 1688 Lennep,
984 1643 1059 1678 vid.
1085 1644 1179 1678 stud.
1205 1643 1363 1678 Vindob.
1389 1642 1432 1684 V,
1460 1642 1545 1684 141;
1572 1642 1676 1677 recte

194 1703 354 1739 contulit
376 1703 483 1739 Koch
508 1702 663 1738 coniect.
687 1715 725 1748 p.
750 1702 796 1737 22
820 1703 928 1738 Hom.
955 1702 999 1739 Π.
1024 1702 1142 1748 XXII,
1168 1702 1212 1737 71
1238 1713 1339 1748 seqq.
1364 1701 1428 1748 νέῳ
1453 1702 1492 1739 δέ
1515 1716 1551 1739 τε
1581 1701 1676 1738 πάντ’

197 1760 342 1800 ἐπέοικεν
367 1761 621 1808 Ἀρηικταμένῳ,
653 1761 856 1808 δεδαῒγμένῳ
882 1761 945 1805 ὀξέι
968 1766 1082 1809 χαλκῷ
1108 1765 1256 1798 Κεῒσῦαι·
1288 1764 1398 1798 πάντα
1431 1763 1470 1799 δὲ
1500 1766 1587 1798 καλὰ
1616 1765 1678 1798 θα-

193 1822 281 1859 νόντι
303 1835 364 1867 περ
388 1821 405 1858 ὅ
429 1835 459 1857 τι
482 1824 602 1872 φανήῃ.

288 1880 369 1916 314.
418 1881 575 1915 caruisse
599 1880 678 1916 fere
702 1880 803 1916 idem
828 1882 941 1926 atque
966 1882 1006 1916 in
1031 1885 1140 1916 morte
1163 1891 1236 1917 mm
1260 1881 1426 1925 adeptum
1452 1892 1534 1916 ease.

288 1939 367 1975 317.
397 1939 581 1975 Canthum
604 1939 644 1974 in
656 1939 775 1984 Libya
798 1939 1019 1975 moriturum
1044 1950 1125 1976 esse
1139 1940 1258 1985 Apoll.
1273 1940 1414 1975 indicat
1426 1940 1455 1980 Ι,
1481 1939 1528 1975 80
1546 1939 1674 1987 (Orph.

193 2000 284 2046 Arg.
311 1999 404 2045 141),
430 1999 591 2034 mortem
614 1998 735 2044 ipsam
759 2000 886 2034 narrat
902 1998 964 2040 IV,
992 1999 1085 2034 1483
1110 2010 1227 2044 seqq.;
1254 2002 1293 2034 at
1316 2010 1444 2044 pugna
1462 2010 1547 2034 eum
1572 2010 1675 2034 casu-

194 2071 276 2095 rum
299 2058 339 2093 in
364 2069 496 2103 campo
520 2058 646 2093 Aeaeo
671 2057 946 2102 significaverat
970 2057 1139 2093 Valerius
1165 2057 1192 2099 Ι,
1218 2058 1299 2094 451.

287 2128 361 2153 mm
395 2117 510 2153 inscia
543 2116 683 2159 funeral?
707 2117 806 2162 Aryo
831 2128 880 2153 sc.
906 2116 1091 2152 instructa
1114 2117 1221 2153 trabe
1246 2117 1312 2152 illa
1335 2117 1502 2159 fatidica,
1528 2118 1576 2154 de
1601 2129 1675 2163 qua

195 2177 267 2214 vid.
292 2177 339 2213 ad
363 2176 391 2219 Ι,
417 2176 498 2213 301.

289 2235 369 2271 318.
417 2236 613 2280 rapientem
635 2236 715 2276 tela,
742 2235 808 2271 cfr.
836 2236 884 2270 ad
909 2234 938 2280 Ι,
963 2235 1043 2271 255.

288 2295 367 2330 320.
417 2306 480 2330 nec
504 2295 609 2340 lonqa
633 2295 718 2339 die-9,
743 2306 787 2330 sc.
814 2294 886 2329 tibi
911 2295 1011 2334 data,
1038 2294 1105 2330 cfr.
1135 2295 1184 2330 ad
1208 2295 1238 2337 Ι,
1264 2295 1345 2331 489.

287 2354 367 2390 322.
417 2365 604 2400 congre-ssu
628 2377 673 2382 —
698 2355 820 2399 iniquo
843 2354 866 2390 i.
894 2365 922 2390 e.
956 2354 1095 2396 hostili;
1135 2366 1209 2390 non
1234 2357 1337 2391 recte
1363 2355 1531 2400 Wagner
1554 2355 1673 2391 verba

191 2413 387 2450 intellexit.

289 2473 371 2510 323.
417 2473 542 2516 faciles
578 2473 823 2518 hominumque
852 2474 996 2518 putasti
1031 2474 1098 2509 kae
1136 2494 1180 2500 -—
1219 2474 1339 2510 domos
1362 2473 1386 2510 i.
1414 2485 1444 2510 e.
1469 2474 1672 2520 hospitales

195 2532 396 2577 qualesque
422 2543 502 2568 esse
521 2532 643 2567 solent
659 2531 867 2579 hominum3
892 2532 992 2568 facili
1008 2533 1256 2569 translatione
1274 2533 1322 2569 de
1339 2533 1508 2569 domibus
1526 2533 1672 2575 dicitur,

195 2591 294 2636 quod
317 2591 466 2637 proprie
492 2591 541 2627 ad
566 2591 733 2627 homines
757 2591 933 2637 pertinet.

291 2649 464 2687 Ceterum
499 2662 679 2696 perquam
703 2650 902 2687 infeliciter
926 2663 1006 2688 rem
1031 2652 1147 2697 gessit
1170 2652 1350 2695 Valerius,
1376 2653 1476 2698 quod
1500 2653 1582 2688 loco
1608 2652 1673 2688 ali-
