1890 3100
251 243 337 287 252
797 243 834 279 c.
859 243 1041 279 VALERI
1066 243 1241 280 FLAOCI

351 363 520 400 mittitur
549 363 591 400 in
618 376 794 414 puppem
822 376 931 402 remo
960 377 1080 402 mare.
1137 363 1267 402 laetus
1298 370 1338 402 et
1365 365 1451 415 ipse

354 428 519 467 Alcides
551 429 747 481 ‘quisnam
774 429 848 468 hos
877 434 995 468 vocat
1021 430 1065 467 in
1094 430 1311 467 certamina
1338 428 1519 468 fluctus?

356 493 465 541 dixit,
498 500 538 532 et
566 494 721 532 intortis
751 493 972 546 adsurgens
1004 494 1150 533 arduus
1180 494 1296 533 undis

355 560 552 611 percussit
581 559 711 598 subito
742 559 955 612 deceptum
983 560 1178 612 fragmine
1207 566 1360 612 pectus,

355 630 475 677 atque
504 625 545 663 in
572 630 688 676 terga
712 639 832 664 ruens
861 626 1032 664 Talaum
1060 626 1284 678 fortemque
1313 626 1508 665 Eriboten

356 695 396 728 et
424 689 545 741 longe
574 696 710 729 tantae
740 704 924 729 securum
953 691 1182 742 Amphiona
1210 691 1325 729 molis

1736 432 1790 462 475

355 755 485 793 obruit
513 756 634 808 inque
663 762 731 794 tuo
761 757 894 808 posuit
923 763 1053 808 caput,
1083 757 1227 808 Iphite,
1258 763 1441 795 transtro.
1733 752 1788 781 480

408 821 493 859 Iam
523 834 696 860 summas
727 821 830 860 caeli
858 821 1047 860 Phoebus
1078 821 1310 860 candentior
1338 836 1451 861 arces

355 886 507 924 vicerat
536 892 576 925 et
603 887 745 938 longas
776 886 931 926 medius
962 893 1222 925 revocaverat
1249 887 1422 926 umbras.

353 951 502 989 tardior
530 951 623 990 hinc
652 957 836 990 cessante
865 952 950 990 viro
981 965 1082 1004 quae
1112 953 1293 1003 proxima
1321 953 1477 1004 Tiphys

247 1052 488 1097 inyemisount,
528 1063 601 1087 non
632 1052 727 1096 quod
756 1052 898 1087 doleant
931 1052 1091 1087 animove
1114 1053 1354 1097 succumbant,
1391 1053 1454 1088 sed
1476 1053 1562 1098 quia
1580 1053 1736 1097 profan-

249 1111 366 1146 denda
390 1122 472 1146 voce
497 1122 596 1146 omne
622 1094 751 1155 co'mous
775 1111 974 1147 intenditur
998 1112 1159 1156 venitque
1177 1112 1289 1157 playa
1314 1113 1556 1148 vehementior.

342 1172 499 1207 vicissim
524 1171 593 1206 hoc
618 1171 701 1206 loco
726 1171 829 1206 idem
853 1171 1040 1214 significat
1065 1171 1163 1216 quod
1189 1171 1374 1207 certatim.

341 1231 423 1267 474.
472 1241 578 1272 mare,
607 1241 704 1275 aqua
730 1230 884 1272 marina,
912 1229 979 1266 cfr.
999 1230 1047 1265 ad
1071 1230 1101 1277 Ι,
1121 1230 1206 1278 479;
1235 1230 1394 1266 eandem
1412 1230 1605 1266 notionem
1621 1230 1738 1266 habet

251 1301 384 1336 aequor
408 1290 469 1331 IV,
497 1290 578 1326 666.

344 1351 456 1385 laetus
482 1354 514 1384 et
549 1351 646 1394 ipse
670 1349 813 1384 Alcides
839 1371 882 1375 —
909 1349 1010 1394 dixit,
1047 1360 1156 1394 quem
1190 1349 1333 1394 magnis
1358 1348 1499 1384 viribus
1524 1349 1738 1394 praeditum

249 1410 299 1445 ad
324 1410 515 1445 certamen
541 1421 623 1444 cum
642 1408 881 1444 inferioribus
900 1408 1136 1444 descendisse
1162 1419 1236 1444 non
1253 1408 1454 1444 verisimile
1473 1409 1564 1444 erat.
1614 1408 1739 1444 Etiam

248 1469 351 1515 apud
368 1468 607 1514 Apollonium
631 1467 840 1503 invenimus
858 1469 954 1503 hanc
972 1468 1019 1503 de
1038 1468 1159 1503 fracto
1178 1479 1281 1503 remo
1299 1467 1468 1503 Herculis
1486 1467 1740 1503 narrationem

250 1528 454 1564 certamine
495 1527 679 1569 instituto,
723 1527 789 1563 sed
832 1527 952 1562 minus
995 1527 1091 1562 bene
1136 1528 1175 1562 et
1217 1527 1348 1562 contra
1388 1526 1586 1563 veritatem
1626 1528 1740 1572 poeta

251 1587 414 1623 Graecus
446 1587 566 1632 fingit,
602 1598 672 1632 per
709 1586 942 1631 aliquantum
978 1586 1157 1631 temporis
1196 1586 1345 1621 solum
1369 1586 1569 1622 Herculem
1606 1586 1740 1622 ceteris

249 1647 405 1683 defessis
431 1658 567 1682 navem
592 1646 812 1691 remigando
836 1645 1076 1691 promovisse.
1139 1645 1209 1680 Vix
1248 1646 1373 1681 autem
1411 1645 1600 1687 credibile,
1627 1645 1741 1691 Apol-

250 1706 392 1742 lonium
417 1705 628 1747 nescivisse,
656 1705 687 1740 si
713 1705 760 1740 ab
786 1717 860 1740 uno
878 1706 1027 1739 tantum
1057 1705 1178 1740 latere
1204 1704 1315 1740 remis
1341 1705 1487 1750 agatur,
1514 1715 1650 1740 navem
1666 1715 1741 1740 non

248 1765 487 1812 promoveri,
515 1765 582 1800 sed
606 1765 645 1799 in
671 1765 801 1800 orbem
825 1764 978 1800 moveri.

343 1825 424 1861 475.
475 1825 540 1860 hos
562 1825 691 1867 flnctus
717 1829 819 1868 ‘quos
847 1835 917 1869 ego
943 1823 1098 1859 moveo'.
1173 1827 1275 1858 vocat
1313 1824 1351 1858 in.
1376 1823 1572 1859 certamina
1593 1823 1740 1866 flnctus;

251 1886 363 1930 Verg.
391 1884 481 1920 Aen.
507 1883 569 1925 VI,
598 1884 677 1919 172.

344 1944 423 1980 476.
475 1944 618 1979 intorti-s·
643 1964 686 1969 —
711 1943 827 1983 undis,
866 1943 989 1978 undae
1015 1942 1126 1978 remis
1151 1941 1423 1987 intorquentur,
1451 1940 1518 1977 cfr.
1544 1942 1642 1983 VIII,
1671 1940 1739 1976 287

253 2005 293 2040 et
319 2003 369 2038 ad
394 2003 424 2045 I,
451 2003 531 2039 362.

345 2063 424 2098 477.
475 2062 591 2097 subito
614 2062 793 2107 fraqmine
817 2062 840 2098 i.
869 2073 898 2097 e.
926 2061 1025 2106 quod
1050 2061 1173 2096 subito
1194 2062 1344 2105 (remus)
1371 2059 1512 2095 fractus
1540 2060 1613 2100 est;
1640 2058 1741 2104 frag-

251 2134 338 2158 men
364 2121 552 2157 actionem
565 2121 767 2166 frangendi
793 2121 863 2156 hoc
880 2121 958 2156 loco
976 2120 1120 2155 indicat
1138 2121 1179 2155 ut
1197 2119 1260 2156 Sil.
1277 2119 1307 2161 Ι,
1326 2119 1396 2154 372
1412 2119 1582 2154 scindunt
1602 2120 1740 2165 (rupes)

251 2183 437 2217 resonanti
459 2182 637 2225 fraymine
660 2185 820 2216 montem.
1442 2211 1445 2213 .

347 2240 427 2276 478.
455 2241 493 2276 in
506 2245 605 2286 terya
617 2251 734 2281 ruens,
755 2240 821 2276 cfr.
830 2239 891 2281 VI,
913 2239 982 2275 399
994 2250 1109 2284 pavor
1122 2242 1271 2283 occupat
1282 2239 1408 2284 inqens
1422 2237 1579 2273 excussis
1590 2238 1630 2272 in
1643 2240 1743 2282 teo-qa

252 2300 356 2342 viri&
381 2300 421 2335 in
445 2303 581 2344 terqum
606 2300 730 2334 cadere
755 2299 849 2333 dixit
867 2299 953 2334 Luc.
972 2298 1034 2344 IV,
1060 2298 1123 2340 39;
1167 2302 1255 2342 post
1278 2301 1301 2332 t.
1328 2308 1430 2332 ruere
1446 2297 1556 2331 Prud.
1579 2297 1740 2331 cathem.

252 2359 334 2406 VII,
374 2359 453 2395 195.
503 2359 576 2394 Sed
603 2359 703 2404 apud
730 2358 875 2404 Coripp.
918 2363 1003 2403 post
1029 2363 1162 2403 teryum
1187 2358 1303 2392 redire
1327 2357 1407 2392 Ioh.
1433 2355 1501 2393 III.
1528 2355 1615 2398 229;
1653 2354 1740 2397 240;

253 2419 316 2464 IV,
344 2418 421 2460 189,
449 2418 535 2459 9223
585 2418 638 2452 VI
664 2418 736 2464 (V),
771 2418 859 2464 4633
904 2417 988 2460 682;
1035 2417 1125 2461 759‚·
1162 2418 1200 2451 in
1226 2421 1325 2462 terya
1361 2415 1476 2451 redire
1500 2414 1591 2449 VIII
1627 2414 1676 2460 (V
1677 2413 1740 2458 Π),

255 2479 324 2514 596
351 2478 537 2524 significat
562 2477 672 2522 idem,
700 2477 799 2522 quod
824 2481 923 2522 terqa
948 2481 1089 2516 vertere,
1115 2477 1158 2510 ut
1185 2476 1258 2511 iam
1284 2475 1383 2520 apud
1409 2474 1470 2509 Sil.
1497 2474 1539 2513 X,
1569 2473 1647 2509 191.

349 2537 430 2573 482.
481 2538 605 2586 lonyas
622 2537 757 2571 medius
773 2540 997 2571 revocaverat
1013 2536 1166 2573 umbras,
1194 2546 1241 2570 ne
1258 2536 1338 2569 tam
1356 2534 1464 2578 longe
1481 2532 1740 2578 procederent,

255 2598 278 2632 i.
307 2609 338 2633 e.
365 2596 556 2633 breviores
583 2596 738 2640 fecerat,
766 2596 1016 2630 contraxerat.

350 2657 494 2693 medius,
523 2667 606 2690 cum
632 2656 730 2690 esset
755 2654 793 2688 in
818 2654 941 2689 medio
968 2665 1094 2694 cursu;
1122 2652 1188 2701 cfr.
1216 2653 1264 2687 ad
1288 2651 1336 2692 II,
1363 2651 1443 2687 444.

351 2716 432 2751 483.
482 2714 642 2750 Hercule
668 2716 836 2750 cessante
863 2723 998 2748 navem
1023 2712 1225 2747 tardiorem
1253 2711 1393 2746 factam
1418 2710 1510 2745 nihil
1535 2709 1679 2748 mirum.

1846 2547 1888 2575 ἃ

1842 2588 1855 2612 ““.
