1890 3100
251 216 337 259 322
776 212 813 249 c.
839 212 1020 248 VALERI
1051 213 1227 249 FLACCI

359 333 523 371 numina
553 338 649 371 nota
678 333 799 371 ciens.
858 338 992 384 stupet
1021 332 1193 371 Aesonis
1223 332 1361 371 inclita
1388 333 1521 384 proles

358 399 516 437 Phinea
546 412 621 437 ceu
649 411 866 450 numquam
896 398 1037 449 poenis
1066 398 1258 450 nullaque
1288 403 1496 449 gravatum

359 470 476 516 peste
505 465 631 502 Iovis:
658 470 741 502 tam
768 464 904 515 largus
934 464 1074 510 honos,
1104 470 1184 502 tam
1213 464 1313 502 mira
1342 469 1530 503 senectae

355 530 547 568 maiestas
577 530 727 579 infusa3
758 530 872 581 vigor
900 544 1027 568 novus
1058 535 1225 568 auxerat
1255 536 1376 568 artus.

357 600 440 633 tum
471 595 595 633 canit:
628 608 662 633 ·o
691 601 818 633 terras
848 595 955 633 fama
983 600 1152 633 venture
1181 608 1254 646 per
1283 608 1432 642 omnes,

359 674 478 713 quem
509 661 626 699 sociis
657 660 905 713 ducibusque
937 661 1022 698 deis
1053 666 1174 713 atque
1204 666 1289 698 arte
1318 661 1494 712 benigna

358 725 548 764 Pallados
577 726 665 778 ipse
693 726 798 764 ultro
827 726 961 764 Pelias
992 726 1042 764 ad
1072 725 1205 764 sidera
1232 726 1347 774 tollit,

358 790 536 838 demens,
567 790 660 829 dum
689 790 849 842 profugi
877 804 958 828 non
989 796 1123 842 sperat
1150 791 1305 829 vellera
1332 792 1481 839 Phrixi,

356 856 439 895 fata
466 856 660 908 locosque
689 856 773 902 tibi,
803 869 965 907 possum
996 869 1094 908 quas
1124 855 1294 895 reddere
1325 862 1471 907 grateS,

357 921 570 973 expediam
599 934 813 972 rerumque
842 921 928 958 vias
957 921 1159 973 finemque
1190 921 1356 962 docebo.

354 987 441 1038 ipse
473 987 605 1032 etiam,
638 986 704 1038 qui
733 999 797 1024 me
827 986 1013 1037 prohibet
1043 999 1115 1024 sua
1142 986 1319 1038 pandere
1340 987 1455 1026 terris

359 1052 532 1099 saecula,
562 1057 603 1090 te
632 1057 796 1103 propter
824 1051 934 1089 fandi
963 1052 1059 1089 mihi
1088 1052 1269 1103 Iuppiter
1297 1058 1446 1091 auctor.
1741 1062 1799 1091 560

354 1118 447 1155 hinc
475 1118 552 1155 iter
581 1117 632 1155 ad
659 1117 777 1155 Ponti
808 1122 926 1168 caput
957 1122 1217 1169 errantesque
1246 1131 1319 1169 per
1348 1118 1471 1156 altum

356 1183 558 1235 Cyaneas.
589 1183 699 1222 furor
727 1183 789 1221 his
819 1183 951 1222 medio
982 1197 1218 1222 concurrere
1247 1190 1382 1235 ponto,

354 1249 527 1288 necdum
555 1249 659 1287 ullas
688 1248 827 1287 videre
857 1255 982 1288 rates:
1030 1263 1102 1288 sua
1131 1250 1350 1288 comminus
1380 1255 1494 1288 actae

355 1329 455 1353 saxa
482 1321 669 1366 premunt
698 1320 919 1367 cautesque
952 1328 1056 1353 suas.
1115 1328 1189 1353 ceu
1218 1315 1380 1353 vincula
1408 1315 1545 1353 mundi

342 1439 422 1475 549.
471 1439 597 1475 inclita
615 1440 753 1484 proles3
783 1439 848 1475 Ov.
875 1440 963 1475 met.
990 1439 1054 1481 IX,
1081 1439 1161 1474 229.

339 1503 458 1544 stupet
481 1499 504 1534 i.
533 1510 564 1536 e.
592 1510 675 1534 cum
701 1500 854 1544 stupore
881 1499 1098 1541 admiratur,
1125 1501 1168 1534 nt
1193 1499 1241 1541 11,
1264 1499 1350 1543 510,
1376 1499 1487 1545 Verg.
1507 1500 1598 1535 Aen.
1618 1500 1666 1541 ΙΙ,
1686 1500 1740 1536 31.

340 1558 421 1594 555.
471 1559 565 1594 ultro
592 1559 700 1594 ‘ohne
728 1569 766 1594 es
792 1571 836 1593 zu
861 1559 1018 1600 wollen',
1057 1559 1110 1594 sic
1135 1558 1246 1604 Verg.
1274 1559 1365 1596 Aen.
1392 1559 1456 1600 IX,
1485 1559 1554 1594 676
1579 1560 1742 1605 ultroque

244 1618 400 1653 invitant
424 1619 606 1654 moenibus
630 1619 764 1653 hostem
775 1632 787 1663 ,·
824 1617 893 1652 729
925 1618 1074 1659 demens,
1101 1619 1162 1663 qui
1199 1639 1242 1644 -
1280 1630 1395 1664 reyem
1421 1640 1465 1644 —
1492 1619 1587 1654 ultro
1615 1640 1659 1644 —-
1685 1620 1740 1654 in-

244 1678 388 1713 cluserit
411 1679 503 1713 urbi.

340 1737 421 1773 558.
471 1748 656 1782 rerumque
680 1738 773 1780 vias;
802 1737 874 1775 vid.
903 1738 952 1772 ad
977 1737 1047 1778 ΙΙΙ,
1078 1738 1132 1772 17.

339 1796 420 1832 559.
471 1797 581 1843 Apud
606 1797 843 1842 Apollonium
870 1797 919 1838 Π,
953 1797 1022 1832 311
1050 1809 1151 1842 seqq.
1177 1797 1341 1833 Phineus
1367 1798 1410 1832 ut
1434 1809 1509 1833 non
1535 1797 1617 1833 aliis
1642 1809 1740 1834 mor-

243 1856 394 1898 talibus,
434 1856 486 1892 sic
523 1868 570 1892 ne
596 1856 824 1901 Argonautis
863 1856 1014 1901 quidem
1052 1857 1186 1897 omnia,
1228 1868 1325 1902 quae
1349 1857 1502 1901 instent,
1540 1857 1740 1892 vaticinari

244 1916 315 1951 sibi
340 1915 454 1951 licere
481 1915 583 1954 dicit.
635 1927 704 1951 sua
731 1916 892 1960 pandere
923 1918 1030 1952 terris
1063 1917 1205 1951 saecula
1230 1916 1254 1953 i.
1282 1928 1313 1954 e.
1338 1917 1512 1962 tempora
1543 1928 1612 1963 per
1645 1928 1740 1962 quae

243 1986 443 2011 mansurae
470 1977 508 2010 et
534 1986 629 2020 quae
655 1975 712 2010 his
737 1975 973 2021 temporibus
999 1987 1176 2021 passurae
1203 1976 1278 2011 sint
1302 1977 1439 2012 terrae.

339 2034 419 2071 560.
469 2039 502 2069 te
521 2039 692 2080 propter5
729 2035 776 2070 de
797 2035 1044 2071 collocatione
1069 2035 1358 2081 praepositionis
1385 2035 1452 2072 cfr.
1480 2036 1529 2071 ad
1554 2036 1582 2078 Ι,
1612 2036 1690 2071 151.

340 2094 420 2130 562.
469 2094 576 2136 furor
613 2095 670 2130 his
706 2094 729 2130 i.
758 2106 788 2130 e.
818 2094 975 2140 Cyaneis
1009 2094 1113 2130 furor
1149 2095 1264 2137 inest;
1304 2106 1432 2131 sensus
1471 2095 1523 2131 eis
1559 2095 1740 2130 tribuitur

243 2153 445 2197 hominum,
472 2153 598 2198 qualia
622 2154 742 2188 multa
781 2154 881 2199 apud
917 2155 1051 2200 poetas
1076 2154 1245 2199 legimus,
1283 2155 1327 2189 ut
1351 2156 1440 2190 caeli
1470 2155 1577 2197 furor
1604 2154 1737 2190 Catull.

242 2212 299 2253 46,
326 2212 365 2254 2;
391 2214 503 2248 maris
528 2213 609 2250 Tib.
636 2214 664 2254 1,
694 2214 724 2254 1,
751 2213 810 2250 49.

338 2271 419 2308 563.
469 2283 536 2307 sua
572 2294 619 2298 —
655 2284 747 2308 saxa
767 2277 956 2317 premunt:
997 2284 1188 2318 nunquam
1227 2274 1326 2309 enim
1363 2273 1561 2309 etiamtum
1598 2274 1738 2309 nautae

242 2342 311 2376 per
337 2342 399 2367 eas
427 2331 588 2367 evadere
615 2332 742 2367 conati
768 2334 887 2372 erant,
914 2345 1071 2378 quorum
1096 2344 1231 2369 navem
1256 2344 1428 2379 premere
1452 2334 1617 2378 possent.

338 2390 418 2427 564.
470 2402 548 2426 cum
568 2391 661 2437 vat„
684 2403 745 2426 ceu
763 2392 952 2434 Heinsius;
972 2404 1034 2427 ceu
1049 2413 1089 2419 —
1106 2394 1229 2428 labant
1251 2393 1274 2428 i.
1298 2404 1328 2429 e.
1346 2392 1465 2428 veluti
1483 2404 1566 2427 011111
1583 2392 1735 2438 labant3

243 2449 469 2485 indicativus
507 2462 581 2486 non
619 2451 823 2486 mutandus
859 2451 1020 2494 videtur,
1061 2452 1128 2488 cfr.
1165 2452 1289 2488 locum
1313 2451 1509 2487 Dracontii
1534 2451 1578 2497 X,
1616 2451 1660 2486 91
1688 2452 1737 2486 ad

245 2508 311 2550 III,
339 2509 407 2544 281
435 2510 602 2544 allatum.
656 2509 902 2555 Compar-atur
929 2512 1127 2557 quassatio,
1164 2522 1258 2557 quae
1292 2511 1336 2546 fit
1360 2512 1486 2547 terrae
1510 2512 1625 2554 motu,
1654 2523 1736 2547 cum

245 2579 299 2610 ea,
327 2580 422 2613 quae
443 2569 599 2614 Cyaneis
619 2570 924 2605 concurrentibus
945 2571 1126 2618 exoritur;
1152 2572 1239 2616 post
1263 2571 1380 2606 verba
1405 2574 1496 2606 tecta
1519 2571 1617 2606 vides
1641 2583 1733 2608 non-

243 2627 347 2663 nulla
391 2628 632 2668 exciderunt,
687 2629 818 2675 quibus
858 2630 975 2675 poeta
1025 2630 1304 2666 concussionem
1345 2641 1367 2665 a
1413 2629 1569 2675 Cyaneis
1612 2631 1734 2666 ortam

245 2687 508 2733 descripserat.
965 2694 968 2696 '
