<?xml version="1.0" encoding="UTF-8"?>
<!DOCTYPE html PUBLIC "-//W3C//DTD XHTML 1.0 Transitional//EN"
    "http://www.w3.org/TR/xhtml1/DTD/xhtml1-transitional.dtd">
<html xmlns="http://www.w3.org/1999/xhtml" xml:lang="en" lang="en">
 <head>
  <title>
</title>
<meta http-equiv="Content-Type" content="text/html;charset=utf-8" />
  <meta name='ocr-system' content='tesseract 3.04.00' />
  <meta name='ocr-capabilities' content='ocr_page ocr_carea ocr_par ocr_line ocrx_word'/>
</head>
<body>
  <div class='ocr_page' id='page_1' title='image "argonauticonlibr00valeuoft_0051.png"; bbox 0 0 1890 3100; ppageno 0'>
   <div class='ocr_carea' id='block_1_1' title="bbox 0 0 1715 724">
    <p class='ocr_par' dir='ltr' id='par_1_1' title="bbox 0 0 1715 724">
     <span class='ocr_line' id='line_1_1' title="bbox 0 0 1657 288; baseline -0.008 -20"><span class='ocrx_word' id='word_1_1' title='bbox 0 0 34 288; x_wconf 52' lang='lat' dir='ltr'><strong>f</strong></span> <span class='ocrx_word' id='word_1_2' title='bbox 610 225 998 263; x_wconf 76' lang='lat' dir='ltr'><strong>ARGONAVTICON</strong></span> <span class='ocrx_word' id='word_1_3' title='bbox 1019 224 1168 260; x_wconf 80' lang='lat' dir='ltr'>LIBER</span> <span class='ocrx_word' id='word_1_4' title='bbox 1191 224 1221 259; x_wconf 92' lang='lat'>1.</span> <span class='ocrx_word' id='word_1_5' title='bbox 1600 225 1657 267; x_wconf 83' lang='lat'>41</span> 
     </span>
     <span class='ocr_line' id='line_1_2' title="bbox 11 294 758 335; baseline -0.005 1"><span class='ocrx_word' id='word_1_6' title='bbox 11 302 14 303; x_wconf 71' lang='grc'>’</span> <span class='ocrx_word' id='word_1_7' title='bbox 614 294 758 335; x_wconf 47' lang='grc' dir='ltr'>ἠ’«ὡλι</span> 
     </span>
     <span class='ocr_line' id='line_1_3' title="bbox 81 315 1375 400; baseline -0.008 -11"><span class='ocrx_word' id='word_1_8' title='bbox 81 337 269 389; x_wconf 45' lang='grc' dir='ltr'>ΛΜΨ·</span> <span class='ocrx_word' id='word_1_9' title='bbox 286 348 468 400; x_wconf 47' lang='lat' dir='ltr'>Rhoetus</span> <span class='ocrx_word' id='word_1_10' title='bbox 495 352 537 386; x_wconf 69' lang='lat' dir='ltr'>et</span> <span class='ocrx_word' id='word_1_11' title='bbox 562 315 724 384; x_wconf 48' lang='lat' dir='ltr'>Aineia</span> <span class='ocrx_word' id='word_1_12' title='bbox 757 318 914 383; x_wconf 53' lang='lat' dir='ltr'>gubitae</span> <span class='ocrx_word' id='word_1_13' title='bbox 941 343 992 382; x_wconf 75' lang='lat'>«10</span> <span class='ocrx_word' id='word_1_14' title='bbox 1018 343 1175 394; x_wconf 75' lang='lat' dir='ltr'>virgine</span> <span class='ocrx_word' id='word_1_15' title='bbox 1202 354 1375 394; x_wconf 74' lang='lat' dir='ltr'>pugnae.</span> 
     </span>
     <span class='ocr_line' id='line_1_4' title="bbox 289 406 1292 462; baseline -0.008 -10"><span class='ocrx_word' id='word_1_16' title='bbox 289 419 462 451; x_wconf 72' lang='lat' dir='ltr'><strong>crateres</strong></span> <span class='ocrx_word' id='word_1_17' title='bbox 488 422 733 462; x_wconf 79' lang='lat' dir='ltr'><strong>mensaeque</strong></span> <span class='ocrx_word' id='word_1_18' title='bbox 759 409 899 447; x_wconf 83' lang='lat' dir='ltr'>volant</span> <span class='ocrx_word' id='word_1_19' title='bbox 924 421 1098 460; x_wconf 82' lang='lat' dir='ltr'>araeque</span> <span class='ocrx_word' id='word_1_20' title='bbox 1126 406 1292 446; x_wconf 88' lang='lat' dir='ltr'>deorum</span> 
     </span>
     <span class='ocr_line' id='line_1_5' title="bbox 286 470 1449 530; baseline -0.008 -13"><span class='ocrx_word' id='word_1_21' title='bbox 286 477 522 530; x_wconf 74' lang='lat' dir='ltr'>poculaque,</span> <span class='ocrx_word' id='word_1_22' title='bbox 549 475 717 526; x_wconf 79' lang='lat' dir='ltr'>insignis</span> <span class='ocrx_word' id='word_1_23' title='bbox 744 480 926 512; x_wconf 78' lang='lat' dir='ltr'>veterum</span> <span class='ocrx_word' id='word_1_24' title='bbox 952 473 1077 511; x_wconf 84' lang='lat' dir='ltr'>labor.</span> <span class='ocrx_word' id='word_1_25' title='bbox 1132 472 1304 525; x_wconf 84' lang='lat' dir='ltr'>optimus</span> <span class='ocrx_word' id='word_1_26' title='bbox 1331 470 1449 509; x_wconf 84' lang='lat' dir='ltr'>hasta</span> 
     </span>
     <span class='ocr_line' id='line_1_6' title="bbox 286 537 1376 589; baseline -0.007 -8"><span class='ocrx_word' id='word_1_27' title='bbox 286 543 353 581; x_wconf 86' lang='lat' dir='ltr'>hic</span> <span class='ocrx_word' id='word_1_28' title='bbox 377 541 539 588; x_wconf 80' lang='lat' dir='ltr'>Peleus,</span> <span class='ocrx_word' id='word_1_29' title='bbox 566 540 633 578; x_wconf 90' lang='lat' dir='ltr'>hic</span> <span class='ocrx_word' id='word_1_30' title='bbox 660 552 759 578; x_wconf 82' lang='lat' dir='ltr'>ense</span> <span class='ocrx_word' id='word_1_31' title='bbox 785 538 923 577; x_wconf 86' lang='lat' dir='ltr'>furens</span> <span class='ocrx_word' id='word_1_32' title='bbox 950 537 1209 589; x_wconf 75' lang='lat' dir='ltr'>adgnoscitur</span> <span class='ocrx_word' id='word_1_33' title='bbox 1225 537 1376 574; x_wconf 86' lang='lat' dir='ltr'>Aeson.</span> 
     </span>
     <span class='ocr_line' id='line_1_7' title="bbox 286 603 1715 658; baseline -0.007 -12"><span class='ocrx_word' id='word_1_34' title='bbox 286 607 365 646; x_wconf 78' lang='lat' dir='ltr'>fert</span> <span class='ocrx_word' id='word_1_35' title='bbox 390 606 523 658; x_wconf 84' lang='lat' dir='ltr'>gravis</span> <span class='ocrx_word' id='word_1_36' title='bbox 550 605 675 643; x_wconf 85' lang='lat' dir='ltr'>invito</span> <span class='ocrx_word' id='word_1_37' title='bbox 702 604 894 642; x_wconf 85' lang='lat' dir='ltr'>victorem</span> <span class='ocrx_word' id='word_1_38' title='bbox 919 603 1095 641; x_wconf 71' lang='lat' dir='ltr'>Nestora</span> <span class='ocrx_word' id='word_1_39' title='bbox 1120 608 1235 653; x_wconf 86' lang='lat' dir='ltr'>tergo</span> <span class='ocrx_word' id='word_1_40' title='bbox 1661 614 1715 643; x_wconf 79' lang='lat'>145</span> 
     </span>
     <span class='ocr_line' id='line_1_8' title="bbox 286 667 1427 724; baseline -0.006 -13"><span class='ocrx_word' id='word_1_41' title='bbox 286 671 524 724; x_wconf 76' lang='lat' dir='ltr'>Monychus,</span> <span class='ocrx_word' id='word_1_42' title='bbox 553 669 708 709; x_wconf 81' lang='lat' dir='ltr'>ardenti</span> <span class='ocrx_word' id='word_1_43' title='bbox 734 669 893 722; x_wconf 78' lang='lat' dir='ltr'>peragit</span> <span class='ocrx_word' id='word_1_44' title='bbox 920 667 1059 707; x_wconf 81' lang='lat' dir='ltr'>Clanis</span> <span class='ocrx_word' id='word_1_45' title='bbox 1086 669 1238 706; x_wconf 85' lang='lat' dir='ltr'>Actora</span> <span class='ocrx_word' id='word_1_46' title='bbox 1266 679 1427 719; x_wconf 87' lang='lat' dir='ltr'>quercu,</span> 
     </span>
    </p>
   </div>
   <div class='ocr_carea' id='block_1_2' title="bbox 180 786 463 792">
    <p class='ocr_par' dir='ltr' id='par_1_2' title="bbox 180 786 463 792">
     <span class='ocr_line' id='line_1_9' title="bbox 180 786 463 792; baseline 0 0"><span class='ocrx_word' id='word_1_47' title='bbox 180 786 463 792; x_wconf 95' lang='lat' dir='ltr'> </span> 
     </span>
    </p>
   </div>
   <div class='ocr_carea' id='block_1_3' title="bbox 180 841 1662 1836">
    <p class='ocr_par' dir='ltr' id='par_1_3' title="bbox 180 841 1659 1006">
     <span class='ocr_line' id='line_1_10' title="bbox 181 841 1659 894; baseline -0.005 -10"><span class='ocrx_word' id='word_1_48' title='bbox 181 849 306 894; x_wconf 59' lang='lat' dir='ltr'>Ma,</span> <span class='ocrx_word' id='word_1_49' title='bbox 327 850 372 883; x_wconf 80' lang='lat' dir='ltr'>ut</span> <span class='ocrx_word' id='word_1_50' title='bbox 394 848 481 889; x_wconf 82' lang='lat'>354;</span> <span class='ocrx_word' id='word_1_51' title='bbox 517 846 599 887; x_wconf 73' lang='lat' dir='ltr'><strong>VII,</strong></span> <span class='ocrx_word' id='word_1_52' title='bbox 626 846 711 889; x_wconf 75' lang='lat'>5963</span> <span class='ocrx_word' id='word_1_53' title='bbox 743 847 848 881; x_wconf 78' lang='lat' dir='ltr'>Lacr.</span> <span class='ocrx_word' id='word_1_54' title='bbox 882 845 945 887; x_wconf 87' lang='lat' dir='ltr'>IV,</span> <span class='ocrx_word' id='word_1_55' title='bbox 971 844 1058 886; x_wconf 86' lang='lat'><strong>686;</strong></span> <span class='ocrx_word' id='word_1_56' title='bbox 1092 843 1135 883; x_wconf 86' lang='lat' dir='ltr'>V,</span> <span class='ocrx_word' id='word_1_57' title='bbox 1168 843 1360 885; x_wconf 80' lang='lat' dir='ltr'>832;1uv.</span> <span class='ocrx_word' id='word_1_58' title='bbox 1385 844 1456 878; x_wconf 72' lang='lat' dir='ltr'>sat.</span> <span class='ocrx_word' id='word_1_59' title='bbox 1483 841 1546 883; x_wconf 77' lang='lat' dir='ltr'>VI,</span> <span class='ocrx_word' id='word_1_60' title='bbox 1570 842 1659 884; x_wconf 83' lang='lat'><strong>437;</strong></span> 
     </span>
     <span class='ocr_line' id='line_1_11' title="bbox 180 900 1659 953; baseline -0.005 -10"><span class='ocrx_word' id='word_1_61' title='bbox 180 906 263 944; x_wconf 88' lang='lat' dir='ltr'>VIL</span> <span class='ocrx_word' id='word_1_62' title='bbox 294 907 380 949; x_wconf 85' lang='lat'>114;</span> <span class='ocrx_word' id='word_1_63' title='bbox 403 906 533 942; x_wconf 82' lang='lat' dir='ltr'>Avien.</span> <span class='ocrx_word' id='word_1_64' title='bbox 559 917 691 953; x_wconf 83' lang='lat' dir='ltr'>progn.</span> <span class='ocrx_word' id='word_1_65' title='bbox 715 905 801 947; x_wconf 81' lang='lat'>540;</span> <span class='ocrx_word' id='word_1_66' title='bbox 827 917 879 940; x_wconf 91' lang='lat' dir='ltr'>or.</span> <span class='ocrx_word' id='word_1_67' title='bbox 904 915 997 940; x_wconf 82' lang='lat' dir='ltr'>mar.</span> <span class='ocrx_word' id='word_1_68' title='bbox 1022 904 1110 945; x_wconf 87' lang='grc'>214;</span> <span class='ocrx_word' id='word_1_69' title='bbox 1137 902 1285 938; x_wconf 83' lang='lat' dir='ltr'>Iuvenc.</span> <span class='ocrx_word' id='word_1_70' title='bbox 1318 901 1346 943; x_wconf 86' lang='grc' dir='ltr'>Ι,</span> <span class='ocrx_word' id='word_1_71' title='bbox 1371 901 1460 943; x_wconf 81' lang='grc'>552;</span> <span class='ocrx_word' id='word_1_72' title='bbox 1486 900 1547 942; x_wconf 90' lang='lat' dir='ltr'>IV,</span> <span class='ocrx_word' id='word_1_73' title='bbox 1574 901 1659 944; x_wconf 79' lang='lat'>173;</span> 
     </span>
     <span class='ocr_line' id='line_1_12' title="bbox 184 965 720 1006; baseline -0.013 -4"><span class='ocrx_word' id='word_1_74' title='bbox 184 965 635 1006; x_wconf 80' lang='lat' dir='ltr'>c.1.L.L1007v.6.</span> <span class='ocrx_word' id='word_1_75' title='bbox 715 992 720 995; x_wconf 90' lang='lat'>.</span> 
     </span>
    </p>

    <p class='ocr_par' dir='ltr' id='par_1_4' title="bbox 181 1019 1661 1242">
     <span class='ocr_line' id='line_1_13' title="bbox 275 1019 1659 1067; baseline -0.004 -7"><span class='ocrx_word' id='word_1_76' title='bbox 275 1025 435 1061; x_wconf 76' lang='lat' dir='ltr'>Pholoen</span> <span class='ocrx_word' id='word_1_77' title='bbox 464 1025 536 1060; x_wconf 91' lang='lat' dir='ltr'>hoc</span> <span class='ocrx_word' id='word_1_78' title='bbox 558 1024 643 1060; x_wconf 83' lang='lat' dir='ltr'>loco</span> <span class='ocrx_word' id='word_1_79' title='bbox 666 1025 832 1059; x_wconf 83' lang='lat' dir='ltr'>montem</span> <span class='ocrx_word' id='word_1_80' title='bbox 858 1022 1075 1058; x_wconf 75' lang='lat' dir='ltr'>Thessaliae</span> <span class='ocrx_word' id='word_1_81' title='bbox 1103 1032 1183 1057; x_wconf 85' lang='lat' dir='ltr'>esse</span> <span class='ocrx_word' id='word_1_82' title='bbox 1208 1022 1369 1067; x_wconf 85' lang='lat' dir='ltr'>apparet</span> <span class='ocrx_word' id='word_1_83' title='bbox 1394 1031 1439 1056; x_wconf 85' lang='lat' dir='ltr'>ex</span> <span class='ocrx_word' id='word_1_84' title='bbox 1464 1019 1535 1061; x_wconf 84' lang='lat' dir='ltr'>eis,</span> <span class='ocrx_word' id='word_1_85' title='bbox 1561 1030 1659 1064; x_wconf 82' lang='lat' dir='ltr'>quae</span> 
     </span>
     <span class='ocr_line' id='line_1_14' title="bbox 181 1078 1660 1130; baseline -0.003 -11"><span class='ocrx_word' id='word_1_86' title='bbox 181 1085 402 1130; x_wconf 86' lang='lat' dir='ltr'>sequuntur;</span> <span class='ocrx_word' id='word_1_87' title='bbox 428 1082 495 1118; x_wconf 85' lang='lat' dir='ltr'>cfr.</span> <span class='ocrx_word' id='word_1_88' title='bbox 522 1082 636 1118; x_wconf 86' lang='lat' dir='ltr'>schoL</span> <span class='ocrx_word' id='word_1_89' title='bbox 656 1081 750 1117; x_wconf 80' lang='lat' dir='ltr'>Stat.</span> <span class='ocrx_word' id='word_1_90' title='bbox 769 1081 887 1117; x_wconf 85' lang='lat' dir='ltr'>Theb.</span> <span class='ocrx_word' id='word_1_91' title='bbox 905 1080 972 1125; x_wconf 83' lang='lat' dir='ltr'>HL</span> <span class='ocrx_word' id='word_1_92' title='bbox 998 1080 1068 1115; x_wconf 90' lang='grc'>604</span> <span class='ocrx_word' id='word_1_93' title='bbox 1094 1082 1134 1115; x_wconf 85' lang='lat' dir='ltr'>et</span> <span class='ocrx_word' id='word_1_94' title='bbox 1156 1080 1248 1114; x_wconf 83' lang='lat' dir='ltr'>Ach.</span> <span class='ocrx_word' id='word_1_95' title='bbox 1266 1078 1317 1119; x_wconf 85' lang='grc' dir='ltr'>Π,</span> <span class='ocrx_word' id='word_1_96' title='bbox 1342 1079 1406 1121; x_wconf 88' lang='grc'>41;</span> <span class='ocrx_word' id='word_1_97' title='bbox 1430 1079 1550 1123; x_wconf 80' lang='lat' dir='ltr'>myth.</span> <span class='ocrx_word' id='word_1_98' title='bbox 1575 1078 1660 1114; x_wconf 78' lang='lat' dir='ltr'>Vat.</span> 
     </span>
     <span class='ocr_line' id='line_1_15' title="bbox 182 1136 1661 1185; baseline -0.004 -7"><span class='ocrx_word' id='word_1_99' title='bbox 182 1142 211 1185; x_wconf 88' lang='grc' dir='ltr'>Ι,</span> <span class='ocrx_word' id='word_1_100' title='bbox 235 1142 299 1185; x_wconf 85' lang='grc'>61;</span> <span class='ocrx_word' id='word_1_101' title='bbox 329 1142 412 1178; x_wconf 84' lang='lat' dir='ltr'>Val.</span> <span class='ocrx_word' id='word_1_102' title='bbox 437 1141 503 1182; x_wconf 84' lang='grc' dir='ltr'>ΙΠ,</span> <span class='ocrx_word' id='word_1_103' title='bbox 529 1141 594 1183; x_wconf 87' lang='grc'>66;</span> <span class='ocrx_word' id='word_1_104' title='bbox 632 1141 769 1176; x_wconf 70' lang='lat' dir='ltr'>Lucan„</span> <span class='ocrx_word' id='word_1_105' title='bbox 803 1140 872 1181; x_wconf 92' lang='grc' dir='ltr'>ΠΙ,</span> <span class='ocrx_word' id='word_1_106' title='bbox 905 1139 984 1180; x_wconf 97' lang='grc'>198,</span> <span class='ocrx_word' id='word_1_107' title='bbox 1010 1139 1072 1179; x_wconf 82' lang='lat' dir='ltr'>VI,</span> <span class='ocrx_word' id='word_1_108' title='bbox 1098 1138 1185 1179; x_wconf 87' lang='lat'><strong>388;</strong></span> <span class='ocrx_word' id='word_1_109' title='bbox 1216 1137 1298 1179; x_wconf 78' lang='lat' dir='ltr'><strong>VII,</strong></span> <span class='ocrx_word' id='word_1_110' title='bbox 1322 1137 1411 1179; x_wconf 88' lang='grc'>449;</span> <span class='ocrx_word' id='word_1_111' title='bbox 1445 1137 1536 1179; x_wconf 85' lang='grc'>827;</span> <span class='ocrx_word' id='word_1_112' title='bbox 1563 1136 1661 1172; x_wconf 84' lang='lat' dir='ltr'>Stat.</span> 
     </span>
     <span class='ocr_line' id='line_1_16' title="bbox 181 1201 436 1242; baseline -0.004 -6"><span class='ocrx_word' id='word_1_113' title='bbox 181 1202 274 1239; x_wconf 83' lang='lat' dir='ltr'>Ach.</span> <span class='ocrx_word' id='word_1_114' title='bbox 300 1201 329 1242; x_wconf 98' lang='lat' dir='ltr'>L</span> <span class='ocrx_word' id='word_1_115' title='bbox 355 1201 436 1236; x_wconf 78' lang='lat'>238.</span> 
     </span>
    </p>

    <p class='ocr_par' dir='ltr' id='par_1_5' title="bbox 181 1255 1659 1482">
     <span class='ocr_line' id='line_1_17' title="bbox 278 1255 1659 1305; baseline -0.004 -10"><span class='ocrx_word' id='word_1_116' title='bbox 278 1261 358 1297; x_wconf 91' lang='grc'>141,</span> <span class='ocrx_word' id='word_1_117' title='bbox 380 1259 586 1296; x_wconf 77' lang='lat' dir='ltr'>Centaurus</span> <span class='ocrx_word' id='word_1_118' title='bbox 598 1259 663 1294; x_wconf 87' lang='lat' dir='ltr'>ille</span> <span class='ocrx_word' id='word_1_119' title='bbox 683 1259 785 1305; x_wconf 85' lang='lat' dir='ltr'>apud</span> <span class='ocrx_word' id='word_1_120' title='bbox 796 1258 981 1294; x_wconf 79' lang='lat' dir='ltr'>Romanos</span> <span class='ocrx_word' id='word_1_121' title='bbox 995 1256 1155 1293; x_wconf 66' lang='lat' dir='ltr'>Rhodus</span> <span class='ocrx_word' id='word_1_122' title='bbox 1172 1256 1319 1297; x_wconf 81' lang='lat' dir='ltr'>dicitur,</span> <span class='ocrx_word' id='word_1_123' title='bbox 1340 1267 1417 1291; x_wconf 90' lang='lat' dir='ltr'>non</span> <span class='ocrx_word' id='word_1_124' title='bbox 1435 1255 1659 1296; x_wconf 75' lang='lat' dir='ltr'>Rhoecus,</span> 
     </span>
     <span class='ocr_line' id='line_1_18' title="bbox 182 1314 1659 1359; baseline -0.003 -4"><span class='ocrx_word' id='word_1_125' title='bbox 182 1321 227 1355; x_wconf 75' lang='lat' dir='ltr'>ut</span> <span class='ocrx_word' id='word_1_126' title='bbox 248 1319 331 1354; x_wconf 83' lang='lat' dir='ltr'>vult</span> <span class='ocrx_word' id='word_1_127' title='bbox 354 1318 526 1359; x_wconf 82' lang='lat' dir='ltr'>Schenkl,</span> <span class='ocrx_word' id='word_1_128' title='bbox 553 1318 621 1354; x_wconf 83' lang='lat' dir='ltr'>cfr.</span> <span class='ocrx_word' id='word_1_129' title='bbox 646 1317 859 1353; x_wconf 82' lang='lat' dir='ltr'>Bentleium</span> <span class='ocrx_word' id='word_1_130' title='bbox 883 1317 933 1352; x_wconf 88' lang='lat' dir='ltr'>ad</span> <span class='ocrx_word' id='word_1_131' title='bbox 958 1316 1047 1354; x_wconf 89' lang='lat' dir='ltr'>Hor.</span> <span class='ocrx_word' id='word_1_132' title='bbox 1074 1328 1103 1351; x_wconf 88' lang='lat' dir='ltr'>c.</span> <span class='ocrx_word' id='word_1_133' title='bbox 1122 1316 1172 1353; x_wconf 85' lang='lat' dir='ltr'>IL</span> <span class='ocrx_word' id='word_1_134' title='bbox 1200 1315 1255 1356; x_wconf 90' lang='grc'>19</span> <span class='ocrx_word' id='word_1_135' title='bbox 1282 1315 1347 1357; x_wconf 86' lang='grc'>23;</span> <span class='ocrx_word' id='word_1_136' title='bbox 1373 1315 1440 1350; x_wconf 85' lang='lat' dir='ltr'>Ov.</span> <span class='ocrx_word' id='word_1_137' title='bbox 1465 1314 1556 1351; x_wconf 74' lang='lat' dir='ltr'>Met.</span> <span class='ocrx_word' id='word_1_138' title='bbox 1575 1315 1659 1357; x_wconf 85' lang='lat' dir='ltr'><strong>XII,</strong></span> 
     </span>
     <span class='ocr_line' id='line_1_19' title="bbox 182 1373 1659 1422; baseline -0.003 -8"><span class='ocrx_word' id='word_1_139' title='bbox 182 1375 1083 1422; x_wconf 75' lang='lat' dir='ltr'>271;285;293;301;Verg.(}e0rg.11,456;</span> <span class='ocrx_word' id='word_1_140' title='bbox 1108 1375 1220 1410; x_wconf 75' lang='lat' dir='ltr'>Mart.</span> <span class='ocrx_word' id='word_1_141' title='bbox 1245 1374 1347 1415; x_wconf 82' lang='lat' dir='ltr'>vm,</span> <span class='ocrx_word' id='word_1_142' title='bbox 1373 1374 1406 1415; x_wconf 89' lang='grc'>6,</span> <span class='ocrx_word' id='word_1_143' title='bbox 1425 1374 1463 1416; x_wconf 81' lang='lat'>7;</span> <span class='ocrx_word' id='word_1_144' title='bbox 1490 1373 1659 1416; x_wconf 89' lang='lat' dir='ltr'>Luc.VL</span> 
     </span>
     <span class='ocr_line' id='line_1_20' title="bbox 181 1434 1259 1482; baseline -0.004 -10"><span class='ocrx_word' id='word_1_145' title='bbox 181 1437 269 1479; x_wconf 54' lang='lat' dir='ltr'>M?</span> <span class='ocrx_word' id='word_1_146' title='bbox 293 1436 375 1472; x_wconf 77' lang='lat' dir='ltr'>Val.</span> <span class='ocrx_word' id='word_1_147' title='bbox 399 1436 468 1477; x_wconf 88' lang='grc' dir='ltr'>ΙΠ,</span> <span class='ocrx_word' id='word_1_148' title='bbox 493 1436 556 1478; x_wconf 86' lang='grc'>65;</span> <span class='ocrx_word' id='word_1_149' title='bbox 581 1436 709 1473; x_wconf 80' lang='lat' dir='ltr'>Claud.</span> <span class='ocrx_word' id='word_1_150' title='bbox 734 1436 782 1471; x_wconf 89' lang='lat' dir='ltr'>de</span> <span class='ocrx_word' id='word_1_151' title='bbox 806 1437 910 1482; x_wconf 78' lang='lat' dir='ltr'>nupt.</span> <span class='ocrx_word' id='word_1_152' title='bbox 936 1435 1031 1470; x_wconf 89' lang='lat' dir='ltr'>Hon.</span> <span class='ocrx_word' id='word_1_153' title='bbox 1057 1434 1175 1481; x_wconf 82' lang='lat' dir='ltr'>praef.</span> <span class='ocrx_word' id='word_1_154' title='bbox 1204 1434 1259 1468; x_wconf 86' lang='lat'>13.</span> 
     </span>
    </p>

    <p class='ocr_par' dir='ltr' id='par_1_6' title="bbox 181 1492 1662 1658">
     <span class='ocr_line' id='line_1_21' title="bbox 273 1492 1662 1538; baseline -0.002 -6"><span class='ocrx_word' id='word_1_155' title='bbox 273 1496 425 1532; x_wconf 65' lang='grc' dir='ltr'>ἁιεωωιε</span> <span class='ocrx_word' id='word_1_156' title='bbox 454 1494 853 1535; x_wconf 78' lang='lat' dir='ltr'>diciturmultovino,</span> <span class='ocrx_word' id='word_1_157' title='bbox 886 1493 955 1530; x_wconf 83' lang='lat' dir='ltr'>cfr.</span> <span class='ocrx_word' id='word_1_158' title='bbox 979 1493 1229 1528; x_wconf 79' lang='lat' dir='ltr'>tritumillud</span> <span class='ocrx_word' id='word_1_159' title='bbox 1259 1492 1395 1538; x_wconf 72' lang='grc' dir='ltr'>ἠμὲῦη</span> <span class='ocrx_word' id='word_1_160' title='bbox 1432 1495 1531 1538; x_wconf 74' lang='grc' dir='ltr'>μικρὰ</span> <span class='ocrx_word' id='word_1_161' title='bbox 1561 1492 1662 1538; x_wconf 78' lang='grc' dir='ltr'><strong>μανία</strong></span> 
     </span>
     <span class='ocr_line' id='line_1_22' title="bbox 181 1552 1662 1601; baseline -0.003 -10"><span class='ocrx_word' id='word_1_162' title='bbox 181 1553 276 1592; x_wconf 71' lang='grc' dir='ltr'>ἐστίν.</span> <span class='ocrx_word' id='word_1_163' title='bbox 322 1554 493 1600; x_wconf 79' lang='lat' dir='ltr'>Pugnam</span> <span class='ocrx_word' id='word_1_164' title='bbox 521 1554 622 1590; x_wconf 86' lang='lat' dir='ltr'>inter</span> <span class='ocrx_word' id='word_1_165' title='bbox 650 1553 831 1601; x_wconf 79' lang='lat' dir='ltr'>Lapithas</span> <span class='ocrx_word' id='word_1_166' title='bbox 862 1555 902 1589; x_wconf 82' lang='lat' dir='ltr'>et</span> <span class='ocrx_word' id='word_1_167' title='bbox 937 1552 1143 1588; x_wconf 81' lang='lat' dir='ltr'>Centauros</span> <span class='ocrx_word' id='word_1_168' title='bbox 1180 1553 1351 1588; x_wconf 77' lang='lat' dir='ltr'>exortam</span> <span class='ocrx_word' id='word_1_169' title='bbox 1380 1552 1511 1587; x_wconf 81' lang='lat' dir='ltr'>narrat</span> <span class='ocrx_word' id='word_1_170' title='bbox 1546 1552 1662 1587; x_wconf 80' lang='lat' dir='ltr'>etiam</span> 
     </span>
     <span class='ocr_line' id='line_1_23' title="bbox 185 1612 673 1658; baseline -0.006 -8"><span class='ocrx_word' id='word_1_171' title='bbox 185 1613 253 1650; x_wconf 85' lang='lat' dir='ltr'>Ov.</span> <span class='ocrx_word' id='word_1_172' title='bbox 276 1613 367 1650; x_wconf 76' lang='lat' dir='ltr'>Met.</span> <span class='ocrx_word' id='word_1_173' title='bbox 392 1612 549 1654; x_wconf 79' lang='lat' dir='ltr'><strong>XII,210</strong></span> <span class='ocrx_word' id='word_1_174' title='bbox 572 1624 673 1658; x_wconf 84' lang='lat' dir='ltr'>seqq.</span> 
     </span>
    </p>

    <p class='ocr_par' dir='ltr' id='par_1_7' title="bbox 185 1669 1662 1773">
     <span class='ocr_line' id='line_1_24' title="bbox 276 1669 1662 1719; baseline -0.002 -11"><span class='ocrx_word' id='word_1_175' title='bbox 276 1673 431 1708; x_wconf 77' lang='lat' dir='ltr'>Atracia</span> <span class='ocrx_word' id='word_1_176' title='bbox 458 1672 565 1717; x_wconf 77' lang='lat' dir='ltr'>virgo</span> <span class='ocrx_word' id='word_1_177' title='bbox 598 1674 657 1708; x_wconf 82' lang='lat' dir='ltr'>est</span> <span class='ocrx_word' id='word_1_178' title='bbox 686 1671 947 1719; x_wconf 70' lang='lat' dir='ltr'>Hippodamia,</span> <span class='ocrx_word' id='word_1_179' title='bbox 986 1683 1079 1706; x_wconf 82' lang='lat' dir='ltr'>uxor</span> <span class='ocrx_word' id='word_1_180' title='bbox 1108 1670 1286 1712; x_wconf 85' lang='lat' dir='ltr'>Pirithoi;</span> <span class='ocrx_word' id='word_1_181' title='bbox 1323 1669 1471 1706; x_wconf 81' lang='lat' dir='ltr'>Atracis</span> <span class='ocrx_word' id='word_1_182' title='bbox 1504 1672 1662 1706; x_wconf 82' lang='lat' dir='ltr'>vocatur</span> 
     </span>
     <span class='ocr_line' id='line_1_25' title="bbox 185 1731 978 1773; baseline -0.003 -5"><span class='ocrx_word' id='word_1_183' title='bbox 185 1732 234 1768; x_wconf 79' lang='lat' dir='ltr'>ab</span> <span class='ocrx_word' id='word_1_184' title='bbox 259 1732 365 1768; x_wconf 82' lang='lat' dir='ltr'>Ovid.</span> <span class='ocrx_word' id='word_1_185' title='bbox 390 1732 469 1768; x_wconf 85' lang='lat' dir='ltr'>her.</span> <span class='ocrx_word' id='word_1_186' title='bbox 495 1731 591 1773; x_wconf 86' lang='lat' dir='ltr'><strong>XVI,</strong></span> <span class='ocrx_word' id='word_1_187' title='bbox 617 1731 704 1773; x_wconf 83' lang='lat'>248;</span> <span class='ocrx_word' id='word_1_188' title='bbox 730 1743 801 1767; x_wconf 86' lang='lat' dir='ltr'>am.</span> <span class='ocrx_word' id='word_1_189' title='bbox 828 1731 856 1771; x_wconf 88' lang='lat' dir='ltr'>L</span> <span class='ocrx_word' id='word_1_190' title='bbox 881 1732 915 1770; x_wconf 83' lang='lat'>4,</span> <span class='ocrx_word' id='word_1_191' title='bbox 942 1731 978 1769; x_wconf 85' lang='lat'>8.</span> 
     </span>
    </p>

    <p class='ocr_par' dir='ltr' id='par_1_8' title="bbox 279 1789 1294 1836">
     <span class='ocr_line' id='line_1_26' title="bbox 279 1789 1294 1836; baseline -0.003 -10"><span class='ocrx_word' id='word_1_192' title='bbox 279 1791 359 1826; x_wconf 83' lang='lat'>142.</span> <span class='ocrx_word' id='word_1_193' title='bbox 384 1790 452 1826; x_wconf 83' lang='lat' dir='ltr'>cfr.</span> <span class='ocrx_word' id='word_1_194' title='bbox 476 1790 589 1836; x_wconf 87' lang='lat' dir='ltr'>Verg.</span> <span class='ocrx_word' id='word_1_195' title='bbox 613 1792 707 1827; x_wconf 80' lang='lat' dir='ltr'>Aen.</span> <span class='ocrx_word' id='word_1_196' title='bbox 732 1790 760 1833; x_wconf 88' lang='grc' dir='ltr'>Ι,</span> <span class='ocrx_word' id='word_1_197' title='bbox 787 1790 872 1833; x_wconf 84' lang='grc'>150;</span> <span class='ocrx_word' id='word_1_198' title='bbox 899 1790 966 1826; x_wconf 85' lang='lat' dir='ltr'>Ov.</span> <span class='ocrx_word' id='word_1_199' title='bbox 984 1792 1081 1831; x_wconf 40' lang='lat' dir='ltr'>,met-</span> <span class='ocrx_word' id='word_1_200' title='bbox 1106 1789 1188 1831; x_wconf 80' lang='grc' dir='ltr'>ΧΠ,</span> <span class='ocrx_word' id='word_1_201' title='bbox 1214 1790 1294 1824; x_wconf 83' lang='grc'>242.</span> 
     </span>
    </p>
   </div>
   <div class='ocr_carea' id='block_1_4' title="bbox 0 289 15 1283">
    <p class='ocr_par' dir='ltr' id='par_1_9' title="bbox 0 289 15 1283">
     <span class='ocr_line' id='line_1_27' title="bbox 0 289 15 583; baseline 0 0"><span class='ocrx_word' id='word_1_202' title='bbox 0 289 15 583; x_wconf 78' lang='grc' dir='ltr'>ἰ</span> 
     </span>
     <span class='ocr_line' id='line_1_28' title="bbox 0 720 15 1049; baseline 0 -120"><span class='ocrx_word' id='word_1_203' title='bbox 0 720 15 1049; x_wconf 55' lang='lat' dir='ltr'><em>g</em></span> 
     </span>
     <span class='ocr_line' id='line_1_29' title="bbox 0 1049 13 1283; baseline 0 0"><span class='ocrx_word' id='word_1_204' title='bbox 0 1049 13 1283; x_wconf 72' lang='grc' dir='ltr'><em>ἓ</em></span> 
     </span>
    </p>
   </div>
   <div class='ocr_carea' id='block_1_5' title="bbox 180 1848 1665 2715">
    <p class='ocr_par' dir='ltr' id='par_1_10' title="bbox 180 1848 1664 2126">
     <span class='ocr_line' id='line_1_30' title="bbox 279 1848 1663 1896; baseline 0.001 -12"><span class='ocrx_word' id='word_1_205' title='bbox 279 1849 359 1885; x_wconf 83' lang='grc'>143.</span> <span class='ocrx_word' id='word_1_206' title='bbox 382 1850 556 1894; x_wconf 59' lang='lat' dir='ltr'>insignem</span> <span class='ocrx_word' id='word_1_207' title='bbox 578 1851 752 1885; x_wconf 83' lang='lat' dir='ltr'>veterum</span> <span class='ocrx_word' id='word_1_208' title='bbox 774 1849 946 1885; x_wconf 89' lang='lat' dir='ltr'>laborem</span> <span class='ocrx_word' id='word_1_209' title='bbox 970 1849 1063 1884; x_wconf 87' lang='lat' dir='ltr'>dicit</span> <span class='ocrx_word' id='word_1_210' title='bbox 1087 1850 1203 1896; x_wconf 83' lang='lat' dir='ltr'>poeta</span> <span class='ocrx_word' id='word_1_211' title='bbox 1228 1848 1285 1883; x_wconf 79' lang='lat' dir='ltr'>sui</span> <span class='ocrx_word' id='word_1_212' title='bbox 1307 1848 1489 1895; x_wconf 84' lang='lat' dir='ltr'>temporis</span> <span class='ocrx_word' id='word_1_213' title='bbox 1514 1848 1663 1885; x_wconf 81' lang='lat' dir='ltr'>ratione</span> 
     </span>
     <span class='ocr_line' id='line_1_31' title="bbox 184 1907 1663 1950; baseline 0.001 -7"><span class='ocrx_word' id='word_1_214' title='bbox 184 1908 328 1950; x_wconf 78' lang='lat' dir='ltr'>habita,</span> <span class='ocrx_word' id='word_1_215' title='bbox 361 1908 429 1943; x_wconf 88' lang='lat' dir='ltr'>cfr.</span> <span class='ocrx_word' id='word_1_216' title='bbox 455 1908 505 1943; x_wconf 87' lang='lat' dir='ltr'>ad</span> <span class='ocrx_word' id='word_1_217' title='bbox 529 1907 559 1950; x_wconf 87' lang='lat' dir='ltr'>L</span> <span class='ocrx_word' id='word_1_218' title='bbox 591 1909 653 1950; x_wconf 84' lang='lat'>72;</span> <span class='ocrx_word' id='word_1_219' title='bbox 683 1908 773 1950; x_wconf 86' lang='grc'>261;</span> <span class='ocrx_word' id='word_1_220' title='bbox 798 1909 884 1950; x_wconf 87' lang='grc'>351;</span> <span class='ocrx_word' id='word_1_221' title='bbox 919 1908 967 1949; x_wconf 76' lang='grc' dir='ltr'>Π,</span> <span class='ocrx_word' id='word_1_222' title='bbox 992 1907 1080 1950; x_wconf 82' lang='grc'>448;</span> <span class='ocrx_word' id='word_1_223' title='bbox 1105 1907 1166 1949; x_wconf 76' lang='grc' dir='ltr'>Ν,</span> <span class='ocrx_word' id='word_1_224' title='bbox 1191 1909 1278 1949; x_wconf 81' lang='grc'>541;</span> <span class='ocrx_word' id='word_1_225' title='bbox 1310 1907 1352 1949; x_wconf 84' lang='lat' dir='ltr'>V,</span> <span class='ocrx_word' id='word_1_226' title='bbox 1378 1908 1466 1949; x_wconf 72' lang='lat'>422:</span> <span class='ocrx_word' id='word_1_227' title='bbox 1492 1907 1555 1946; x_wconf 69' lang='lat' dir='ltr'>VI,</span> <span class='ocrx_word' id='word_1_228' title='bbox 1582 1907 1663 1945; x_wconf 88' lang='grc'>162.</span> 
     </span>
     <span class='ocr_line' id='line_1_32' title="bbox 180 1966 1664 2014; baseline 0 -11"><span class='ocrx_word' id='word_1_229' title='bbox 180 1966 294 2003; x_wconf 71' lang='lat' dir='ltr'>&#39;ralia</span> <span class='ocrx_word' id='word_1_230' title='bbox 333 1978 450 2014; x_wconf 84' lang='lat' dir='ltr'>opera</span> <span class='ocrx_word' id='word_1_231' title='bbox 486 1966 653 2014; x_wconf 80' lang='lat' dir='ltr'>pretiosa</span> <span class='ocrx_word' id='word_1_232' title='bbox 682 1967 932 2006; x_wconf 77' lang='lat' dir='ltr'>habebantur</span> <span class='ocrx_word' id='word_1_233' title='bbox 968 1966 1035 2002; x_wconf 84' lang='lat' dir='ltr'>cfr.</span> <span class='ocrx_word' id='word_1_234' title='bbox 1069 1966 1136 2003; x_wconf 83' lang='lat' dir='ltr'>Ov.</span> <span class='ocrx_word' id='word_1_235' title='bbox 1171 1967 1261 2003; x_wconf 74' lang='lat' dir='ltr'>Met.</span> <span class='ocrx_word' id='word_1_236' title='bbox 1291 1966 1379 2007; x_wconf 84' lang='lat' dir='ltr'><strong>XII,</strong></span> <span class='ocrx_word' id='word_1_237' title='bbox 1411 1966 1492 2002; x_wconf 90' lang='grc'>236.</span> <span class='ocrx_word' id='word_1_238' title='bbox 1541 1967 1664 2003; x_wconf 71' lang='lat' dir='ltr'>Labor</span> 
     </span>
     <span class='ocr_line' id='line_1_33' title="bbox 184 2025 1661 2074; baseline 0 -12"><span class='ocrx_word' id='word_1_239' title='bbox 184 2037 254 2074; x_wconf 73' lang='lat' dir='ltr'>pro</span> <span class='ocrx_word' id='word_1_240' title='bbox 286 2037 401 2073; x_wconf 82' lang='lat' dir='ltr'>opere</span> <span class='ocrx_word' id='word_1_241' title='bbox 429 2026 559 2062; x_wconf 80' lang='lat' dir='ltr'>labore</span> <span class='ocrx_word' id='word_1_242' title='bbox 593 2026 765 2074; x_wconf 80' lang='lat' dir='ltr'>confecto</span> <span class='ocrx_word' id='word_1_243' title='bbox 795 2028 839 2061; x_wconf 87' lang='lat' dir='ltr'>ut</span> <span class='ocrx_word' id='word_1_244' title='bbox 863 2026 911 2071; x_wconf 82' lang='grc' dir='ltr'>Π,</span> <span class='ocrx_word' id='word_1_245' title='bbox 941 2026 1029 2067; x_wconf 90' lang='grc'>409;</span> <span class='ocrx_word' id='word_1_246' title='bbox 1066 2026 1177 2071; x_wconf 85' lang='lat' dir='ltr'>Verg.</span> <span class='ocrx_word' id='word_1_247' title='bbox 1202 2027 1294 2062; x_wconf 82' lang='lat' dir='ltr'>Aen.</span> <span class='ocrx_word' id='word_1_248' title='bbox 1325 2025 1407 2068; x_wconf 89' lang='lat' dir='ltr'>VH,</span> <span class='ocrx_word' id='word_1_249' title='bbox 1439 2026 1529 2067; x_wconf 91' lang='grc'>248;</span> <span class='ocrx_word' id='word_1_250' title='bbox 1564 2026 1661 2063; x_wconf 87' lang='lat' dir='ltr'>Stat.</span> 
     </span>
     <span class='ocr_line' id='line_1_34' title="bbox 185 2071 959 2127; baseline -0.001 -6"><span class='ocrx_word' id='word_1_251' title='bbox 185 2084 303 2122; x_wconf 82' lang='lat' dir='ltr'>Theb.</span> <span class='ocrx_word' id='word_1_252' title='bbox 326 2085 410 2126; x_wconf 79' lang='lat' dir='ltr'><strong>XII,</strong></span> <span class='ocrx_word' id='word_1_253' title='bbox 433 2085 523 2127; x_wconf 86' lang='lat'>313;</span> <span class='ocrx_word' id='word_1_254' title='bbox 548 2085 629 2121; x_wconf 84' lang='lat' dir='ltr'>Iuv.</span> <span class='ocrx_word' id='word_1_255' title='bbox 654 2087 724 2121; x_wconf 86' lang='lat' dir='ltr'>sat.</span> <span class='ocrx_word' id='word_1_256' title='bbox 749 2071 851 2125; x_wconf 71' lang='lat' dir='ltr'>Vm,</span> <span class='ocrx_word' id='word_1_257' title='bbox 878 2086 959 2120; x_wconf 89' lang='grc'>104.</span> 
     </span>
    </p>

    <p class='ocr_par' dir='ltr' id='par_1_11' title="bbox 186 2144 1664 2300">
     <span class='ocr_line' id='line_1_35' title="bbox 281 2144 1663 2187; baseline 0.001 -8"><span class='ocrx_word' id='word_1_258' title='bbox 281 2144 360 2180; x_wconf 88' lang='grc'>144.</span> <span class='ocrx_word' id='word_1_259' title='bbox 385 2155 465 2179; x_wconf 68' lang='lat' dir='ltr'>me</span> <span class='ocrx_word' id='word_1_260' title='bbox 485 2144 625 2186; x_wconf 69' lang='lat' dir='ltr'>furens:</span> <span class='ocrx_word' id='word_1_261' title='bbox 651 2144 747 2182; x_wconf 79' lang='lat' dir='ltr'>Stat.</span> <span class='ocrx_word' id='word_1_262' title='bbox 764 2144 881 2180; x_wconf 86' lang='lat' dir='ltr'>Theb.</span> <span class='ocrx_word' id='word_1_263' title='bbox 906 2144 949 2186; x_wconf 89' lang='lat' dir='ltr'>V,</span> <span class='ocrx_word' id='word_1_264' title='bbox 975 2145 1062 2187; x_wconf 86' lang='lat'>661;</span> <span class='ocrx_word' id='word_1_265' title='bbox 1097 2145 1159 2183; x_wconf 74' lang='lat' dir='ltr'>IX.</span> <span class='ocrx_word' id='word_1_266' title='bbox 1184 2145 1266 2180; x_wconf 87' lang='lat'>303.</span> <span class='ocrx_word' id='word_1_267' title='bbox 1304 2147 1489 2181; x_wconf 79' lang='lat' dir='ltr'>Aesonem</span> <span class='ocrx_word' id='word_1_268' title='bbox 1512 2145 1663 2181; x_wconf 86' lang='lat' dir='ltr'>honoris</span> 
     </span>
     <span class='ocr_line' id='line_1_36' title="bbox 186 2203 1664 2250; baseline 0.002 -11"><span class='ocrx_word' id='word_1_269' title='bbox 186 2214 299 2239; x_wconf 74' lang='lat' dir='ltr'>causa</span> <span class='ocrx_word' id='word_1_270' title='bbox 327 2205 443 2250; x_wconf 76' lang='lat' dir='ltr'>poeta</span> <span class='ocrx_word' id='word_1_271' title='bbox 473 2203 620 2238; x_wconf 81' lang='lat' dir='ltr'>addidit</span> <span class='ocrx_word' id='word_1_272' title='bbox 649 2203 716 2238; x_wconf 84' lang='lat' dir='ltr'>filii</span> <span class='ocrx_word' id='word_1_273' title='bbox 749 2203 826 2240; x_wconf 83' lang='lat' dir='ltr'>eius</span> <span class='ocrx_word' id='word_1_274' title='bbox 858 2203 972 2239; x_wconf 84' lang='lat' dir='ltr'>fortia</span> <span class='ocrx_word' id='word_1_275' title='bbox 1002 2203 1103 2240; x_wconf 83' lang='lat' dir='ltr'>facta</span> <span class='ocrx_word' id='word_1_276' title='bbox 1148 2206 1406 2246; x_wconf 57' lang='lat' dir='ltr'>enarraturum</span> <span class='ocrx_word' id='word_1_277' title='bbox 1438 2204 1506 2240; x_wconf 87' lang='lat' dir='ltr'>sed</span> <span class='ocrx_word' id='word_1_278' title='bbox 1535 2206 1664 2242; x_wconf 87' lang='lat' dir='ltr'>tamen</span> 
     </span>
     <span class='ocr_line' id='line_1_37' title="bbox 186 2261 419 2300; baseline 0 -2"><span class='ocrx_word' id='word_1_279' title='bbox 186 2261 254 2299; x_wconf 77' lang='lat' dir='ltr'>cfr.</span> <span class='ocrx_word' id='word_1_280' title='bbox 275 2265 312 2300; x_wconf 72' lang='grc' dir='ltr'>ν’.</span> <span class='ocrx_word' id='word_1_281' title='bbox 336 2261 419 2298; x_wconf 84' lang='grc'>337.</span> 
     </span>
    </p>

    <p class='ocr_par' dir='ltr' id='par_1_12' title="bbox 186 2321 1663 2428">
     <span class='ocr_line' id='line_1_38' title="bbox 281 2321 1663 2368; baseline 0.002 -12"><span class='ocrx_word' id='word_1_282' title='bbox 281 2321 361 2357; x_wconf 75' lang='grc'>145.</span> <span class='ocrx_word' id='word_1_283' title='bbox 387 2321 540 2356; x_wconf 82' lang='lat' dir='ltr'>Ovidius</span> <span class='ocrx_word' id='word_1_284' title='bbox 563 2321 589 2357; x_wconf 89' lang='lat' dir='ltr'><strong>L</strong></span> <span class='ocrx_word' id='word_1_285' title='bbox 605 2321 631 2357; x_wconf 85' lang='grc' dir='ltr'>Ι.</span> <span class='ocrx_word' id='word_1_286' title='bbox 647 2333 683 2357; x_wconf 86' lang='lat' dir='ltr'>v.</span> <span class='ocrx_word' id='word_1_287' title='bbox 707 2321 778 2356; x_wconf 85' lang='lat'>345</span> <span class='ocrx_word' id='word_1_288' title='bbox 802 2333 878 2367; x_wconf 90' lang='lat' dir='ltr'>seq.</span> <span class='ocrx_word' id='word_1_289' title='bbox 905 2322 1091 2358; x_wconf 76' lang='lat' dir='ltr'>Theseum</span> <span class='ocrx_word' id='word_1_290' title='bbox 1113 2324 1246 2357; x_wconf 84' lang='lat' dir='ltr'>narrat</span> <span class='ocrx_word' id='word_1_291' title='bbox 1260 2322 1300 2357; x_wconf 85' lang='lat' dir='ltr'>in</span> <span class='ocrx_word' id='word_1_292' title='bbox 1324 2324 1477 2368; x_wconf 80' lang='lat' dir='ltr'>tergum</span> <span class='ocrx_word' id='word_1_293' title='bbox 1492 2323 1663 2360; x_wconf 75' lang='lat' dir='ltr'>Bianoris</span> 
     </span>
     <span class='ocr_line' id='line_1_39' title="bbox 186 2379 1446 2428; baseline 0.002 -12"><span class='ocrx_word' id='word_1_294' title='bbox 186 2379 357 2416; x_wconf 69' lang='lat' dir='ltr'>emtam-i</span> <span class='ocrx_word' id='word_1_295' title='bbox 379 2380 573 2416; x_wconf 69' lang='lat' dir='ltr'>insiluisse.</span> <span class='ocrx_word' id='word_1_296' title='bbox 598 2381 721 2426; x_wconf 72' lang='lat' dir='ltr'>yram‘s</span> <span class='ocrx_word' id='word_1_297' title='bbox 743 2380 905 2428; x_wconf 81' lang='lat' dir='ltr'>ponitur,</span> <span class='ocrx_word' id='word_1_298' title='bbox 931 2383 974 2415; x_wconf 88' lang='lat' dir='ltr'>ut</span> <span class='ocrx_word' id='word_1_299' title='bbox 998 2381 1158 2428; x_wconf 84' lang='lat' dir='ltr'>saepius,</span> <span class='ocrx_word' id='word_1_300' title='bbox 1182 2393 1252 2428; x_wconf 85' lang='lat' dir='ltr'>pro</span> <span class='ocrx_word' id='word_1_301' title='bbox 1276 2384 1446 2427; x_wconf 80' lang='lat' dir='ltr'>gravato.</span> 
     </span>
    </p>

    <p class='ocr_par' dir='ltr' id='par_1_13' title="bbox 187 2438 1665 2602">
     <span class='ocr_line' id='line_1_40' title="bbox 282 2438 1664 2483; baseline 0.002 -9"><span class='ocrx_word' id='word_1_302' title='bbox 282 2438 362 2476; x_wconf 78' lang='lat'>146.</span> <span class='ocrx_word' id='word_1_303' title='bbox 375 2439 435 2473; x_wconf 85' lang='lat' dir='ltr'>Ad</span> <span class='ocrx_word' id='word_1_304' title='bbox 446 2439 545 2474; x_wconf 88' lang='lat' dir='ltr'>hunc</span> <span class='ocrx_word' id='word_1_305' title='bbox 556 2450 706 2475; x_wconf 69' lang='lat' dir='ltr'>versunn</span> <span class='ocrx_word' id='word_1_306' title='bbox 713 2439 880 2475; x_wconf 84' lang='lat' dir='ltr'>alludere</span> <span class='ocrx_word' id='word_1_307' title='bbox 896 2439 1046 2475; x_wconf 70' lang='lat' dir='ltr'>videtur</span> <span class='ocrx_word' id='word_1_308' title='bbox 1059 2439 1137 2474; x_wconf 87' lang='lat' dir='ltr'>Iuv.</span> <span class='ocrx_word' id='word_1_309' title='bbox 1156 2442 1226 2475; x_wconf 74' lang='lat' dir='ltr'>sat.</span> <span class='ocrx_word' id='word_1_310' title='bbox 1241 2440 1269 2478; x_wconf 88' lang='lat' dir='ltr'>L</span> <span class='ocrx_word' id='word_1_311' title='bbox 1282 2441 1324 2475; x_wconf 91' lang='lat'>11</span> <span class='ocrx_word' id='word_1_312' title='bbox 1335 2454 1343 2483; x_wconf 89' lang='lat'>;</span> <span class='ocrx_word' id='word_1_313' title='bbox 1355 2452 1445 2476; x_wconf 88' lang='lat' dir='ltr'>nam</span> <span class='ocrx_word' id='word_1_314' title='bbox 1454 2441 1503 2477; x_wconf 91' lang='lat' dir='ltr'>de</span> <span class='ocrx_word' id='word_1_315' title='bbox 1521 2441 1664 2482; x_wconf 83' lang='lat' dir='ltr'>Ovidio‚</span> 
     </span>
     <span class='ocr_line' id='line_1_41' title="bbox 187 2496 1665 2545; baseline 0.001 -12"><span class='ocrx_word' id='word_1_316' title='bbox 187 2496 291 2533; x_wconf 71' lang='lat' dir='ltr'>mina</span> <span class='ocrx_word' id='word_1_317' title='bbox 319 2497 437 2533; x_wconf 84' lang='lat' dir='ltr'>verba</span> <span class='ocrx_word' id='word_1_318' title='bbox 465 2497 491 2533; x_wconf 89' lang='lat'>1.</span> <span class='ocrx_word' id='word_1_319' title='bbox 515 2497 541 2534; x_wconf 85' lang='lat'>1.</span> <span class='ocrx_word' id='word_1_320' title='bbox 557 2497 629 2532; x_wconf 84' lang='grc'>510</span> <span class='ocrx_word' id='word_1_321' title='bbox 652 2509 743 2534; x_wconf 85' lang='lat' dir='ltr'>sane</span> <span class='ocrx_word' id='word_1_322' title='bbox 773 2498 983 2533; x_wconf 78' lang='lat' dir='ltr'>accuratius</span> <span class='ocrx_word' id='word_1_323' title='bbox 1016 2498 1069 2534; x_wconf 83' lang='lat' dir='ltr'>eis</span> <span class='ocrx_word' id='word_1_324' title='bbox 1093 2498 1332 2545; x_wconf 83' lang='lat' dir='ltr'>respondent,</span> <span class='ocrx_word' id='word_1_325' title='bbox 1358 2511 1453 2544; x_wconf 86' lang='lat' dir='ltr'>quae</span> <span class='ocrx_word' id='word_1_326' title='bbox 1478 2499 1665 2536; x_wconf 84' lang='lat' dir='ltr'>Iuvenalis</span> 
     </span>
     <span class='ocr_line' id='line_1_42' title="bbox 188 2554 970 2602; baseline 0.001 -10"><span class='ocrx_word' id='word_1_327' title='bbox 188 2554 292 2597; x_wconf 63' lang='lat' dir='ltr'>dicit,</span> <span class='ocrx_word' id='word_1_328' title='bbox 316 2567 362 2592; x_wconf 81' lang='lat' dir='ltr'>eo</span> <span class='ocrx_word' id='word_1_329' title='bbox 385 2555 468 2592; x_wconf 89' lang='lat' dir='ltr'>loco</span> <span class='ocrx_word' id='word_1_330' title='bbox 491 2556 524 2591; x_wconf 88' lang='lat' dir='ltr'>is</span> <span class='ocrx_word' id='word_1_331' title='bbox 549 2558 652 2592; x_wconf 87' lang='lat' dir='ltr'>certe</span> <span class='ocrx_word' id='word_1_332' title='bbox 676 2568 753 2592; x_wconf 89' lang='lat' dir='ltr'>non</span> <span class='ocrx_word' id='word_1_333' title='bbox 777 2557 970 2602; x_wconf 83' lang='lat' dir='ltr'>cogitavit.</span> 
     </span>
    </p>

    <p class='ocr_par' dir='ltr' id='par_1_14' title="bbox 188 2613 1665 2715">
     <span class='ocr_line' id='line_1_43' title="bbox 283 2613 1662 2663; baseline 0.001 -13"><span class='ocrx_word' id='word_1_334' title='bbox 283 2613 407 2651; x_wconf 63' lang='lat' dir='ltr'>manis</span> <span class='ocrx_word' id='word_1_335' title='bbox 430 2616 489 2651; x_wconf 79' lang='lat' dir='ltr'>est</span> <span class='ocrx_word' id='word_1_336' title='bbox 525 2618 733 2651; x_wconf 82' lang='lat' dir='ltr'>centaurus.</span> <span class='ocrx_word' id='word_1_337' title='bbox 772 2615 836 2660; x_wconf 82' lang='lat' dir='ltr'>qui</span> <span class='ocrx_word' id='word_1_338' title='bbox 860 2616 962 2663; x_wconf 80' lang='lat' dir='ltr'>apud</span> <span class='ocrx_word' id='word_1_339' title='bbox 986 2616 1160 2652; x_wconf 81' lang='lat' dir='ltr'>Ovidium</span> <span class='ocrx_word' id='word_1_340' title='bbox 1196 2628 1219 2652; x_wconf 84' lang='lat' dir='ltr'>a</span> <span class='ocrx_word' id='word_1_341' title='bbox 1243 2617 1357 2653; x_wconf 86' lang='lat' dir='ltr'>Peleo</span> <span class='ocrx_word' id='word_1_342' title='bbox 1382 2617 1606 2653; x_wconf 85' lang='lat' dir='ltr'>interficitur</span> <span class='ocrx_word' id='word_1_343' title='bbox 1629 2629 1662 2652; x_wconf 86' lang='lat' dir='ltr'>v.</span> 
     </span>
     <span class='ocr_line' id='line_1_44' title="bbox 188 2671 1665 2715; baseline 0.002 -7"><span class='ocrx_word' id='word_1_344' title='bbox 188 2671 275 2715; x_wconf 73' lang='lat'>8793</span> <span class='ocrx_word' id='word_1_345' title='bbox 298 2673 411 2709; x_wconf 71' lang='lat' dir='ltr'>Actor</span> <span class='ocrx_word' id='word_1_346' title='bbox 426 2675 552 2709; x_wconf 82' lang='lat' dir='ltr'>autem</span> <span class='ocrx_word' id='word_1_347' title='bbox 565 2674 614 2709; x_wconf 85' lang='lat' dir='ltr'>ab</span> <span class='ocrx_word' id='word_1_348' title='bbox 632 2674 765 2710; x_wconf 83' lang='lat' dir='ltr'>Ovidio</span> <span class='ocrx_word' id='word_1_349' title='bbox 778 2686 854 2710; x_wconf 90' lang='lat' dir='ltr'>non</span> <span class='ocrx_word' id='word_1_350' title='bbox 870 2677 1190 2714; x_wconf 81' lang='lat' dir='ltr'>commemoratur,</span> <span class='ocrx_word' id='word_1_351' title='bbox 1210 2675 1363 2711; x_wconf 79' lang='lat' dir='ltr'>ardenti</span> <span class='ocrx_word' id='word_1_352' title='bbox 1379 2678 1482 2712; x_wconf 79' lang='lat' dir='ltr'>torre</span> <span class='ocrx_word' id='word_1_353' title='bbox 1499 2678 1665 2711; x_wconf 80' lang='lat' dir='ltr'>armatus</span> 
     </span>
    </p>
   </div>
   <div class='ocr_carea' id='block_1_6' title="bbox 0 1460 72 3100">
    <p class='ocr_par' dir='ltr' id='par_1_15' title="bbox 0 1460 72 3100">
     <span class='ocr_line' id='line_1_45' title="bbox 0 1460 72 3100; baseline 0 0"><span class='ocrx_word' id='word_1_354' title='bbox 0 1460 72 3100; x_wconf 95' lang='lat' dir='ltr'> </span> 
     </span>
    </p>
   </div>
  </div>
 </body>
</html>
