1890 3100
243 163 331 208 518
768 165 806 202 C.
835 165 1014 201 VALERI
1039 167 1214 203 FLAOCI

349 283 511 336 iamque
544 298 682 323 omnes
712 285 847 325 adiere
875 287 1016 334 virum,
1046 287 1206 339 iamque
1237 288 1368 326 omnia
1398 293 1534 327 contra
1742 307 1800 338 330

350 350 435 387 tela
462 349 612 388 volant.
669 356 754 389 tum
783 365 878 390 vero
909 365 1046 390 amens
1076 351 1303 390 discrimine
1331 358 1455 400 tanto,

353 428 474 466 quam
503 415 620 454 modo
649 417 844 455 Tartareo
874 417 1031 468 galeam
1060 417 1208 456 Medea
1235 431 1393 456 veneno

351 545 393 582 in
421 545 576 584 medios
604 547 736 595 torsit3
768 561 987 586 conversae
1007 548 1188 599 protinus
1207 548 1360 586 hastae.

354 611 484 662 qualis
513 611 582 649 ubi
611 613 799 651 attonitos
829 618 1008 651 maestae
1037 613 1222 664 Phrygas
1253 627 1386 652 annua
1413 614 1553 653 Matris
1741 624 1799 656 635

351 676 411 714 ira
439 676 506 715 vel
535 683 721 716 exsectos
750 678 903 717 lacerat
930 678 1103 717 Bellona
1132 685 1327 717 comatos:

351 741 461 779 haud
490 755 607 780 secus
638 756 828 782 accensas
860 744 990 782 subito
1019 744 1167 783 Medea
1196 745 1380 783 cohortes

351 806 530 858 implicat
559 813 599 845 et
627 808 795 846 miseros
825 810 908 860 agit
935 810 976 846 in
1006 822 1079 847 sua
1106 810 1259 861 proelia
1287 810 1442 849 fratres.

351 872 478 910 omnis
507 872 563 910 ibi
593 873 826 911 Aesoniden
855 875 979 912 sterni
1008 880 1132 925 putat,
1164 875 1346 913 omnibus
1375 876 1434 913 ira

345 937 437 975 talis
469 943 565 975 erat.
624 942 759 989 stupet
786 938 939 976 Aeetes
968 939 1155 991 ultroque
1184 939 1363 978 furentes
1740 959 1798 988 640

346 1003 433 1054 ipse
462 1003 569 1040 viros
598 1016 790 1042 revocare
821 1004 939 1055 cupit,
973 1003 1045 1042 sed
1074 1010 1219 1043 cuncta
1246 1005 1432 1043 iacebant

348 1067 519 1118 agmina,
549 1081 624 1106 nec
655 1068 866 1120 quisquam
894 1069 1044 1120 primus
1073 1069 1174 1120 fugit
1204 1076 1273 1108 aut
1302 1083 1423 1122 super
1450 1070 1557 1110 ullus

346 1132 550 1184 linquitur,
581 1139 702 1185 atque
731 1133 866 1172 hausit
896 1134 1027 1172 subito
1058 1147 1130 1172 sua
1158 1134 1302 1173 funera
1329 1135 1462 1174 tellus.

333 1256 414 1294 630.
464 1257 582 1292 videre
606 1257 702 1299 vat„
730 1257 848 1293 adiere
873 1257 1046 1293 Schenkl.

332 1315 402 1350 633
435 1315 540 1351 deest
575 1316 614 1350 in
651 1316 747 1358 vat„
786 1316 825 1351 in
864 1317 943 1352 cod.
985 1316 1085 1352 Carr.
1126 1318 1186 1353 hic
1223 1330 1353 1354 versus
1391 1319 1528 1366 legitur
1565 1321 1739 1364 infectam

235 1375 380 1410 dederat
405 1386 559 1420 ususque
584 1380 746 1411 armarat
769 1376 809 1410 in
833 1377 921 1418 illos,
949 1376 1012 1422 qui
1037 1378 1140 1412 certe
1165 1389 1286 1423 neque
1313 1390 1336 1414 a
1359 1380 1550 1415 sententia
1567 1392 1687 1427 neque
1715 1393 1738 1417 a

238 1434 362 1470 forma
400 1434 646 1480 suspitionem
685 1436 823 1477 movet,
843 1435 927 1471 'sed
964 1436 1093 1472 tamen
1129 1448 1205 1472 non
1243 1448 1352 1473 ausus
1390 1450 1469 1473 sum
1493 1439 1594 1476 inter
1617 1440 1740 1476 verba.

230 1494 369 1539 poetae
395 1505 481 1529 eum
505 1494 684 1539 recipere.

328 1553 407 1589 635.
458 1555 631 1589 attonitos
656 1574 702 1580 —
729 1555 897 1600 Phryqas
921 1555 943 1590 i.
965 1566 994 1590 e.
1021 1555 1058 1590 in
1085 1555 1250 1591 furorem
1277 1567 1492 1600 conversos;
1519 1558 1572 1593 sic
1596 1558 1742 1604 legitur

229 1612 340 1657 Verg.
368 1615 459 1648 Aen.
486 1612 568 1654 VII,
597 1613 666 1648 580
690 1614 863 1649 attonitae
887 1615 1031 1650 Baccho
1068 1625 1213 1650 nemora
1243 1616 1327 1651 avia
1364 1621 1493 1652 matres
1531 1611 1736 1661 Imaum&

230 1671 301 1706 has
326 1672 518 1707 attonitam
543 1676 721 1708 catervam
745 1673 915 1708 nominat
940 1674 1033 1710 Stat.
1061 1673 1140 1709 silv.
1167 1675 1208 1716 V,
1244 1675 1274 1716 1,
1303 1675 1389 1718 116;
1429 1676 1495 1712 Ov.
1521 1676 1640 1712 Ibidis
1665 1677 1737 1712 453

229 1741 306 1776 seq.
334 1732 573 1776 attonitusqae
596 1743 697 1774 seces,
723 1736 765 1767 ut
789 1743 876 1777 quos
896 1732 1059 1779 Cybeleia
1082 1737 1195 1768 mater
1212 1734 1349 1770 Incitat
1373 1734 1423 1769 ad
1446 1735 1626 1781 Phrygios
1648 1737 1741 1772 vilia.

230 1791 390 1826 membra
413 1791 545 1826 modos.

327 1854 483 1885 maestae
526 1871 568 1876 —
617 1851 753 1886 Matm
793 1863 841 1886 sc.
883 1852 1040 1897 propter
1082 1851 1256 1887 amissum
1299 1852 1482 1896 Attidem
1531 1853 1599 1890 cfr.
1632 1853 1736 1900 VIII,

232 1909 320 1956 2393
373 1909 476 1947 Suet.
505 1910 663 1946 Othonis
690 1923 721 1947 c.
746 1911 786 1954 8;
831 1911 971 1947 Arnob.
997 1911 1041 1957 V,
1084 1912 1104 1946 7
1119 1925 1127 1954 ;
1171 1912 1233 1956 163
1267 1912 1425 1948 Prelleri
1457 1913 1614 1958 mythol.
1641 1925 1736 1950 rom.

231 1968 296 2014 11³,
323 1969 403 2004 388.

326 2028 407 2064 636.
459 2029 516 2064 De
559 2031 705 2065 eoeseetis
740 2030 922 2066 Bellonae
960 2031 1116 2072 comatis,
1157 2030 1219 2075 qui
1255 2026 1462 2066 Bellonarii
1498 2031 1735 2075 dicebantur,

231 2087 298 2122 cfr.
326 2087 407 2124 Iuv.
434 2088 497 2133 IV,
539 2089 624 2134 1233
664 2089 725 2134 VI,
763 2089 851 2131 511;
891 2089 1026 2126 Tibull.
1053 2090 1081 2131 I,
1120 2090 1152 2131 6,
1191 2090 1238 2124 43
1263 2101 1382 2136 seqq.;
1424 2090 1562 2127 Lucan.
1589 2091 1619 2134 I,
1646 2091 1739 2135 565·,

229 2146 388 2182 Prelleri
413 2147 565 2192 mythol.
592 2148 698 2183 R-om.
726 2148 783 2182 11⁸
807 2148 888 2185 386.

326 2205 407 2242 638.
458 2217 527 2241 sua
545 2208 707 2251 proelia3
745 2219 952 2252 pronomen
987 2207 1141 2253 ponitur
1177 2219 1246 2253 pro
1283 2208 1461 2253 genetivo
1498 2209 1562 2254 qui
1597 2208 1736 2244 dicitur

233 2264 443 2300 obiectivus
492 2266 554 2301 vel
595 2266 720 2311 potius
764 2267 836 2302 hoc
879 2267 962 2302 loco
998 2279 1067 2312 pro
1103 2267 1406 2313 praepositione:
1456 2269 1544 2303 sunt
1585 2268 1733 2314 proelia

230 2324 365 2359 contra
391 2335 431 2359 se
455 2324 555 2370 ipsos
581 2326 700 2370 gesta,
726 2328 769 2360 ut
796 2326 902 2362 Ovid.
930 2337 1045 2362 amor.
1071 2326 1120 2368 II,
1147 2326 1179 2369 6,
1207 2326 1271 2372 273
1306 2326 1372 2362 cfr.
1397 2337 1482 2363 suos
1506 2331 1624 2363 sonte-3
1649 2328 1738 2363 Val..

228 2382 300 2425 ΠΙ,
326 2383 409 2419 389.

325 2442 406 2479 640.
459 2443 621 2487 ultroque
644 2443 667 2478 i.
696 2455 727 2481 e.
753 2455 828 2479 non
854 2444 991 2480 auxilio
1016 2446 1184 2480 vocatus.

327 2502 409 2539 642.
459 2504 536 2539 ruit
558 2503 655 2544 Vat„
679 2503 775 2548 fuyit
800 2515 881 2548 ego.
943 2504 1073 2549 Neque
1098 2505 1137 2539 in
1162 2517 1290 2551 pugna
1320 2505 1516 2550 quisquam
1540 2505 1737 2551 superfuit

227 2573 350 2608 neque
376 2561 467 2607 fuga
493 2562 653 2597 salutem
678 2561 824 2607 petivit.

326 2620 408 2656 643.
458 2632 527 2657 sua
549 2621 682 2664 fumera
705 2621 728 2656 i.
747 2632 778 2656 e.
806 2621 1008 2665 cadavera,;
1036 2622 1088 2658 sic
1106 2623 1253 2669 saepius
1271 2623 1371 2668 apud
1395 2624 1538 2669 poetas,
1556 2625 1600 2659 ut
1617 2624 1738 2669 Verg..
