1924 3100
730 720 1169 775 PRAEFATIO.

318 893 470 932 Valerii
496 892 632 931 Flacci
659 893 931 943 Argonautica
962 899 1192 930 enarraturo
1230 891 1271 929 id
1305 891 1402 929 mihi
1436 897 1529 929 ante
1566 891 1700 929 omnia

210 958 418 1011 proposui,
460 963 504 995 ut
544 963 687 1008 poetae
731 963 771 995 et
810 957 934 995 verba
978 964 1018 995 et
1055 957 1275 995 sententias
1315 956 1470 995 collatis
1508 956 1699 1008 imprimis

211 1023 379 1061 aliorum
420 1029 629 1074 poetarum
670 1022 939 1060 Romanorum
987 1022 1086 1060 locis
1134 1022 1376 1060 illustrarem
1428 1021 1583 1059 omissis
1627 1021 1697 1068 eis,

213 1101 382 1140 quorum
410 1086 690 1125 similitudines
720 1087 831 1124 casui
849 1087 980 1138 potius
1002 1100 1122 1138 quam
1151 1086 1282 1125 studio
1313 1093 1353 1125 et
1381 1086 1547 1124 consilio
1577 1087 1699 1137 scrip-

213 1158 342 1191 torum
370 1152 583 1190 tribuenda
617 1151 857 1190 viderentur.
930 1151 1128 1200 Quoniam
1170 1158 1304 1190 aut-em
1346 1158 1497 1189 eertum
1539 1150 1699 1189 modum

212 1224 353 1256 tenere
394 1218 498 1255 inter
537 1217 723 1268 exempla
762 1217 879 1255 nimis
921 1217 1047 1255 multa
1089 1223 1129 1255 et
1169 1217 1286 1255 nimis
1325 1230 1455 1268 pauca
1496 1216 1701 1255 afferenda

214 1281 489 1320 difficillimum
518 1288 580 1320 est
608 1288 729 1333 atque
756 1287 841 1320 tota
867 1282 969 1320 haec
996 1295 1062 1320 res
1092 1295 1213 1333 saepe
1243 1282 1293 1320 ab
1323 1282 1509 1333 opinione
1537 1281 1699 1333 pendet,

215 1361 306 1386 cum
345 1347 448 1385 alter
483 1346 624 1385 eodem
662 1335 752 1384 loco
792 1346 923 1398 plura,
969 1347 1072 1385 alter
1109 1347 1299 1398 pauciora
1339 1347 1526 1399 exempla
1570 1347 1703 1385 affeni

214 1411 404 1450 debuisse
431 1412 551 1450 facile
578 1411 739 1457 iudicet,
769 1412 810 1449 in
838 1412 1069 1450 universum
1097 1412 1220 1450 malui
1238 1411 1357 1463 plura
1375 1425 1494 1464 quam
1514 1412 1701 1463 pauciora

213 1476 404 1528 proferre,
434 1490 524 1514 cum
553 1489 655 1528 quae
683 1476 853 1515 fortasse
884 1476 1028 1515 deesse
1056 1476 1280 1523 videantur,
1312 1477 1369 1515 eis
1399 1490 1521 1528 aegre
1550 1490 1701 1523 careas,

214 1554 319 1594 qnae
347 1547 485 1580 contra
513 1540 729 1587 abundare,
759 1541 869 1580 nullo
890 1542 1053 1593 negotio
1075 1542 1116 1580 in
1144 1542 1319 1593 legendo
1348 1543 1507 1580 transiri
1534 1543 1700 1594 possint.

213 1607 378 1645 Etenim
405 1619 486 1644 non
512 1606 654 1645 inutile
684 1613 746 1645 est
772 1607 971 1658 inspicere
1001 1621 1120 1659 quam
1155 1614 1239 1646 arte
1276 1607 1327 1645 ab
1356 1607 1483 1646 altera
1517 1614 1630 1659 parte
1661 1613 1702 1645 et

211 1671 334 1710 rebus
376 1677 418 1709 et
457 1671 590 1710 verbis
625 1671 810 1710 Valerius
854 1686 943 1710 cum
986 1673 1074 1710 aliis
1116 1673 1246 1724 poetis
1290 1673 1525 1711 coniunctus
1568 1673 1619 1710 sit
1661 1679 1703 1711 et

214 1735 439 1783 cohaereat,
470 1736 520 1774 ab
550 1737 678 1775 altera
707 1744 954 1789 quantopere
983 1737 1091 1776 idem
1120 1737 1252 1776 studio
1281 1738 1499 1789 abripiatur
1526 1737 1702 1776 novandi

213 1812 257 1839 et
283 1802 325 1839 in
351 1801 618 1840 locutionibus
648 1810 687 1840 et
721 1803 763 1840 in
796 1816 927 1841 rerum
961 1804 1189 1841 narratione
1217 1803 1418 1841 interdum
1451 1803 1519 1841 vel
1548 1816 1703 1860 summa

212 1866 394 1907 audacia.

320 1931 455 1970 Pauca
488 1932 742 1983 profecerunt
778 1933 820 1970 in
852 1933 914 1971 his
950 1932 1091 1971 studiis
1127 1934 1164 1971 ei
1202 1933 1269 1985 qui
1302 1942 1394 1984 post
1428 1934 1701 1972 Burmannum

213 1997 454 2048 interpretes
482 1997 605 2035 totius
635 1998 766 2049 operis
796 1999 1054 2046 exstiterunt3
1097 2012 1190 2036 nam
1217 1997 1365 2036 Harles
1401 1998 1442 2035 in
1469 1999 1701 2037 universum

214 2062 315 2100 satis
350 2061 507 2109 habuit,
549 2063 898 2114 interpretationes
942 2063 992 2101 ab
1039 2064 1127 2102 aliis
1164 2064 1243 2101 iam
1279 2063 1455 2114 prolatas
1493 2070 1699 2114 repetere3

215 2126 397 2178 Wagner
436 2140 517 2165 non
557 2134 639 2165 tam
682 2129 1006 2166 commentarium
1055 2129 1213 2180 scripsit
1261 2142 1380 2180 quam
1427 2129 1701 2180 paraphrasim

214 2192 435 2243 prosaicam
471 2193 601 2243 operis
633 2193 781 2243 poetici
815 2200 856 2231 et
890 2207 994 2245 quae
1030 2193 1142 2240 dicit,
1186 2207 1428 2245 quamquam
1463 2207 1585 2244 saepe
1619 2208 1701 2233 non

213 2255 373 2294 inutilia
405 2255 457 2294 ad
489 2257 615 2295 verba
642 2257 795 2296 Valerii
829 2257 1117 2309 intellegenda,
1161 2259 1289 2309 mag-is
1325 2259 1560 2296 auctoritate
1595 2259 1700 2297 affir-

215 2326 374 2359 mantur
406 2335 524 2373 quam
558 2323 839 2361 confirmantur
877 2324 1084 2375 exemplis.
1154 2324 1409 2374 Francogalli
1453 2329 1589 2362 autem
1633 2326 1702 2376 qui

215 2385 293 2424 hoc
329 2386 492 2424 saeculo
528 2393 672 2438 poetae
710 2388 1008 2439 interpretando
1047 2401 1207 2440 operam
1246 2388 1460 2427 dederunt:
1503 2389 1699 2436 Lemaire,

216 2449 383 2489 Dureau
403 2450 455 2490 de
472 2452 664 2498 Lamalle,
684 2453 851 2503 Huguet
880 2454 956 2491 etsi
983 2454 1151 2504 singulis
1179 2454 1277 2491 locis
1306 2454 1437 2492 lucem
1466 2454 1697 2502 attulerunt,

217 2520 351 2554 tamen
391 2516 517 2554 multa
558 2516 817 2569 disceptanda
857 2519 1027 2569 posteris
1068 2519 1333 2570 reliquerunt:
1378 2525 1498 2570 atque
1533 2519 1701 2570 Huguet

218 2578 379 2631 quidem
418 2581 518 2618 nihil
556 2582 642 2632 ipse
684 2583 899 2633 praestitit,
941 2583 1108 2621 Dureau
1150 2584 1245 2621 artis
1286 2584 1447 2622 criticae
1488 2597 1569 2622 non
1604 2585 1699 2622 satis

217 2644 368 2695 peritus
396 2645 500 2683 inter
527 2659 655 2697 pauca
683 2647 796 2685 utilia
823 2647 949 2686 multa
968 2647 1111 2693 attulit,
1143 2661 1246 2700 quae
1266 2661 1348 2686 non
1366 2647 1417 2686 ad
1437 2662 1520 2686 rem
1540 2649 1699 2696 faciant,

1444 2714 1463 2746 1
