1890 3100
259 222 342 264 174
771 219 808 257 C.
834 220 1013 256 VALERI
1037 222 1210 258 FLACCI

361 351 546 390 aequora.
604 340 660 377 sic
686 345 824 391 portus
853 339 1011 391 fugeret
1037 341 1144 388 ratis,
1175 355 1318 393 aspera
1346 343 1379 381 si
1406 348 1447 382 te
1727 351 1782 380 405

360 403 467 442 Plias
496 404 537 441 in
565 403 759 449 adversae
787 405 983 444 tenuisset
1015 405 1131 445 litore
1159 406 1348 446 Thraces.

360 482 455 520 ergo
483 481 612 507 moras
641 469 753 508 caelo
782 483 1020 523 cursumque
1046 472 1275 510 tenentibus
1304 472 1420 515 undis

359 533 567 572 debuimus
575 533 605 572 P'
636 534 734 572 dixit
760 534 981 584 lacrimans,
1010 536 1260 589 haesuraque
1291 551 1381 576 caro

359 598 462 637 dona
490 598 581 637 duci
607 600 751 651 promit
780 600 1031 652 chlamydem
1057 607 1271 654 textosque
1301 602 1472 642 labores.

358 663 439 702 illic
469 664 616 703 servati
643 665 834 716 genitoris
865 666 1024 704 conscia
1053 680 1165 705 sacra
1726 677 1781 707 410

356 729 502 781 pressit
529 743 604 768 acu
632 743 850 782 currusque
876 731 980 782 pios:
1011 737 1116 770 stant
1146 745 1268 774 saeva
1294 737 1510 784 paventum

358 795 516 845 agmina
543 794 718 847 dantque
746 795 894 844 locum3
930 796 1046 835 viridi
1075 797 1219 837 circum
1247 797 1407 843 horrida
1433 798 1516 845 tela

358 859 459 898 silva
485 860 636 908 tremit3
665 860 806 899 mediis
834 861 982 912 refugit
1008 867 1122 913 pater
1149 863 1290 901 anxius
1318 862 1480 902 umbris.

355 938 447 976 pars
478 931 518 964 et
546 924 758 964 frondosae
786 931 922 977 raptus
952 933 1204 978 expresserat
1231 927 1329 966 Idae

343 1060 423 1096 408.
474 1061 770 1096 haesura—dorm
780 1060 969 1106 intellegit
980 1061 1170 1097 Burmann
1188 1062 1234 1098 de
1250 1062 1486 1110 vestimento,
1504 1075 1576 1108 quo
1594 1075 1724 1112 corpus

249 1119 431 1166 induitur;
445 1120 582 1156 rectius
600 1119 805 1165 explicatur
817 1131 988 1156 mansura
1000 1121 1107 1162 dona,
1123 1120 1189 1156 cfr.
1209 1121 1275 1158 Ov.
1294 1120 1378 1158 fast.
1392 1121 1442 1167 H,
1455 1121 1525 1157 498
1541 1123 1723 1164 haesisset-

249 1190 315 1224 que
339 1180 467 1215 animis
488 1179 645 1222 forsitan
668 1179 731 1214 illa
753 1179 856 1222 fide&
882 1179 978 1215 trist.
1003 1179 1071 1222 111,
1096 1180 1129 1221 4,
1155 1179 1202 1215 35
1226 1192 1301 1226 seq.
1326 1190 1416 1225 quae
1432 1191 1504 1226 pro
1529 1185 1633 1219 tem
1663 1192 1723 1217 vo-

249 1249 365 1284 veam,
391 1239 469 1274 miti
487 1240 623 1283 pietate
645 1240 788 1285 mereris
811 1239 1044 1284 Haesuraque
1067 1239 1154 1275 mihi
1177 1243 1313 1284 tempus
1335 1241 1376 1275 in
1394 1250 1492 1280 omne
1505 1240 1600 1283 Γαῖα
1621 1239 1722 1277 Suet.

251 1297 357 1333 Galb.
384 1298 406 1332 4
430 1298 644 1333 morem—in
669 1297 769 1333 domo
792 1309 860 1333 sua
883 1299 1080 1333 haerentem
1103 1299 1375 1336 obstinatissime
1397 1299 1552 1335 retinuit.

342 1368 423 1404 409.
472 1368 685 1414 chlamydem
709 1372 887 1415 textosque
913 1369 1048 1407 labores
1071 1381 1185 1404 unum
1211 1370 1268 1405 est
1285 1370 1437 1415 donum:
1456 1370 1604 1415 labores
1622 1370 1722 1406 ohla-

246 1427 348 1472 mydi
372 1427 506 1463 intexti
531 1428 632 1470 sunt;
660 1427 725 1465 cfr.
752 1427 800 1463 ad
830 1429 856 1469 I,
884 1428 964 1464 143.
989 1428 1123 1463 Mirum
1148 1428 1246 1473 quod
1267 1428 1482 1474 Apollonius
1506 1429 1600 1464 talia
1625 1429 1723 1465 dona

246 1486 285 1521 in
310 1486 472 1522 discessu
498 1486 798 1531 Argonautarum
822 1487 1010 1522 narrando
1035 1487 1183 1523 omnino
1208 1499 1282 1523 non
1300 1489 1576 1530 commemorat,
1595 1489 1637 1523 at
1652 1487 1720 1534 ΠΙ,

247 1545 339 1580 1203
364 1557 463 1591 seqq.
491 1546 585 1581 haec
610 1546 742 1581 habet:
782 1546 866 1592 ἀμφὶ
896 1547 934 1582 δὲ
964 1550 1066 1592 φᾶρος
1095 1544 1215 1583 ἕσσατο
1247 1548 1392 1594 κυάνεον,
1423 1547 1458 1583 τὸ
1483 1544 1543 1592 μέν
1568 1549 1597 1583 οἱ
1620 1549 1722 1592 πάρος

246 1604 426 1651 ἐγγυάλιξεν
450 1608 601 1651 Λημνιὰς
625 1606 796 1651 Ὑψιπύλη,
821 1606 933 1651 ἀδινῆς
966 1606 1125 1651 μνημήιον
1151 1606 1259 1652 εὐνῆς
1283 1606 1397 1651 poeta
1421 1617 1509 1642 vero
1534 1606 1721 1642 Romanus

245 1676 320 1700 non
347 1664 462 1700 solum
479 1663 617 1700 donum
632 1664 800 1700 luxuriae
817 1664 1047 1710 Hypsipylen
1064 1664 1187 1700 Iasoni
1205 1665 1351 1701 dedisse
1367 1666 1505 1707 narrat,
1524 1665 1590 1701 sed
1607 1664 1722 1701 etiam

245 1723 422 1768 gladium,
448 1724 491 1758 ut
515 1723 622 1759 heros
647 1723 771 1759 media
795 1723 834 1758 in
850 1735 977 1769 pugna
1002 1735 1146 1769 quoque
1170 1735 1311 1760 memor
1336 1723 1385 1759 sit
1410 1723 1569 1760 dilectae
1593 1723 1721 1759 mulie-

246 1782 306 1818 ris.
356 1782 525 1818 Vestium
550 1782 648 1818 dona
673 1783 939 1819 commemorat
963 1782 1077 1818 etiam
1101 1782 1212 1828 Verg.
1239 1783 1328 1819 Aen.
1354 1782 1420 1824 ΙΙΙ,
1446 1782 1515 1818 484
1539 1794 1638 1828 seqq.

340 1854 418 1888 411.
463 1854 602 1898 praesit
639 1865 662 1888 a
697 1854 793 1896 vat„
825 1854 959 1898 pressit
995 1864 1062 1888 acu
1099 1854 1178 1890 cod.
1218 1853 1328 1895 carr„
1367 1853 1464 1899 quod
1500 1864 1720 1899 quamquam

244 1914 396 1958 praeter
438 1913 742 1948 consuetudinem
783 1913 918 1948 dicitur
957 1925 1024 1959 pro
1061 1914 1230 1958 expressit
1269 1925 1347 1956 acu,
1384 1914 1511 1949 tamen
1547 1913 1599 1948 sic
1641 1913 1719 1950 sine

246 1972 358 2008 dubio
384 1984 406 2008 a
429 1974 544 2018 poeta
568 1972 650 2021 ipso
674 1972 854 2018 scriptum
880 1973 947 2008 est.

337 2035 435 2067 stant
470 2042 577 2067 saeva
609 2036 799 2076 paventum
836 2032 994 2077 aymina;
1034 2031 1099 2069 cfr.
1138 2043 1231 2077 quae
1267 2031 1348 2068 Val.
1393 2042 1504 2077 supra
1542 2031 1589 2067 de
1629 2030 1720 2077 fuga

244 2091 423 2126 Thoantis
447 2092 669 2126 narraverat
693 2103 727 2126 v.
753 2090 822 2125 266
849 2092 887 2126 et
911 2091 980 2125 277
1005 2102 1079 2136 seq.

336 2150 416 2189 412,
465 2150 591 2186 viridis
614 2149 710 2191 Vat„
736 2150 845 2185 viridi
873 2150 1015 2192 Barth.;
1040 2151 1240 2196 tantopere
1266 2150 1314 2185 ad
1338 2151 1510 2185 naturam
1533 2149 1636 2195 picta
1662 2150 1719 2186 est

243 2209 336 2244 silva
362 2210 401 2245 et
424 2209 575 2245 frondes
600 2209 710 2244 viridi
735 2208 821 2251 tela,
848 2210 891 2243 ut
914 2209 1076 2245 tremere
1100 2209 1309 2246 videantur.

334 2268 415 2303 413.
463 2269 652 2313 mediisque
673 2268 768 2314 fuyit
792 2268 884 2304 Phil.
911 2269 1078 2313 Wagner
1102 2268 1233 2304 Philol.
1260 2268 1336 2309 XX,
1357 2268 1437 2314 633,
1454 2268 1521 2304 sed
1536 2267 1717 2303 traditam

241 2326 461 2372 scripturam
488 2326 649 2363 Schenkl
673 2328 768 2362 stud.
794 2340 828 2373 p.
856 2327 924 2362 368
948 2327 1217 2373 interpretatus
1243 2328 1300 2363 est
1326 2327 1490 2363 ‘fliichtet
1512 2326 1717 2361 riickwarts

239 2385 278 2421 in
304 2386 377 2422 den
400 2385 518 2422 tiefen
543 2386 656 2421 Wald
681 2386 828 2423 hinein.’

333 2445 412 2479 414.
458 2455 557 2489 pars,
585 2456 633 2481 sc.
661 2445 876 2490 chlamydis,
903 2450 1119 2490 eoepresserat
1142 2457 1210 2492 pro
1235 2456 1279 2481 eo
1310 2445 1407 2491 quod
1421 2444 1570 2490 proprie
1588 2444 1712 2480 dicen-

242 2505 329 2540 dum
357 2504 439 2540 erat
465 2504 582 2549 ‘parte
609 2504 813 2549 chlamydis
839 2506 1074 2550 expresserat
1097 2504 1321 2550 Hypsipyle':
1348 2503 1438 2540 satis
1468 2503 1647 2539 audacter
1671 2503 1712 2538 id

241 2563 393 2608 quidem
418 2562 568 2605 dictum,
594 2563 660 2599 sed
684 2574 758 2598 non
784 2574 891 2598 ausus
917 2576 997 2598 sum
1021 2564 1177 2604 mutare,
1205 2573 1426 2608 quamquam
1449 2562 1560 2598 valde
1583 2562 1712 2608 placet

240 2622 338 2666 quod
362 2621 533 2658 Heinsius
561 2621 719 2657 coniecit
737 2626 844 2666 parte
868 2626 900 2657 et
907 2635 915 2664 3
940 2622 1212 2666 raptus—Idae,
1237 2621 1322 2657 vide
1348 2621 1396 2657 ad
1419 2633 1453 2657 v.
1479 2621 1558 2657 495.

334 2681 497 2726 Raptum
523 2680 747 2726 Ganymedis
773 2692 841 2716 acu
865 2681 1006 2726 pictum
1030 2681 1068 2716 in
1093 2680 1287 2725 chlamyde
1313 2681 1425 2717 antea
1461 2680 1709 2726 descripserat
