1890 3100
185 204 271 248 538
685 201 721 238 C.
747 201 929 237 VALERI
953 201 1128 238 FLACCI

290 335 382 374 pars
411 321 583 369 veribus,
614 334 705 373 pars
735 320 901 360 undanti
931 321 1142 373 despumat
1172 335 1286 361 aeno.

291 388 505 439 gramineis
537 393 598 425 ast
625 386 719 426 inde
747 387 842 425 toris
874 387 1144 435 discumbitur,
1177 387 1270 426 olim
1673 397 1727 428 255

290 453 429 492 Hister
458 452 715 491 anhelantem
740 452 903 491 Peucen
933 466 1010 505 quo
1039 459 1244 505 presserat
1273 459 1398 492 antro.

290 518 367 570 ipsi
394 519 499 557 inter
526 517 679 557 medios
708 531 826 556 rosea
853 517 1035 557 radiante
1065 518 1230 557 iuventa

291 583 409 622 altius
439 583 560 636 inque
590 583 651 622 sui
681 589 910 622 sternuntur
938 583 1100 622 velleris
1131 597 1239 622 auro.

345 661 444 710 Quis
473 674 601 699 novus
630 661 810 713 inceptos
839 661 958 699 timor
985 660 1167 713 impediit
1194 661 1444 712 hymenaeos

290 726 544 778 turbavitque
573 731 681 764 toros
712 731 752 765 et
782 739 894 764 sacra
923 725 1095 764 calentia
1123 725 1254 778 rupit?
1673 730 1729 761 260

288 791 491 843 Absyrtus
522 791 654 830 subita
681 804 874 843 praeceps
905 805 995 830 cum
1025 791 1154 830 classe
1184 793 1362 844 parentis

290 857 502 896 advehitur
529 857 707 909 profugis
737 856 925 895 infestam
953 856 1141 909 lampada
1172 857 1289 896 Grais

277 1013 358 1048 254.
407 1012 476 1047 Hic
501 1023 628 1047 versus
655 1023 677 1046 a
702 1011 908 1047 novissimis
949 1011 1154 1048 editoribus
1193 1015 1384 1058 corruptus
1410 1013 1567 1058 putatur
1609 1014 1675 1048 aut

183 1073 324 1119 aliquid
361 1071 605 1113 intercidisse,
643 1071 710 1106 sed
747 1071 907 1107 fortasse
945 1072 992 1106 ab
1032 1071 1190 1107 audacia.
1215 1071 1355 1108 Valerii
1394 1083 1469 1108 non
1495 1072 1676 1108 abhorret

182 1143 347 1178 zeugma,
374 1132 416 1167 ut
443 1143 487 1167 ex
512 1131 748 1176 despumandi
784 1131 910 1174 verbo,
949 1131 1049 1167 cuius
1082 1131 1271 1167 obiectum
1309 1132 1366 1168 est
1394 1131 1561 1177 praemia
1588 1132 1611 1167 i.
1640 1143 1669 1168 e.

183 1193 296 1237 capta
320 1191 482 1233 venatio,
509 1191 610 1227 notio
634 1191 766 1237 fiyendi
790 1191 850 1227 vel
876 1191 1023 1227 assandi
1049 1191 1239 1226 audiatur:
1280 1192 1382 1228 certe
1408 1203 1484 1227 non
1508 1191 1669 1226 multum

183 1251 370 1287 dissimilis
397 1252 453 1287 est
477 1251 580 1287 locus
598 1250 658 1293 IV,
677 1250 723 1285 66
740 1255 798 1286 sat
814 1251 879 1286 tibi
893 1251 1031 1294 furtum
1047 1251 1142 1297 iynis
1159 1251 1223 1296 (sc.
1241 1251 1430 1296 punitum)
1449 1254 1482 1286 et
1498 1251 1676 1286 aetheriae

183 1312 327 1355 defensa
350 1311 492 1347 silentia
516 1321 664 1347 mensae.
715 1310 770 1346 De
809 1310 997 1346 sententia
1037 1310 1124 1346 vide
1149 1310 1260 1356 Verg.
1286 1310 1378 1346 Aen.
1405 1310 1432 1356 1,
1471 1310 1540 1345 212
1578 1321 1652 1356 seq.
1668 1324 1676 1354 ;

183 1383 310 1418 georg.
337 1372 365 1413 Ι,
392 1370 472 1407 296.

279 1442 358 1478 256.
408 1442 514 1477 Hanc
539 1442 584 1478 de
609 1442 730 1477 Peuce
756 1442 921 1487 nympha
949 1442 987 1477 et
1012 1441 1138 1477 Histro
1165 1441 1277 1478 fluvio
1303 1441 1473 1477 fabulam
1498 1442 1670 1478 Valerius

182 1502 262 1548 ipse
287 1502 437 1538 videtur
462 1502 621 1547 finxisse,
649 1503 694 1537 ab
721 1513 763 1537 eo
790 1501 947 1547 sumpsit
962 1500 1055 1537 Stat.
1083 1501 1163 1537 silv.
1179 1501 1221 1543 V,
1249 1501 1280 1543 2,
1310 1501 1388 1537 137.

278 1574 358 1609 257.
408 1574 574 1609 radiante
597 1574 742 1609 iuventa
781 1574 838 1609 est
876 1584 1025 1618 prorsus
1063 1574 1232 1608 nostrum
1272 1573 1319 1608 ‘in
1345 1573 1582 1609 strahlender
1606 1573 1672 1609 Ju-

183 1634 305 1680 gend',
333 1634 399 1669 sed
424 1633 540 1669 multo
578 1633 696 1668 rarius
733 1633 772 1668 in
797 1632 913 1668 latino
940 1643 1110 1668 sermone
1137 1632 1183 1668 de
1209 1632 1420 1668 hominibus
1448 1632 1591 1668 dictum
1615 1644 1674 1668 re-

182 1693 326 1740 peritur
352 1694 390 1729 et
416 1693 515 1739 apud
540 1692 765 1738 posteriores
790 1694 924 1738 poetas
950 1692 1029 1728 fere
1056 1692 1173 1728 solos:
1218 1691 1344 1728 Claud.
1372 1691 1411 1727 in
1435 1691 1546 1730 Prob.
1573 1703 1675 1728 cons.

184 1753 267 1796 118;
295 1753 341 1788 de
366 1752 420 1788 IV
445 1764 545 1788 cons.
571 1751 665 1789 Hon.
691 1751 778 1798 5183
806 1751 926 1796 Apoll.
954 1750 1029 1787 sid.
1050 1750 1131 1792 VII,
1160 1750 1244 1793 199;
1271 1751 1432 1787 Venant.
1452 1751 1552 1787 Fort.
1571 1751 1613 1794 V,
1640 1750 1673 1794 5,

184 1812 268 1855 125;
295 1811 378 1855 VII,
405 1812 437 1853 6,
463 1812 525 1854 203
552 1811 651 1852 V111‚
678 1811 711 1856 2,
737 1811 775 1858 3;
818 1810 881 1856 IX,
909 1811 940 1853 1,
968 1810 1052 1853 102;
1082 1809 1209 1847 Claud.
1228 1810 1322 1846 Vict.
1341 1810 1466 1847 Aleth.
1487 1811 1557 1854 ΙΙΙ,
1584 1811 1673 1852 312;

184 1872 307 1909 Sedul.
333 1872 460 1918 pasch.
486 1883 515 1907 c.
541 1871 591 1915 II,
618 1870 676 1907 52.

278 1943 358 1980 258.
407 1944 513 1988 inque
536 1943 594 1978 sui
621 1947 827 1979 sternuntur
856 1942 991 1979 velleris
1010 1953 1116 1989 auro3
1143 1942 1209 1979 cfr.
1229 1942 1346 1988 Apoll.
1366 1942 1427 1988 IV,¹
1457 1943 1547 1979 1139
1565 1955 1666 1991 seqq.

186 2004 359 2040 Ceterum
394 2015 544 2049 prorsus
583 2003 657 2038 alia
695 2003 741 2039 de
782 2003 922 2049 nuptiis
948 2003 1090 2039 Iasonis
1129 2004 1167 2039 et
1192 2003 1350 2039 Medeae
1374 2003 1534 2038 tradidit
1558 2003 1674 2050 Apol-

182 2063 311 2104 lonius,
339 2062 391 2098 eis
415 2062 455 2097 in
480 2062 603 2098 animo
642 2062 756 2100 fuisse
793 2064 874 2098 tum
916 2063 1066 2099 demum
1102 2062 1253 2108 nuptias
1286 2062 1488 2104 celebrare,
1528 2074 1613 2098 cum
1636 2063 1676 2098 in
1886 2107 1890 2112 ⁴

185 2122 382 2158 Graeciam
417 2122 615 2163 venissent,
655 2122 721 2158 sed
764 2121 990 2158 necessitate
1029 2122 1176 2157 coactos
1213 2121 1251 2157 id
1287 2120 1420 2157 fecisse
1457 2121 1532 2157 iam
1574 2122 1675 2167 apud
1883 2115 1890 2168 i

184 2181 378 2217 Alcinoum
402 2181 441 2216 in
465 2181 586 2217 insula
611 2181 836 2223 Phaeacum,
863 2192 910 2217 ne
936 2180 1069 2217 Medea
1089 2180 1234 2217 Colchis
1259 2180 1570 2226 persequentibus
1595 2181 1673 2216 tra-
1880 2171 1884 2174 ’

184 2241 346 2282 deretur,
372 2240 448 2276 vid.
473 2240 594 2286 Apoll.
619 2241 644 2277 l.
669 2240 693 2276 1.
721 2242 760 2276 et
777 2240 890 2276 schol.
908 2240 971 2285 IV,
998 2239 1106 2283 1153;
1135 2240 1225 2275 1217
1254 2240 1420 2276 diversas
1438 2239 1674 2276 narrationes

185 2301 548 2337 commemorantem.
601 2299 692 2335 Cum
718 2301 845 2335 autem
862 2299 1030 2335 Valerius
1055 2299 1195 2341 tradat,
1221 2299 1371 2345 nuptias
1397 2311 1472 2335 non
1495 2299 1569 2335 rite
1592 2310 1677 2345 per-

183 2361 304 2396 fectas
343 2370 433 2402 esse,
473 2358 631 2395 fortasse
668 2359 863 2395 sollemnia
900 2358 1110 2394 instaurata
1140 2370 1220 2395 esse
1246 2358 1285 2393 in
1315 2358 1436 2394 insula
1460 2358 1677 2394 Phaeacum

184 2420 404 2455 narraturus
431 2419 522 2454 erat.

281 2490 362 2526 261.
411 2490 532 2526 subita
555 2509 602 2516 —-
626 2500 706 2524 cum
730 2490 858 2532 classa
903 2489 969 2524 cfr.
998 2489 1047 2524 ad
1072 2501 1106 2527 v.
1132 2489 1212 2525 287.

280 2561 359 2597 262.
409 2561 575 2604 infestam
606 2560 774 2606 lampada
802 2560 912 2596 Grais
936 2562 1156 2596 concutiens:
1196 2572 1271 2596 non
1297 2559 1375 2595 sine
1395 2558 1548 2596 consilio
1575 2560 1674 2594 hanc

184 2621 400 2667 lampadem
425 2621 692 2657 commemorat
708 2621 823 2666 poeta
849 2620 1076 2655 contrariam
1097 2620 1141 2665 ei,
1160 2630 1272 2665 quam
1287 2619 1414 2665 paullo
1433 2620 1521 2655 ante
1541 2618 1675 2655 Pollux

185 2681 429 2728 praetulerat,
457 2681 525 2720 cfr.
553 2681 668 2718 etiam
693 2693 728 2718 v.
753 2681 834 2717 278.
