<?xml version="1.0" encoding="UTF-8"?>
<!DOCTYPE html PUBLIC "-//W3C//DTD XHTML 1.0 Transitional//EN"
    "http://www.w3.org/TR/xhtml1/DTD/xhtml1-transitional.dtd">
<html xmlns="http://www.w3.org/1999/xhtml" xml:lang="en" lang="en">
 <head>
  <title>
</title>
<meta http-equiv="Content-Type" content="text/html;charset=utf-8" />
  <meta name='ocr-system' content='tesseract 3.04.00' />
  <meta name='ocr-capabilities' content='ocr_page ocr_carea ocr_par ocr_line ocrx_word'/>
</head>
<body>
  <div class='ocr_page' id='page_1' title='image "argonauticonlibr00valeuoft_0510.png"; bbox 0 0 1890 3100; ppageno 0'>
   <div class='ocr_carea' id='block_1_1' title="bbox 236 213 1193 271">
    <p class='ocr_par' dir='ltr' id='par_1_1' title="bbox 236 213 1193 271">
     <span class='ocr_line' id='line_1_1' title="bbox 236 213 1193 271; baseline -0.006 -15"><span class='ocrx_word' id='word_1_1' title='bbox 236 213 321 256; x_wconf 84' lang='lat'>492</span> <span class='ocrx_word' id='word_1_2' title='bbox 751 213 787 250; x_wconf 83' lang='lat' dir='ltr'>c.</span> <span class='ocrx_word' id='word_1_3' title='bbox 813 214 994 271; x_wconf 68' lang='lat' dir='ltr'><strong>VALERI</strong></span> <span class='ocrx_word' id='word_1_4' title='bbox 1020 214 1193 251; x_wconf 83' lang='lat' dir='ltr'>FLACCI</span> 
     </span>
    </p>
   </div>
   <div class='ocr_carea' id='block_1_2' title="bbox 340 333 1773 1174">
    <p class='ocr_par' dir='ltr' id='par_1_2' title="bbox 340 333 1773 1174">
     <span class='ocr_line' id='line_1_2' title="bbox 342 333 1354 388; baseline 0.006 -19"><span class='ocrx_word' id='word_1_5' title='bbox 342 345 490 383; x_wconf 84' lang='lat' dir='ltr'>prensa</span> <span class='ocrx_word' id='word_1_6' title='bbox 518 333 655 382; x_wconf 78' lang='lat' dir='ltr'>videt3</span> <span class='ocrx_word' id='word_1_7' title='bbox 686 340 801 386; x_wconf 85' lang='lat' dir='ltr'>rupta</span> <span class='ocrx_word' id='word_1_8' title='bbox 829 335 946 374; x_wconf 89' lang='lat' dir='ltr'>condi</span> <span class='ocrx_word' id='word_1_9' title='bbox 974 335 1119 373; x_wconf 90' lang='lat' dir='ltr'>tellure</span> <span class='ocrx_word' id='word_1_10' title='bbox 1147 336 1354 388; x_wconf 78' lang='lat' dir='ltr'><strong>premique</strong></span> 
     </span>
     <span class='ocr_line' id='line_1_3' title="bbox 342 397 1282 451; baseline 0.004 -16"><span class='ocrx_word' id='word_1_11' title='bbox 342 397 573 436; x_wconf 86' lang='lat' dir='ltr'>iamdudum</span> <span class='ocrx_word' id='word_1_12' title='bbox 602 400 710 451; x_wconf 89' lang='lat' dir='ltr'>cupit</span> <span class='ocrx_word' id='word_1_13' title='bbox 738 413 784 438; x_wconf 88' lang='lat' dir='ltr'>ac</span> <span class='ocrx_word' id='word_1_14' title='bbox 814 400 918 439; x_wconf 86' lang='lat' dir='ltr'>diras</span> <span class='ocrx_word' id='word_1_15' title='bbox 949 401 1122 440; x_wconf 88' lang='lat' dir='ltr'>evadere</span> <span class='ocrx_word' id='word_1_16' title='bbox 1149 415 1282 441; x_wconf 84' lang='lat' dir='ltr'>voces.</span> 
     </span>
     <span class='ocr_line' id='line_1_4' title="bbox 397 463 1773 519; baseline 0.005 -18"><span class='ocrx_word' id='word_1_17' title='bbox 397 463 475 502; x_wconf 88' lang='lat' dir='ltr'>Illa</span> <span class='ocrx_word' id='word_1_18' title='bbox 504 465 618 517; x_wconf 85' lang='lat' dir='ltr'>sequi</span> <span class='ocrx_word' id='word_1_19' title='bbox 646 465 758 504; x_wconf 89' lang='lat' dir='ltr'>iubet</span> <span class='ocrx_word' id='word_1_20' title='bbox 786 471 827 505; x_wconf 88' lang='lat' dir='ltr'>et</span> <span class='ocrx_word' id='word_1_21' title='bbox 854 468 978 518; x_wconf 83' lang='lat' dir='ltr'>portis</span> <span class='ocrx_word' id='word_1_22' title='bbox 1008 473 1196 519; x_wconf 82' lang='lat' dir='ltr'>expectat</span> <span class='ocrx_word' id='word_1_23' title='bbox 1223 467 1263 505; x_wconf 92' lang='lat' dir='ltr'>in</span> <span class='ocrx_word' id='word_1_24' title='bbox 1291 468 1400 519; x_wconf 86' lang='lat' dir='ltr'>ipsis.</span> <span class='ocrx_word' id='word_1_25' title='bbox 1720 486 1773 516; x_wconf 87' lang='lat'>300</span> 
     </span>
     <span class='ocr_line' id='line_1_5' title="bbox 344 530 1434 572; baseline 0.004 -5"><span class='ocrx_word' id='word_1_26' title='bbox 344 542 489 568; x_wconf 83' lang='lat' dir='ltr'>saevus</span> <span class='ocrx_word' id='word_1_27' title='bbox 518 530 717 569; x_wconf 87' lang='lat' dir='ltr'>Echionia</span> <span class='ocrx_word' id='word_1_28' title='bbox 746 545 821 570; x_wconf 92' lang='lat' dir='ltr'>ceu</span> <span class='ocrx_word' id='word_1_29' title='bbox 848 533 1031 572; x_wconf 87' lang='lat' dir='ltr'>Penthea</span> <span class='ocrx_word' id='word_1_30' title='bbox 1059 533 1242 572; x_wconf 84' lang='lat' dir='ltr'>Bacchus</span> <span class='ocrx_word' id='word_1_31' title='bbox 1271 534 1312 572; x_wconf 90' lang='lat' dir='ltr'>in</span> <span class='ocrx_word' id='word_1_32' title='bbox 1341 533 1434 571; x_wconf 88' lang='lat' dir='ltr'>aula</span> 
     </span>
     <span class='ocr_line' id='line_1_6' title="bbox 344 593 1288 649; baseline 0.004 -17"><span class='ocrx_word' id='word_1_33' title='bbox 344 593 493 633; x_wconf 87' lang='lat' dir='ltr'>deserit</span> <span class='ocrx_word' id='word_1_34' title='bbox 520 596 677 635; x_wconf 86' lang='lat' dir='ltr'>infectis</span> <span class='ocrx_word' id='word_1_35' title='bbox 705 610 779 649; x_wconf 84' lang='lat' dir='ltr'>per</span> <span class='ocrx_word' id='word_1_36' title='bbox 805 597 963 637; x_wconf 84' lang='lat' dir='ltr'>roscida</span> <span class='ocrx_word' id='word_1_37' title='bbox 991 612 1139 638; x_wconf 87' lang='lat' dir='ltr'>cornua</span> <span class='ocrx_word' id='word_1_38' title='bbox 1166 599 1288 647; x_wconf 81' lang='lat' dir='ltr'>vittis,</span> 
     </span>
     <span class='ocr_line' id='line_1_7' title="bbox 344 662 1532 717; baseline 0.004 -19"><span class='ocrx_word' id='word_1_39' title='bbox 344 673 432 698; x_wconf 89' lang='lat' dir='ltr'>cum</span> <span class='ocrx_word' id='word_1_40' title='bbox 460 666 573 701; x_wconf 87' lang='lat' dir='ltr'>tenet</span> <span class='ocrx_word' id='word_1_41' title='bbox 601 662 670 701; x_wconf 91' lang='lat' dir='ltr'>ille</span> <span class='ocrx_word' id='word_1_42' title='bbox 701 663 819 702; x_wconf 92' lang='lat' dir='ltr'>deum</span> <span class='ocrx_word' id='word_1_43' title='bbox 847 663 1160 717; x_wconf 89' lang='lat' dir='ltr'>pudibundaque</span> <span class='ocrx_word' id='word_1_44' title='bbox 1189 665 1368 716; x_wconf 82' lang='lat' dir='ltr'>tegmina</span> <span class='ocrx_word' id='word_1_45' title='bbox 1395 665 1532 703; x_wconf 81' lang='lat' dir='ltr'>matris</span> 
     </span>
     <span class='ocr_line' id='line_1_8' title="bbox 342 728 1560 782; baseline 0.005 -20"><span class='ocrx_word' id='word_1_46' title='bbox 342 730 614 779; x_wconf 84' lang='lat' dir='ltr'>tympanaque</span> <span class='ocrx_word' id='word_1_47' title='bbox 645 733 685 766; x_wconf 88' lang='lat' dir='ltr'>et</span> <span class='ocrx_word' id='word_1_48' title='bbox 712 728 874 767; x_wconf 91' lang='lat' dir='ltr'>mollem</span> <span class='ocrx_word' id='word_1_49' title='bbox 904 730 1034 768; x_wconf 86' lang='lat' dir='ltr'>subito</span> <span class='ocrx_word' id='word_1_50' title='bbox 1063 730 1184 768; x_wconf 85' lang='lat' dir='ltr'>miser</span> <span class='ocrx_word' id='word_1_51' title='bbox 1213 730 1356 782; x_wconf 87' lang='lat' dir='ltr'>accipit</span> <span class='ocrx_word' id='word_1_52' title='bbox 1383 730 1560 778; x_wconf 79' lang='lat' dir='ltr'>hastam3</span> 
     </span>
     <span class='ocr_line' id='line_1_9' title="bbox 341 790 1773 847; baseline 0.006 -19"><span class='ocrx_word' id='word_1_53' title='bbox 341 790 451 829; x_wconf 87' lang='lat' dir='ltr'>haud</span> <span class='ocrx_word' id='word_1_54' title='bbox 478 791 594 830; x_wconf 87' lang='lat' dir='ltr'>aliter</span> <span class='ocrx_word' id='word_1_55' title='bbox 623 792 783 832; x_wconf 84' lang='lat' dir='ltr'>deserta</span> <span class='ocrx_word' id='word_1_56' title='bbox 810 800 932 846; x_wconf 87' lang='lat' dir='ltr'>pavet</span> <span class='ocrx_word' id='word_1_57' title='bbox 959 808 1110 847; x_wconf 86' lang='lat' dir='ltr'>perque</span> <span class='ocrx_word' id='word_1_58' title='bbox 1141 796 1272 834; x_wconf 82' lang='lat' dir='ltr'>omnia</span> <span class='ocrx_word' id='word_1_59' title='bbox 1301 795 1447 834; x_wconf 88' lang='lat' dir='ltr'>circum</span> <span class='ocrx_word' id='word_1_60' title='bbox 1719 805 1773 836; x_wconf 79' lang='lat'>305</span> 
     </span>
     <span class='ocr_line' id='line_1_10' title="bbox 341 855 1364 912; baseline 0.005 -18"><span class='ocrx_word' id='word_1_61' title='bbox 341 855 419 894; x_wconf 91' lang='lat' dir='ltr'>fert</span> <span class='ocrx_word' id='word_1_62' title='bbox 449 857 585 896; x_wconf 85' lang='lat' dir='ltr'>oculos</span> <span class='ocrx_word' id='word_1_63' title='bbox 614 859 812 911; x_wconf 84' lang='lat' dir='ltr'>tectisque</span> <span class='ocrx_word' id='word_1_64' title='bbox 841 866 964 911; x_wconf 86' lang='lat' dir='ltr'>negat</span> <span class='ocrx_word' id='word_1_65' title='bbox 992 860 1212 912; x_wconf 81' lang='lat' dir='ltr'>procedere</span> <span class='ocrx_word' id='word_1_66' title='bbox 1239 861 1364 912; x_wconf 85' lang='lat' dir='ltr'>virgo.</span> 
     </span>
     <span class='ocr_line' id='line_1_11' title="bbox 342 926 1349 977; baseline 0.005 -17"><span class='ocrx_word' id='word_1_67' title='bbox 342 928 480 960; x_wconf 88' lang='lat' dir='ltr'>contra</span> <span class='ocrx_word' id='word_1_68' title='bbox 509 936 654 962; x_wconf 84' lang='lat' dir='ltr'>Saevus</span> <span class='ocrx_word' id='word_1_69' title='bbox 685 937 805 972; x_wconf 90' lang='lat' dir='ltr'>amor,</span> <span class='ocrx_word' id='word_1_70' title='bbox 837 930 974 964; x_wconf 88' lang='lat' dir='ltr'>contra</span> <span class='ocrx_word' id='word_1_71' title='bbox 1001 926 1200 977; x_wconf 88' lang='lat' dir='ltr'>periturus</span> <span class='ocrx_word' id='word_1_72' title='bbox 1229 927 1349 965; x_wconf 86' lang='lat' dir='ltr'>Iason</span> 
     </span>
     <span class='ocr_line' id='line_1_12' title="bbox 340 989 1381 1043; baseline 0.006 -19"><span class='ocrx_word' id='word_1_73' title='bbox 340 993 486 1039; x_wconf 84' lang='lat' dir='ltr'>urguet</span> <span class='ocrx_word' id='word_1_74' title='bbox 515 993 555 1027; x_wconf 87' lang='lat' dir='ltr'>et</span> <span class='ocrx_word' id='word_1_75' title='bbox 584 989 745 1028; x_wconf 79' lang='lat' dir='ltr'>auditae</span> <span class='ocrx_word' id='word_1_76' title='bbox 775 996 960 1029; x_wconf 86' lang='lat' dir='ltr'>crescunt</span> <span class='ocrx_word' id='word_1_77' title='bbox 987 992 1028 1029; x_wconf 87' lang='lat' dir='ltr'>in</span> <span class='ocrx_word' id='word_1_78' title='bbox 1056 996 1219 1043; x_wconf 82' lang='lat' dir='ltr'>pectore</span> <span class='ocrx_word' id='word_1_79' title='bbox 1248 1005 1381 1030; x_wconf 84' lang='lat' dir='ltr'>voces.</span> 
     </span>
     <span class='ocr_line' id='line_1_13' title="bbox 342 1053 1490 1109; baseline 0.004 -19"><span class='ocrx_word' id='word_1_80' title='bbox 342 1053 423 1091; x_wconf 91' lang='lat' dir='ltr'>heu</span> <span class='ocrx_word' id='word_1_81' title='bbox 453 1053 547 1105; x_wconf 89' lang='lat' dir='ltr'>quid</span> <span class='ocrx_word' id='word_1_82' title='bbox 577 1054 702 1106; x_wconf 82' lang='lat' dir='ltr'>agat?</span> <span class='ocrx_word' id='word_1_83' title='bbox 728 1055 839 1094; x_wconf 81' lang='lat' dir='ltr'>videt</span> <span class='ocrx_word' id='word_1_84' title='bbox 869 1062 1035 1095; x_wconf 86' lang='lat' dir='ltr'>externo</span> <span class='ocrx_word' id='word_1_85' title='bbox 1065 1070 1109 1095; x_wconf 85' lang='lat' dir='ltr'>se</span> <span class='ocrx_word' id='word_1_86' title='bbox 1137 1056 1308 1108; x_wconf 85' lang='lat' dir='ltr'>prodere</span> <span class='ocrx_word' id='word_1_87' title='bbox 1336 1062 1490 1109; x_wconf 85' lang='lat' dir='ltr'>patrem</span> 
     </span>
     <span class='ocr_line' id='line_1_14' title="bbox 341 1117 1771 1174; baseline 0.003 -18"><span class='ocrx_word' id='word_1_88' title='bbox 341 1117 439 1157; x_wconf 89' lang='lat' dir='ltr'>dura</span> <span class='ocrx_word' id='word_1_89' title='bbox 466 1119 564 1167; x_wconf 82' lang='lat' dir='ltr'>viro,</span> <span class='ocrx_word' id='word_1_90' title='bbox 594 1120 741 1159; x_wconf 87' lang='lat' dir='ltr'>famam</span> <span class='ocrx_word' id='word_1_91' title='bbox 771 1122 968 1160; x_wconf 85' lang='lat' dir='ltr'>scelerum</span> <span class='ocrx_word' id='word_1_92' title='bbox 996 1123 1156 1174; x_wconf 88' lang='lat' dir='ltr'>iamque</span> <span class='ocrx_word' id='word_1_93' title='bbox 1183 1122 1272 1174; x_wconf 85' lang='lat' dir='ltr'>ipsa</span> <span class='ocrx_word' id='word_1_94' title='bbox 1301 1134 1461 1160; x_wconf 87' lang='lat' dir='ltr'>suorum</span> <span class='ocrx_word' id='word_1_95' title='bbox 1717 1127 1771 1157; x_wconf 88' lang='lat'>310</span> 
     </span>
    </p>
   </div>
   <div class='ocr_carea' id='block_1_3' title="bbox 231 1197 516 1204">
    <p class='ocr_par' dir='ltr' id='par_1_3' title="bbox 231 1197 516 1204">
     <span class='ocr_line' id='line_1_15' title="bbox 231 1197 516 1204; baseline 0 1896"><span class='ocrx_word' id='word_1_96' title='bbox 231 1197 516 1204; x_wconf 95' lang='lat' dir='ltr'> </span> 
     </span>
    </p>
   </div>
   <div class='ocr_carea' id='block_1_4' title="bbox 229 1237 1720 2595">
    <p class='ocr_par' dir='ltr' id='par_1_4' title="bbox 232 1237 1719 1344">
     <span class='ocr_line' id='line_1_16' title="bbox 326 1237 1719 1289; baseline 0.005 -17"><span class='ocrx_word' id='word_1_97' title='bbox 326 1237 395 1272; x_wconf 95' lang='lat'>301</span> <span class='ocrx_word' id='word_1_98' title='bbox 421 1249 521 1284; x_wconf 88' lang='lat' dir='ltr'>seqq.</span> <span class='ocrx_word' id='word_1_99' title='bbox 559 1239 615 1274; x_wconf 93' lang='lat' dir='ltr'>De</span> <span class='ocrx_word' id='word_1_100' title='bbox 633 1251 674 1275; x_wconf 86' lang='lat' dir='ltr'>re</span> <span class='ocrx_word' id='word_1_101' title='bbox 693 1239 759 1276; x_wconf 84' lang='lat' dir='ltr'>cfr.</span> <span class='ocrx_word' id='word_1_102' title='bbox 777 1240 901 1286; x_wconf 84' lang='lat' dir='ltr'>Eurip.</span> <span class='ocrx_word' id='word_1_103' title='bbox 917 1241 1054 1277; x_wconf 85' lang='lat' dir='ltr'>Bacch.</span> <span class='ocrx_word' id='word_1_104' title='bbox 1072 1241 1142 1276; x_wconf 82' lang='lat'>472</span> <span class='ocrx_word' id='word_1_105' title='bbox 1156 1253 1273 1287; x_wconf 90' lang='lat' dir='ltr'>seqq.;</span> <span class='ocrx_word' id='word_1_106' title='bbox 1291 1241 1360 1277; x_wconf 80' lang='lat'>821</span> <span class='ocrx_word' id='word_1_107' title='bbox 1379 1253 1497 1288; x_wconf 90' lang='lat' dir='ltr'>seqq.;</span> <span class='ocrx_word' id='word_1_108' title='bbox 1515 1241 1585 1277; x_wconf 81' lang='lat'>912</span> <span class='ocrx_word' id='word_1_109' title='bbox 1602 1254 1719 1289; x_wconf 80' lang='lat' dir='ltr'>seqq.3</span> 
     </span>
     <span class='ocr_line' id='line_1_17' title="bbox 232 1297 1447 1344; baseline 0.005 -12"><span class='ocrx_word' id='word_1_110' title='bbox 232 1297 332 1343; x_wconf 87' lang='lat' dir='ltr'>apud</span> <span class='ocrx_word' id='word_1_111' title='bbox 357 1298 573 1344; x_wconf 83' lang='lat' dir='ltr'>Euripidem</span> <span class='ocrx_word' id='word_1_112' title='bbox 599 1300 766 1335; x_wconf 87' lang='lat' dir='ltr'>Bacchus</span> <span class='ocrx_word' id='word_1_113' title='bbox 791 1300 1002 1336; x_wconf 79' lang='lat' dir='ltr'>Pentheum</span> <span class='ocrx_word' id='word_1_114' title='bbox 1027 1301 1066 1336; x_wconf 91' lang='lat' dir='ltr'>in</span> <span class='ocrx_word' id='word_1_115' title='bbox 1092 1301 1177 1337; x_wconf 88' lang='lat' dir='ltr'>aula</span> <span class='ocrx_word' id='word_1_116' title='bbox 1200 1313 1275 1338; x_wconf 90' lang='lat' dir='ltr'>non</span> <span class='ocrx_word' id='word_1_117' title='bbox 1300 1301 1447 1338; x_wconf 81' lang='lat' dir='ltr'>deserit.</span> 
     </span>
    </p>

    <p class='ocr_par' dir='ltr' id='par_1_5' title="bbox 229 1356 1720 2179">
     <span class='ocr_line' id='line_1_18' title="bbox 325 1356 1720 1408; baseline 0.004 -16"><span class='ocrx_word' id='word_1_118' title='bbox 325 1356 406 1393; x_wconf 83' lang='lat'>302.</span> <span class='ocrx_word' id='word_1_119' title='bbox 456 1359 596 1401; x_wconf 78' lang='lat' dir='ltr'>infectis</span> <span class='ocrx_word' id='word_1_120' title='bbox 615 1370 684 1404; x_wconf 75' lang='lat' dir='ltr'>per</span> <span class='ocrx_word' id='word_1_121' title='bbox 708 1360 850 1396; x_wconf 78' lang='lat' dir='ltr'>roscida</span> <span class='ocrx_word' id='word_1_122' title='bbox 874 1371 1009 1396; x_wconf 78' lang='lat' dir='ltr'>cornua</span> <span class='ocrx_word' id='word_1_123' title='bbox 1032 1361 1147 1403; x_wconf 76' lang='lat' dir='ltr'>vittis3</span> <span class='ocrx_word' id='word_1_124' title='bbox 1175 1361 1291 1397; x_wconf 88' lang='lat' dir='ltr'>verba</span> <span class='ocrx_word' id='word_1_125' title='bbox 1308 1361 1568 1397; x_wconf 86' lang='lat' dir='ltr'>obscurissima</span> <span class='ocrx_word' id='word_1_126' title='bbox 1584 1373 1720 1408; x_wconf 90' lang='lat' dir='ltr'>neque—</span> 
     </span>
     <span class='ocr_line' id='line_1_19' title="bbox 231 1416 1717 1464; baseline 0.005 -13"><span class='ocrx_word' id='word_1_127' title='bbox 231 1416 318 1452; x_wconf 89' lang='lat' dir='ltr'>dum</span> <span class='ocrx_word' id='word_1_128' title='bbox 345 1417 435 1452; x_wconf 89' lang='lat' dir='ltr'>satis</span> <span class='ocrx_word' id='word_1_129' title='bbox 473 1418 670 1463; x_wconf 87' lang='lat' dir='ltr'>explicata.</span> <span class='ocrx_word' id='word_1_130' title='bbox 726 1418 963 1464; x_wconf 80' lang='lat' dir='ltr'>Antiquiores</span> <span class='ocrx_word' id='word_1_131' title='bbox 1004 1420 1171 1455; x_wconf 84' lang='lat' dir='ltr'>scribunt</span> <span class='ocrx_word' id='word_1_132' title='bbox 1207 1421 1346 1456; x_wconf 77' lang='lat' dir='ltr'>iniectis</span> <span class='ocrx_word' id='word_1_133' title='bbox 1385 1442 1430 1447; x_wconf 89' lang='lat'>——</span> <span class='ocrx_word' id='word_1_134' title='bbox 1471 1422 1596 1458; x_wconf 70' lang='lat' dir='ltr'>vinclis</span> <span class='ocrx_word' id='word_1_135' title='bbox 1632 1422 1717 1459; x_wconf 86' lang='lat' dir='ltr'>coll.</span> 
     </span>
     <span class='ocr_line' id='line_1_20' title="bbox 229 1475 1718 1527; baseline 0.003 -16"><span class='ocrx_word' id='word_1_136' title='bbox 229 1475 354 1522; x_wconf 86' lang='lat' dir='ltr'>Eurip.</span> <span class='ocrx_word' id='word_1_137' title='bbox 380 1476 517 1513; x_wconf 87' lang='lat' dir='ltr'>Bacch.</span> <span class='ocrx_word' id='word_1_138' title='bbox 544 1477 623 1519; x_wconf 77' lang='lat'>505,</span> <span class='ocrx_word' id='word_1_139' title='bbox 651 1490 747 1523; x_wconf 86' lang='lat' dir='ltr'>quae</span> <span class='ocrx_word' id='word_1_140' title='bbox 784 1479 885 1524; x_wconf 87' lang='lat' dir='ltr'>rupit</span> <span class='ocrx_word' id='word_1_141' title='bbox 922 1479 959 1514; x_wconf 88' lang='lat' dir='ltr'>vi</span> <span class='ocrx_word' id='word_1_142' title='bbox 998 1479 1124 1515; x_wconf 84' lang='lat' dir='ltr'>divina</span> <span class='ocrx_word' id='word_1_143' title='bbox 1153 1480 1323 1515; x_wconf 85' lang='lat' dir='ltr'>Bacchus</span> <span class='ocrx_word' id='word_1_144' title='bbox 1348 1480 1485 1516; x_wconf 87' lang='lat' dir='ltr'>Bacch.</span> <span class='ocrx_word' id='word_1_145' title='bbox 1511 1479 1718 1527; x_wconf 70' lang='lat' dir='ltr'>604-seqq„</span> 
     </span>
     <span class='ocr_line' id='line_1_21' title="bbox 231 1535 1713 1589; baseline 0.005 -19"><span class='ocrx_word' id='word_1_146' title='bbox 231 1535 300 1570; x_wconf 84' lang='lat'>642</span> <span class='ocrx_word' id='word_1_147' title='bbox 326 1547 446 1583; x_wconf 87' lang='lat' dir='ltr'>seqq.;</span> <span class='ocrx_word' id='word_1_148' title='bbox 479 1537 546 1573; x_wconf 85' lang='lat' dir='ltr'>sed</span> <span class='ocrx_word' id='word_1_149' title='bbox 584 1538 632 1572; x_wconf 88' lang='lat' dir='ltr'>ad</span> <span class='ocrx_word' id='word_1_150' title='bbox 658 1539 755 1573; x_wconf 90' lang='lat' dir='ltr'>hanc</span> <span class='ocrx_word' id='word_1_151' title='bbox 781 1538 1067 1584; x_wconf 84' lang='lat' dir='ltr'>explicationem</span> <span class='ocrx_word' id='word_1_152' title='bbox 1091 1551 1166 1575; x_wconf 92' lang='lat' dir='ltr'>non</span> <span class='ocrx_word' id='word_1_153' title='bbox 1191 1540 1387 1585; x_wconf 83' lang='lat' dir='ltr'>quadrant,</span> <span class='ocrx_word' id='word_1_154' title='bbox 1426 1552 1519 1586; x_wconf 87' lang='lat' dir='ltr'>quae</span> <span class='ocrx_word' id='word_1_155' title='bbox 1545 1541 1713 1589; x_wconf 86' lang='lat' dir='ltr'>Valerius</span> 
     </span>
     <span class='ocr_line' id='line_1_22' title="bbox 231 1594 1714 1645; baseline 0.004 -15"><span class='ocrx_word' id='word_1_156' title='bbox 231 1594 323 1631; x_wconf 85' lang='lat' dir='ltr'>dicit</span> <span class='ocrx_word' id='word_1_157' title='bbox 347 1607 380 1632; x_wconf 92' lang='lat' dir='ltr'>v.</span> <span class='ocrx_word' id='word_1_158' title='bbox 407 1596 477 1631; x_wconf 83' lang='lat'>303</span> <span class='ocrx_word' id='word_1_159' title='bbox 510 1608 603 1642; x_wconf 89' lang='lat' dir='ltr'>seq.;</span> <span class='ocrx_word' id='word_1_160' title='bbox 647 1597 860 1633; x_wconf 87' lang='lat' dir='ltr'>Koestlinus</span> <span class='ocrx_word' id='word_1_161' title='bbox 894 1598 988 1634; x_wconf 84' lang='lat' dir='ltr'>Phil.</span> <span class='ocrx_word' id='word_1_162' title='bbox 1027 1599 1083 1640; x_wconf 88' lang='grc'>48,</span> <span class='ocrx_word' id='word_1_163' title='bbox 1122 1598 1192 1634; x_wconf 91' lang='grc'>669</span> <span class='ocrx_word' id='word_1_164' title='bbox 1230 1610 1368 1635; x_wconf 88' lang='lat' dir='ltr'>cornua</span> <span class='ocrx_word' id='word_1_165' title='bbox 1404 1599 1518 1645; x_wconf 87' lang='lat' dir='ltr'>ipsius</span> <span class='ocrx_word' id='word_1_166' title='bbox 1555 1600 1714 1637; x_wconf 81' lang='lat' dir='ltr'>Penthei</span> 
     </span>
     <span class='ocr_line' id='line_1_23' title="bbox 229 1655 1720 1705; baseline 0.003 -14"><span class='ocrx_word' id='word_1_167' title='bbox 229 1656 420 1702; x_wconf 79' lang='lat' dir='ltr'>intellegit</span> <span class='ocrx_word' id='word_1_168' title='bbox 438 1656 519 1691; x_wconf 89' lang='lat' dir='ltr'>coll.</span> <span class='ocrx_word' id='word_1_169' title='bbox 538 1655 605 1698; x_wconf 88' lang='grc' dir='ltr'>ΙΙΙ,</span> <span class='ocrx_word' id='word_1_170' title='bbox 621 1656 706 1699; x_wconf 83' lang='grc'><strong>264;</strong></span> <span class='ocrx_word' id='word_1_171' title='bbox 726 1657 792 1692; x_wconf 88' lang='lat' dir='ltr'>sed</span> <span class='ocrx_word' id='word_1_172' title='bbox 804 1669 954 1703; x_wconf 85' lang='lat' dir='ltr'>prorsus</span> <span class='ocrx_word' id='word_1_173' title='bbox 969 1658 1071 1692; x_wconf 89' lang='lat' dir='ltr'>aliud</span> <span class='ocrx_word' id='word_1_174' title='bbox 1089 1659 1154 1699; x_wconf 87' lang='lat' dir='ltr'>est,</span> <span class='ocrx_word' id='word_1_175' title='bbox 1173 1658 1380 1694; x_wconf 89' lang='lat' dir='ltr'>Pentheum</span> <span class='ocrx_word' id='word_1_176' title='bbox 1399 1658 1523 1695; x_wconf 86' lang='lat' dir='ltr'>ornari</span> <span class='ocrx_word' id='word_1_177' title='bbox 1539 1660 1720 1705; x_wconf 80' lang='lat' dir='ltr'>tanquam</span> 
     </span>
     <span class='ocr_line' id='line_1_24' title="bbox 229 1715 1719 1763; baseline 0.002 -11"><span class='ocrx_word' id='word_1_178' title='bbox 229 1715 429 1762; x_wconf 78' lang='lat' dir='ltr'>Baccham,</span> <span class='ocrx_word' id='word_1_179' title='bbox 465 1716 564 1751; x_wconf 89' lang='lat' dir='ltr'>aliud</span> <span class='ocrx_word' id='word_1_180' title='bbox 590 1728 674 1752; x_wconf 91' lang='lat' dir='ltr'>eum</span> <span class='ocrx_word' id='word_1_181' title='bbox 699 1728 880 1762; x_wconf 86' lang='lat' dir='ltr'>apparere</span> <span class='ocrx_word' id='word_1_182' title='bbox 910 1717 1023 1752; x_wconf 83' lang='lat' dir='ltr'>matri</span> <span class='ocrx_word' id='word_1_183' title='bbox 1053 1717 1223 1753; x_wconf 86' lang='lat' dir='ltr'>indutum</span> <span class='ocrx_word' id='word_1_184' title='bbox 1255 1718 1375 1763; x_wconf 88' lang='lat' dir='ltr'>figura</span> <span class='ocrx_word' id='word_1_185' title='bbox 1405 1719 1520 1761; x_wconf 85' lang='lat' dir='ltr'>tauri;</span> <span class='ocrx_word' id='word_1_186' title='bbox 1557 1718 1719 1756; x_wconf 84' lang='lat' dir='ltr'>Schenkl</span> 
     </span>
     <span class='ocr_line' id='line_1_25' title="bbox 230 1775 1712 1821; baseline 0.002 -10"><span class='ocrx_word' id='word_1_187' title='bbox 230 1775 439 1811; x_wconf 87' lang='lat' dir='ltr'>studiorum</span> <span class='ocrx_word' id='word_1_188' title='bbox 457 1787 499 1821; x_wconf 81' lang='lat' dir='ltr'>p.</span> <span class='ocrx_word' id='word_1_189' title='bbox 525 1775 594 1810; x_wconf 85' lang='lat'>367</span> <span class='ocrx_word' id='word_1_190' title='bbox 621 1776 714 1812; x_wconf 87' lang='lat' dir='ltr'>haec</span> <span class='ocrx_word' id='word_1_191' title='bbox 739 1776 856 1812; x_wconf 90' lang='lat' dir='ltr'>habet</span> <span class='ocrx_word' id='word_1_192' title='bbox 886 1776 1065 1812; x_wconf 76' lang='lat' dir='ltr'>‘Valerius</span> <span class='ocrx_word' id='word_1_193' title='bbox 1091 1778 1225 1813; x_wconf 74' lang='lat' dir='ltr'>erhoht</span> <span class='ocrx_word' id='word_1_194' title='bbox 1250 1777 1315 1812; x_wconf 78' lang='lat' dir='ltr'>das</span> <span class='ocrx_word' id='word_1_195' title='bbox 1341 1777 1511 1814; x_wconf 86' lang='lat' dir='ltr'>Wunder</span> <span class='ocrx_word' id='word_1_196' title='bbox 1536 1777 1712 1821; x_wconf 86' lang='lat' dir='ltr'>dadurch,</span> 
     </span>
     <span class='ocr_line' id='line_1_26' title="bbox 231 1835 1711 1875; baseline 0.003 -5"><span class='ocrx_word' id='word_1_197' title='bbox 231 1835 317 1870; x_wconf 86' lang='lat' dir='ltr'>dass</span> <span class='ocrx_word' id='word_1_198' title='bbox 356 1846 395 1871; x_wconf 89' lang='lat' dir='ltr'>er</span> <span class='ocrx_word' id='word_1_199' title='bbox 427 1846 492 1871; x_wconf 89' lang='lat' dir='ltr'>aus</span> <span class='ocrx_word' id='word_1_200' title='bbox 531 1835 604 1871; x_wconf 88' lang='lat' dir='ltr'>den</span> <span class='ocrx_word' id='word_1_201' title='bbox 629 1835 801 1871; x_wconf 71' lang='lat' dir='ltr'>Hornern</span> <span class='ocrx_word' id='word_1_202' title='bbox 839 1836 904 1872; x_wconf 88' lang='lat' dir='ltr'>des</span> <span class='ocrx_word' id='word_1_203' title='bbox 929 1837 1098 1872; x_wconf 85' lang='lat' dir='ltr'>Bacchus</span> <span class='ocrx_word' id='word_1_204' title='bbox 1124 1837 1233 1872; x_wconf 88' lang='lat' dir='ltr'>Wein</span> <span class='ocrx_word' id='word_1_205' title='bbox 1270 1837 1363 1873; x_wconf 80' lang='lat' dir='ltr'>iiber</span> <span class='ocrx_word' id='word_1_206' title='bbox 1399 1837 1458 1873; x_wconf 89' lang='lat' dir='ltr'>die</span> <span class='ocrx_word' id='word_1_207' title='bbox 1495 1837 1711 1875; x_wconf 84' lang='lat' dir='ltr'>Stirnbinde</span> 
     </span>
     <span class='ocr_line' id='line_1_27' title="bbox 231 1894 1716 1943; baseline 0.003 -14"><span class='ocrx_word' id='word_1_208' title='bbox 231 1894 494 1930; x_wconf 83' lang='lat' dir='ltr'>herabthauen</span> <span class='ocrx_word' id='word_1_209' title='bbox 529 1895 643 1931; x_wconf 81' lang='lat' dir='ltr'>l‘asst&#39;.</span> <span class='ocrx_word' id='word_1_210' title='bbox 719 1895 950 1941; x_wconf 83' lang='lat' dir='ltr'>Quamquam</span> <span class='ocrx_word' id='word_1_211' title='bbox 987 1897 1081 1931; x_wconf 91' lang='lat' dir='ltr'>haec</span> <span class='ocrx_word' id='word_1_212' title='bbox 1119 1896 1317 1942; x_wconf 84' lang='lat' dir='ltr'>explicatio</span> <span class='ocrx_word' id='word_1_213' title='bbox 1353 1908 1428 1932; x_wconf 90' lang='lat' dir='ltr'>non</span> <span class='ocrx_word' id='word_1_214' title='bbox 1463 1897 1610 1943; x_wconf 81' lang='lat' dir='ltr'>pugnat</span> <span class='ocrx_word' id='word_1_215' title='bbox 1635 1909 1716 1933; x_wconf 90' lang='lat' dir='ltr'>cum</span> 
     </span>
     <span class='ocr_line' id='line_1_28' title="bbox 233 1954 1716 2002; baseline 0.001 -12"><span class='ocrx_word' id='word_1_216' title='bbox 233 1954 378 1999; x_wconf 74' lang='lat' dir='ltr'>ceteris,</span> <span class='ocrx_word' id='word_1_217' title='bbox 417 1965 512 1999; x_wconf 87' lang='lat' dir='ltr'>quae</span> <span class='ocrx_word' id='word_1_218' title='bbox 550 1955 650 2000; x_wconf 86' lang='lat' dir='ltr'>apud</span> <span class='ocrx_word' id='word_1_219' title='bbox 686 1956 839 2001; x_wconf 89' lang='lat' dir='ltr'>poetam</span> <span class='ocrx_word' id='word_1_220' title='bbox 863 1956 1049 2001; x_wconf 82' lang='lat' dir='ltr'>leguntur,</span> <span class='ocrx_word' id='word_1_221' title='bbox 1086 1957 1215 1992; x_wconf 83' lang='lat' dir='ltr'>tamen</span> <span class='ocrx_word' id='word_1_222' title='bbox 1252 1968 1327 1992; x_wconf 90' lang='lat' dir='ltr'>non</span> <span class='ocrx_word' id='word_1_223' title='bbox 1357 1956 1448 1991; x_wconf 80' lang='lat' dir='ltr'>satis</span> <span class='ocrx_word' id='word_1_224' title='bbox 1472 1956 1716 2002; x_wconf 82' lang='lat' dir='ltr'>intellegitur,</span> 
     </span>
     <span class='ocr_line' id='line_1_29' title="bbox 234 2013 1713 2061; baseline 0.002 -12"><span class='ocrx_word' id='word_1_225' title='bbox 234 2025 299 2049; x_wconf 88' lang='lat' dir='ltr'>cur</span> <span class='ocrx_word' id='word_1_226' title='bbox 323 2013 416 2049; x_wconf 84' lang='lat' dir='ltr'>haec</span> <span class='ocrx_word' id='word_1_227' title='bbox 442 2013 675 2059; x_wconf 86' lang='lat' dir='ltr'>potissimum</span> <span class='ocrx_word' id='word_1_228' title='bbox 701 2014 831 2050; x_wconf 86' lang='lat' dir='ltr'>addita,</span> <span class='ocrx_word' id='word_1_229' title='bbox 855 2015 930 2050; x_wconf 86' lang='lat' dir='ltr'>sint</span> <span class='ocrx_word' id='word_1_230' title='bbox 960 2015 1174 2057; x_wconf 79' lang='lat' dir='ltr'>narrationi,</span> <span class='ocrx_word' id='word_1_231' title='bbox 1213 2027 1286 2061; x_wconf 85' lang='lat' dir='ltr'>qua</span> <span class='ocrx_word' id='word_1_232' title='bbox 1310 2016 1480 2051; x_wconf 87' lang='lat' dir='ltr'>Bacchus</span> <span class='ocrx_word' id='word_1_233' title='bbox 1505 2015 1713 2052; x_wconf 88' lang='lat' dir='ltr'>Pentheum</span> 
     </span>
     <span class='ocr_line' id='line_1_30' title="bbox 233 2073 1712 2121; baseline 0.002 -13"><span class='ocrx_word' id='word_1_234' title='bbox 233 2073 440 2109; x_wconf 86' lang='lat' dir='ltr'>deseruisse</span> <span class='ocrx_word' id='word_1_235' title='bbox 466 2073 611 2111; x_wconf 90' lang='lat' dir='ltr'>dicitur.</span> <span class='ocrx_word' id='word_1_236' title='bbox 660 2074 790 2120; x_wconf 87' lang='lat' dir='ltr'>Neque</span> <span class='ocrx_word' id='word_1_237' title='bbox 816 2075 910 2110; x_wconf 88' lang='lat' dir='ltr'>haec</span> <span class='ocrx_word' id='word_1_238' title='bbox 937 2074 1123 2111; x_wconf 85' lang='lat' dir='ltr'>dubitatio</span> <span class='ocrx_word' id='word_1_239' title='bbox 1148 2087 1298 2121; x_wconf 83' lang='lat' dir='ltr'>prorsus</span> <span class='ocrx_word' id='word_1_240' title='bbox 1328 2074 1474 2111; x_wconf 86' lang='lat' dir='ltr'>tollitur</span> <span class='ocrx_word' id='word_1_241' title='bbox 1499 2075 1712 2111; x_wconf 70' lang='lat' dir='ltr'>coniectura</span> 
     </span>
     <span class='ocr_line' id='line_1_31' title="bbox 232 2132 1308 2179; baseline 0.003 -12"><span class='ocrx_word' id='word_1_242' title='bbox 232 2132 335 2167; x_wconf 88' lang='lat' dir='ltr'>Burii</span> <span class='ocrx_word' id='word_1_243' title='bbox 360 2133 603 2169; x_wconf 83' lang='lat' dir='ltr'>Hermathen.</span> <span class='ocrx_word' id='word_1_244' title='bbox 630 2134 734 2175; x_wconf 83' lang='lat' dir='ltr'>VIII,</span> <span class='ocrx_word' id='word_1_245' title='bbox 761 2134 831 2168; x_wconf 84' lang='lat'>415</span> <span class='ocrx_word' id='word_1_246' title='bbox 857 2135 996 2170; x_wconf 73' lang='lat' dir='ltr'>innexis</span> <span class='ocrx_word' id='word_1_247' title='bbox 1014 2145 1083 2179; x_wconf 75' lang='lat' dir='ltr'>per</span> <span class='ocrx_word' id='word_1_248' title='bbox 1107 2146 1196 2170; x_wconf 74' lang='lat' dir='ltr'>rosc.</span> <span class='ocrx_word' id='word_1_249' title='bbox 1223 2145 1249 2170; x_wconf 82' lang='lat' dir='ltr'>c.</span> <span class='ocrx_word' id='word_1_250' title='bbox 1276 2145 1308 2170; x_wconf 82' lang='lat' dir='ltr'>v.</span> 
     </span>
    </p>

    <p class='ocr_par' dir='ltr' id='par_1_6' title="bbox 233 2192 1716 2287">
     <span class='ocr_line' id='line_1_32' title="bbox 329 2192 1716 2239; baseline 0.002 -12"><span class='ocrx_word' id='word_1_251' title='bbox 329 2192 409 2228; x_wconf 91' lang='lat'>303.</span> <span class='ocrx_word' id='word_1_252' title='bbox 460 2194 633 2228; x_wconf 70' lang='lat' dir='ltr'>tenatiae</span> <span class='ocrx_word' id='word_1_253' title='bbox 659 2194 760 2228; x_wconf 84' lang='lat' dir='ltr'>deum</span> <span class='ocrx_word' id='word_1_254' title='bbox 797 2193 820 2229; x_wconf 86' lang='lat' dir='ltr'>i.</span> <span class='ocrx_word' id='word_1_255' title='bbox 857 2205 887 2229; x_wconf 91' lang='lat' dir='ltr'>e.</span> <span class='ocrx_word' id='word_1_256' title='bbox 925 2194 1056 2239; x_wconf 88' lang='lat' dir='ltr'>plenus</span> <span class='ocrx_word' id='word_1_257' title='bbox 1095 2196 1151 2230; x_wconf 91' lang='lat' dir='ltr'>est</span> <span class='ocrx_word' id='word_1_258' title='bbox 1189 2194 1259 2230; x_wconf 88' lang='lat' dir='ltr'>deo</span> <span class='ocrx_word' id='word_1_259' title='bbox 1268 2207 1275 2236; x_wconf 88' lang='lat'>;</span> <span class='ocrx_word' id='word_1_260' title='bbox 1312 2194 1434 2238; x_wconf 68' lang='lat' dir='ltr'>pam-is</span> <span class='ocrx_word' id='word_1_261' title='bbox 1457 2193 1552 2239; x_wconf 67' lang='lat' dir='ltr'>vat„</span> <span class='ocrx_word' id='word_1_262' title='bbox 1590 2195 1716 2230; x_wconf 76' lang='lat' dir='ltr'>matris</span> 
     </span>
     <span class='ocr_line' id='line_1_33' title="bbox 233 2250 418 2287; baseline 0 -1"><span class='ocrx_word' id='word_1_263' title='bbox 233 2250 418 2287; x_wconf 77' lang='lat' dir='ltr'>Heinsius.</span> 
     </span>
    </p>

    <p class='ocr_par' dir='ltr' id='par_1_7' title="bbox 329 2310 972 2358">
     <span class='ocr_line' id='line_1_34' title="bbox 329 2310 972 2358; baseline 0.003 -12"><span class='ocrx_word' id='word_1_264' title='bbox 329 2310 408 2346; x_wconf 88' lang='lat'><strong>304.</strong></span> <span class='ocrx_word' id='word_1_265' title='bbox 458 2312 573 2347; x_wconf 78' lang='lat' dir='ltr'>mollis</span> <span class='ocrx_word' id='word_1_266' title='bbox 597 2312 703 2347; x_wconf 74' lang='lat' dir='ltr'>hasta</span> <span class='ocrx_word' id='word_1_267' title='bbox 729 2313 786 2348; x_wconf 92' lang='lat' dir='ltr'>est</span> <span class='ocrx_word' id='word_1_268' title='bbox 810 2313 972 2358; x_wconf 79' lang='lat' dir='ltr'>thyrsus.</span> 
     </span>
    </p>

    <p class='ocr_par' dir='ltr' id='par_1_8' title="bbox 329 2370 1259 2416">
     <span class='ocr_line' id='line_1_35' title="bbox 329 2370 1259 2416; baseline 0.002 -11"><span class='ocrx_word' id='word_1_269' title='bbox 329 2370 410 2406; x_wconf 84' lang='lat'>306.</span> <span class='ocrx_word' id='word_1_270' title='bbox 458 2374 564 2416; x_wconf 74' lang='lat' dir='ltr'>neyat</span> <span class='ocrx_word' id='word_1_271' title='bbox 583 2371 775 2415; x_wconf 76' lang='lat' dir='ltr'>procedere</span> <span class='ocrx_word' id='word_1_272' title='bbox 799 2383 849 2407; x_wconf 89' lang='lat' dir='ltr'>sc.</span> <span class='ocrx_word' id='word_1_273' title='bbox 875 2383 924 2414; x_wconf 84' lang='lat' dir='ltr'>se,</span> <span class='ocrx_word' id='word_1_274' title='bbox 951 2372 1025 2408; x_wconf 85' lang='lat' dir='ltr'>vid.</span> <span class='ocrx_word' id='word_1_275' title='bbox 1053 2373 1102 2407; x_wconf 89' lang='lat' dir='ltr'>ad</span> <span class='ocrx_word' id='word_1_276' title='bbox 1127 2372 1176 2414; x_wconf 86' lang='grc' dir='ltr'>ΙΙ,</span> <span class='ocrx_word' id='word_1_277' title='bbox 1207 2372 1259 2407; x_wconf 78' lang='lat'>10.</span> 
     </span>
    </p>

    <p class='ocr_par' dir='ltr' id='par_1_9' title="bbox 329 2428 1384 2475">
     <span class='ocr_line' id='line_1_36' title="bbox 329 2428 1384 2475; baseline 0.003 -11"><span class='ocrx_word' id='word_1_278' title='bbox 329 2428 411 2466; x_wconf 88' lang='lat'>308.</span> <span class='ocrx_word' id='word_1_279' title='bbox 459 2430 579 2474; x_wconf 64' lang='lat' dir='ltr'>implet</span> <span class='ocrx_word' id='word_1_280' title='bbox 603 2441 663 2466; x_wconf 86' lang='lat' dir='ltr'>ore</span> <span class='ocrx_word' id='word_1_281' title='bbox 686 2430 782 2472; x_wconf 64' lang='lat' dir='ltr'>Vat„</span> <span class='ocrx_word' id='word_1_282' title='bbox 809 2432 849 2467; x_wconf 75' lang='lat' dir='ltr'>in</span> <span class='ocrx_word' id='word_1_283' title='bbox 868 2435 1011 2475; x_wconf 77' lang='lat' dir='ltr'>pectore</span> <span class='ocrx_word' id='word_1_284' title='bbox 1035 2432 1093 2468; x_wconf 87' lang='lat' dir='ltr'>ed.</span> <span class='ocrx_word' id='word_1_285' title='bbox 1119 2431 1210 2467; x_wconf 86' lang='lat' dir='ltr'>Bon.</span> <span class='ocrx_word' id='word_1_286' title='bbox 1239 2433 1278 2468; x_wconf 88' lang='lat' dir='ltr'>et</span> <span class='ocrx_word' id='word_1_287' title='bbox 1301 2430 1384 2467; x_wconf 87' lang='lat' dir='ltr'>Ald.</span> 
     </span>
    </p>

    <p class='ocr_par' dir='ltr' id='par_1_10' title="bbox 235 2489 1718 2595">
     <span class='ocr_line' id='line_1_37' title="bbox 329 2489 1718 2535; baseline 0.003 -11"><span class='ocrx_word' id='word_1_288' title='bbox 329 2489 400 2524; x_wconf 88' lang='lat'>310</span> <span class='ocrx_word' id='word_1_289' title='bbox 424 2501 525 2535; x_wconf 84' lang='lat' dir='ltr'>seqq.</span> <span class='ocrx_word' id='word_1_290' title='bbox 544 2489 743 2535; x_wconf 74' lang='lat' dir='ltr'>aptissimis</span> <span class='ocrx_word' id='word_1_291' title='bbox 761 2490 807 2525; x_wconf 86' lang='lat' dir='ltr'>ad</span> <span class='ocrx_word' id='word_1_292' title='bbox 832 2491 1108 2527; x_wconf 85' lang='lat' dir='ltr'>miserationem</span> <span class='ocrx_word' id='word_1_293' title='bbox 1135 2491 1318 2528; x_wconf 89' lang='lat' dir='ltr'>coloribus</span> <span class='ocrx_word' id='word_1_294' title='bbox 1343 2490 1513 2526; x_wconf 83' lang='lat' dir='ltr'>Valerius</span> <span class='ocrx_word' id='word_1_295' title='bbox 1536 2502 1718 2528; x_wconf 88' lang='lat' dir='ltr'>summam</span> 
     </span>
     <span class='ocr_line' id='line_1_38' title="bbox 235 2548 925 2595; baseline 0.003 -12"><span class='ocrx_word' id='word_1_296' title='bbox 235 2548 393 2585; x_wconf 88' lang='lat' dir='ltr'>Medeae</span> <span class='ocrx_word' id='word_1_297' title='bbox 420 2549 721 2595; x_wconf 87' lang='lat' dir='ltr'>desperationem</span> <span class='ocrx_word' id='word_1_298' title='bbox 746 2549 925 2595; x_wconf 86' lang='lat' dir='ltr'>depingit.</span> 
     </span>
    </p>
   </div>
   <div class='ocr_carea' id='block_1_5' title="bbox 234 2608 1714 2709">
    <p class='ocr_par' dir='ltr' id='par_1_11' title="bbox 234 2608 1714 2709">
     <span class='ocr_line' id='line_1_39' title="bbox 329 2608 1714 2654; baseline 0.003 -11"><span class='ocrx_word' id='word_1_299' title='bbox 329 2608 385 2644; x_wconf 93' lang='lat' dir='ltr'>De</span> <span class='ocrx_word' id='word_1_300' title='bbox 413 2608 656 2644; x_wconf 88' lang='lat' dir='ltr'>collocatione</span> <span class='ocrx_word' id='word_1_301' title='bbox 682 2619 748 2654; x_wconf 81' lang='lat' dir='ltr'>que</span> <span class='ocrx_word' id='word_1_302' title='bbox 770 2609 979 2654; x_wconf 85' lang='lat' dir='ltr'>particulae</span> <span class='ocrx_word' id='word_1_303' title='bbox 1005 2609 1071 2646; x_wconf 86' lang='lat' dir='ltr'>cfr.</span> <span class='ocrx_word' id='word_1_304' title='bbox 1099 2610 1147 2646; x_wconf 86' lang='lat' dir='ltr'>ad</span> <span class='ocrx_word' id='word_1_305' title='bbox 1172 2609 1198 2654; x_wconf 48' lang='lat'>1‘</span> <span class='ocrx_word' id='word_1_306' title='bbox 1233 2609 1295 2652; x_wconf 84' lang='lat'>49;</span> <span class='ocrx_word' id='word_1_307' title='bbox 1347 2611 1386 2645; x_wconf 90' lang='lat' dir='ltr'>et</span> <span class='ocrx_word' id='word_1_308' title='bbox 1411 2610 1457 2646; x_wconf 87' lang='lat' dir='ltr'>de</span> <span class='ocrx_word' id='word_1_309' title='bbox 1483 2611 1575 2646; x_wconf 82' lang='lat' dir='ltr'>dura</span> <span class='ocrx_word' id='word_1_310' title='bbox 1599 2611 1714 2647; x_wconf 84' lang='lat' dir='ltr'>nomi—</span> 
     </span>
     <span class='ocr_line' id='line_1_40' title="bbox 234 2666 642 2709; baseline 0.002 -7"><span class='ocrx_word' id='word_1_311' title='bbox 234 2666 364 2703; x_wconf 85' lang='lat' dir='ltr'>nativo</span> <span class='ocrx_word' id='word_1_312' title='bbox 390 2668 433 2702; x_wconf 88' lang='lat' dir='ltr'>ad</span> <span class='ocrx_word' id='word_1_313' title='bbox 459 2667 536 2709; x_wconf 66' lang='lat' dir='ltr'>VII,</span> <span class='ocrx_word' id='word_1_314' title='bbox 564 2668 642 2704; x_wconf 85' lang='lat'>151.</span> 
     </span>
    </p>
   </div>
   <div class='ocr_carea' id='block_1_6' title="bbox 1820 2025 1890 3100">
    <p class='ocr_par' dir='ltr' id='par_1_12' title="bbox 1820 2025 1890 3100">
     <span class='ocr_line' id='line_1_41' title="bbox 1820 2025 1890 3100; baseline 0 0"><span class='ocrx_word' id='word_1_315' title='bbox 1820 2025 1890 3100; x_wconf 95' lang='lat' dir='ltr'> </span> 
     </span>
    </p>
   </div>
  </div>
 </body>
</html>
