1890 3100
604 239 991 277 ARGONAVTIOON
1015 239 1162 275 LIBER
1187 234 1247 270 IV·
1574 240 1661 284 315

285 362 443 415 pocula,
474 362 602 401 saevit
630 361 728 400 odor
756 361 962 412 surgitque
981 360 1202 398 miserrima
1228 372 1375 411 pugna,
1661 346 1716 375 455

283 441 435 480 parque
464 428 562 465 mihi
590 427 855 478 monstrisque
883 425 1022 464 fames.
1079 437 1267 476 sprevere
1298 423 1405 476 quod
1435 437 1573 462 omnes

281 493 592 545 pollueruntque
621 505 743 530 manu
770 490 956 543 quodque
984 489 1187 541 unguibus
1217 488 1366 527 excidit
1394 489 1502 535 atris,

281 558 354 596 has
384 558 481 596 mihi
508 557 587 596 fert
614 558 656 595 in
682 556 773 595 luce
802 569 944 594 moras.
1000 568 1076 594 nec
1103 567 1289 606 rumpere
1318 554 1401 592 fata

280 629 408 661 morte
437 623 547 670 licet;
577 622 748 660 trahitur
773 621 882 660 victu
911 620 1083 659 crudelis
1115 625 1288 671 egestas.

281 688 355 727 sed
382 701 454 726 vos
484 701 506 726 o
536 693 694 727 servate
723 700 874 739 precor,
903 685 1109 738 praedicta
1138 685 1302 724 deorum
1661 684 1716 714 460

282 755 315 792 si
342 767 423 791 non
451 753 554 792 falsa
581 753 688 798 mihi,
718 765 789 790 vos
818 752 938 789 finem
967 751 1158 802 imponite
1186 751 1340 802 poeniS.

278 832 422 871 nempe
451 819 607 866 adsunt,
639 818 706 870 qui
733 823 911 856 monstra
938 816 1091 868 fugent,
1122 815 1341 868 Aquilonia
1367 815 1501 867 proles

278 897 359 922 non
389 890 555 923 externa
582 884 695 931 mihi;
726 896 818 921 nam
846 895 919 921 rex
949 895 1025 933 ego
1056 880 1189 919 divitis
1218 881 1347 920 Hebri

278 949 493 1001 iunctaque
522 954 657 987 vestra
686 961 775 986 meo
806 947 1007 1000 quondam
1036 947 1255 998 Cleopatra
1283 946 1429 984 cubili'.

332 1015 491 1052 Nomen
519 1013 570 1052 ad
599 1015 777 1052 Actaeae
809 1013 944 1052 Calais
976 1013 1178 1064 Zetesque
1209 1012 1354 1050 sororis

276 1079 499 1131 prosiliunt,
530 1080 732 1130 Zetesque
761 1079 868 1130 prior
897 1084 1028 1130 ‘quem
1058 1075 1292 1116 cernimus?
1322 1078 1462 1129 inquit.

266 1219 412 1250 verrunt
436 1215 546 1259 dapes
570 1226 620 1252 sc.
647 1215 694 1250 de
719 1225 864 1256 mensa;
892 1214 993 1259 apud
1014 1214 1135 1259 Apoll.
1159 1214 1207 1255 Π,
1236 1214 1320 1256 188;
1346 1214 1417 1249 222
1443 1225 1505 1250 eas
1524 1226 1569 1250 ex
1594 1226 1659 1251 ore

168 1274 249 1320 ipso
274 1274 521 1319 manibusque
546 1274 678 1310 Phinei
703 1274 876 1319 eripiunt.

264 1333 412 1369 turbant
430 1334 579 1378 pocula:
619 1333 686 1368 cfr.
712 1333 754 1373 V,
781 1333 866 1375 595;
894 1332 988 1368 Stat.
1018 1333 1136 1369 Theb.
1163 1333 1264 1373 VIII,
1291 1333 1370 1368 258.

251 1403 337 1439 455.
386 1406 499 1440 saevit
523 1405 610 1440 odor
633 1405 785 1450 praeter
810 1404 1118 1440 consuetudinem
1142 1404 1294 1445 dicitur;
1332 1416 1419 1439 nam
1455 1405 1559 1440 alind
1589 1407 1657 1447 est,

165 1476 250 1499 cum
274 1463 392 1500 fames
416 1464 537 1499 morbi
564 1464 791 1509 cupiditates
817 1463 962 1499 saevire
980 1464 1168 1504 dicuntur,
1194 1475 1316 1509 neque
1341 1465 1433 1500 satis
1459 1466 1548 1511 apte
1573 1477 1658 1501 con-

165 1522 255 1559 ferri
278 1524 406 1568 potest
431 1522 526 1559 Stat.
554 1523 672 1559 Theb.
697 1523 747 1565 Π,
773 1523 820 1558 85
847 1522 974 1569 Oyyqii
998 1544 1043 1549 —
1071 1524 1195 1558 Iacchi
1217 1535 1345 1558 saevus
1379 1525 1475 1564 odor,
1502 1525 1565 1569 qui
1590 1526 1655 1561 ho-

163 1582 282 1618 mines
306 1593 438 1618 saevos
462 1582 599 1618 reddit.
638 1583 754 1628 suryit
780 1603 822 1608 —
843 1592 988 1628 puqna:
1018 1584 1128 1628 Verg.
1156 1584 1247 1619 Aen.
1274 1584 1337 1625 IX,
1371 1584 1456 1626 667;
1483 1584 1547 1624 XI,
1573 1584 1652 1619 635.

260 1641 340 1678 456.
390 1641 523 1677 Fames
547 1642 772 1677 insatiabilis
798 1642 971 1687 Harpyiis
998 1642 1113 1678 etiam
1139 1654 1161 1677 a
1175 1643 1340 1688 Vergilio
1357 1643 1537 1678 tribuitur
1561 1644 1653 1680 Aen.

163 1699 233 1741 m,
260 1700 340 1735 217.

257 1759 338 1794 457.
387 1761 490 1795 auris
514 1760 608 1801 Vat„
636 1761 727 1796 atris
751 1761 808 1796 ed.
835 1761 933 1796 Iunt.
961 1762 1045 1803 alt.;
1071 1761 1260 1807 Harpyiae
1286 1774 1416 1798 manus
1431 1763 1574 1798 habent
1590 1776 1657 1798 un-

162 1818 296 1864 guibus
321 1819 526 1864 praeditas,
551 1831 665 1855 uncas
690 1831 821 1855 manus
848 1821 900 1856 eis
925 1820 1060 1856 tribuit
1086 1821 1281 1867 Vergilius.

256 1889 337 1926 458.
386 1891 453 1926 has
475 1891 564 1926 mihi
585 1891 657 1933 fert
682 1912 727 1918 —
752 1903 871 1927 moras
894 1892 917 1927 i.
947 1904 977 1928 e.
1005 1892 1126 1934 affert,
1166 1893 1232 1928 cfr.
1259 1895 1329 1929 vim
1351 1894 1446 1936 ferre
1473 1894 1538 1929 Ov.
1564 1896 1654 1930 met.

163 1947 232 1990 ΠΙ,
259 1949 347 1996 344;
385 1949 450 1990 IV,
488 1949 575 1994 2393
613 1950 674 1986 Sil.
701 1951 731 1991 Ι,
757 1951 844 1997 428;
879 1951 1015 1994 fem-um
1040 1953 1162 1997 iuqulo
1187 1953 1251 1993 IX,
1279 1953 1367 1995 519;
1406 1954 1527 1989 taedia
1559 1954 1595 1997 (i.
1623 1966 1653 1990 e.

165 2006 334 2052 efficere)
362 2008 429 2044 Ov.
456 2009 547 2043 artis
572 2009 622 2049 Π,
650 2009 736 2051 530;
763 2011 911 2046 vulnera
928 2011 1056 2046 Avian.
1084 2011 1159 2046 fab.
1187 2012 1324 2054 17,11;
1351 2013 1498 2058 saepius
1526 2014 1654 2057 bellas.

163 2066 311 2112 legitur,
338 2068 443 2103 velut
468 2067 564 2104 Stat.
591 2069 707 2105 Theb.
734 2069 836 2111 VIII7
864 2070 926 2112 76;
954 2069 1015 2105 Sil.
1043 2070 1071 2109 Ι,
1098 2070 1177 2106 386.

257 2138 420 2172 rumpere
442 2128 545 2170 fata.-
569 2128 681 2174 Verg.
708 2130 798 2164 Aen.
824 2129 888 2165 VI.
916 2129 996 2165 883.

257 2197 337 2234 459.
387 2197 444 2233 De
469 2199 658 2234 sententia
683 2199 749 2234 cfr.
776 2200 896 2245 Apoll.
923 2201 969 2241 ΙΙ,
998 2201 1066 2236 189
1091 2213 1167 2247 seq.

256 2256 336 2292 460.
380 2258 571 2301 praedicta
604 2259 747 2294 deorum
778 2261 812 2295 si
847 2271 920 2295 non
954 2261 1051 2302 falsa
1083 2263 1184 2299 mihi:
1224 2263 1320 2298 duae
1359 2264 1653 2300 constructiones

162 2314 303 2351 mixtae
327 2316 519 2352 videntur:
545 2318 741 2363 praedicta.
767 2319 922 2355 deorum
947 2320 978 2355 si
1003 2332 1077 2356 non
1103 2321 1199 2356 falsa
1224 2323 1311 2357 sunt
1337 2324 1376 2358 et
1400 2323 1431 2358 si
1456 2335 1531 2359 non
1556 2323 1653 2359 falsa

164 2385 188 2409 a
211 2374 290 2410 deis
315 2375 406 2410 mihi
429 2376 625 2421 praedicta
650 2379 746 2413 sunt.

258 2445 338 2481 463.
391 2446 509 2492 Apoll.
536 2448 585 2487 II,
613 2448 683 2483 238
708 2460 783 2494 seq.

258 2503 339 2540 465.
389 2505 445 2541 De
471 2504 718 2543 collocatione
744 2509 792 2543 ad
815 2510 1102 2555 praepositionis
1129 2511 1195 2547 cfr.
1223 2513 1272 2547 ad
1297 2513 1325 2553 Ι,
1352 2513 1432 2549 537.

259 2563 396 2600 Actaea
420 2576 523 2601 soror
548 2566 683 2601 dicitur
708 2569 863 2613 propter
887 2571 1047 2605 matrem
1072 2571 1248 2606 Atticam.

258 2634 338 2670 466.
388 2635 511 2672 Etiam
548 2637 657 2682 apud;
678 2638 912 2683 Apollonium
946 2640 1053 2676 Zetes
1091 2642 1291 2687 alloquitur
1316 2643 1499 2679 Phineum
1536 2644 1651 2680 idem—

169 2705 239 2739 que
266 2705 311 2730 ex
337 2707 380 2732 eo
405 2698 562 2741 quaerit.
