1890 3100
915 92 927 112 Χ

617 190 1003 227 ARGONAVTICON
1027 190 1174 226 LIBER
1197 190 1275 226 VH.
1590 190 1676 234 497

271 358 282 362 ἱ
304 311 519 351 Colchidos
552 325 622 350 ora
648 316 785 358 tuens3
813 315 919 348 totos
946 315 1042 348 tunc
1070 309 1268 348 contrahit
1297 315 1406 347 artus
1428 352 1431 355 ,

264 363 412 430 fiai-Q
433 376 547 415 dolor
576 381 824 428 cunctaeque
852 380 1027 414 tremunt
1054 375 1130 413 sub
1156 374 1259 413 falce
1287 376 1473 413 catenae-⁴
1676 375 1732 405 3⁷0

356 441 524 480 Talibus
554 441 695 480 infelix
723 445 860 479 contra
888 453 961 478 sua
986 453 1119 490 regna·
1140 439 1307 478 venenis

302 505 478 545 induitur
506 507 694 558 noctique
722 510 898 543 tremens
924 503 1093 542 infertur
1121 517 1281 555 opacae.

304 570 372 610 dat
401 570 583 610 dextram
610 583 833 622 vocemque
860 569 998 607 Venus
1026 568 1265 620 blandisque
1294 574 1509 620 paventem

303 635 500 688 adloquiis
531 637 748 687 iunctoque
775 634 897 672 trahit
922 647 995 685 per
1021 634 1179 672 moenia
1205 647 1339 685 passu.

299 701 427 753 qualis
457 701 588 740 adhuc
615 706 776 739 teneros
806 712 1033 755 supremum
1062 698 1208 764 callida
1234 698 1340 737 fctus
1677 693 1732 723 3⁷5

199 805 278 841 865.
330 806 507 843 Conferre
531 805 621 842 licet
647 805 760 841 etiam
786 806 917 840 notum
952 805 1058 840 illum
1092 805 1216 840 locum
1239 804 1395 850 Vergilii
1426 805 1471 840 de
1501 804 1679 850 Polydori

200 865 315 901 caede
340 866 380 901 et
403 865 598 900 arboribus
624 864 703 900 eius
728 864 906 909 sanguine
931 864 1081 899 nutritis
1105 865 1196 899 Aen.
1221 863 1290 905 ΙΠ,
1317 864 1363 898 22
1388 875 1489 910 seqq.

290 924 370 959 370.
421 927 535 959 monte
559 924 656 969 Vat„
684 923 782 969 quod
798 923 859 958 vix
878 923 967 959 ferri
982 934 1091 968 posse
1107 925 1209 968 puto,
1237 923 1303 959 sed
1318 923 1433 959 nihilo
1451 923 1580 959 melior
1596 935 1678 959 sen-

196 982 319 1018 tentia
343 982 479 1024 evadit,
506 994 590 1018 cum
614 982 808 1018 scribimus
833 984 896 1018 aut
920 986 1009 1017 toto
1037 986 1152 1018 monte
1177 983 1242 1017 aut
1265 986 1342 1018 tota
1364 986 1523 1025 mentm
1549 982 1679 1028 scripsi

198 1041 293 1083 forte
314 1041 338 1076 i.
364 1053 395 1077 e.
422 1042 582 1087 fortiter,
606 1041 672 1078 cfr.
692 1041 760 1078 Ov.
785 1053 872 1077 rem.
891 1041 960 1076 397
979 1042 1119 1077 attrahe
1135 1043 1212 1077 loca
1226 1042 1376 1086 foa-tim
1423 1041 1494 1077 435
1525 1042 1681 1078 attrahet

200 1100 258 1135 ale
289 1111 383 1145 puer
414 1105 597 1137 contentos
617 1101 750 1143 fm‘tius
774 1111 898 1142 arcu&
925 1101 972 1136 de
996 1102 1130 1136 neutro
1171 1101 1349 1137 adjectivi
1384 1101 1522 1137 tertiae
1566 1101 1678 1136 decli-

199 1159 360 1195 nationis
396 1171 464 1205 pro
503 1160 682 1196 adverbio
718 1160 840 1205 posito
872 1159 938 1196 cfr.
965 1160 1013 1194 ad
1038 1159 1084 1201 11,
1110 1160 1181 1195 453
1207 1164 1242 1196 et
1266 1160 1328 1207 IV,
1355 1161 1435 1195 507.

291 1219 357 1254 sub
379 1219 473 1261 falce
497 1219 521 1254 i.
548 1230 581 1256 e.
606 1219 675 1254 sub
699 1219 775 1254 ictu
799 1218 917 1264 falcis,
942 1218 1008 1255 cfr.
1034 1219 1162 1254 densas
1180 1220 1305 1255 hastas
1330 1220 1392 1261 VI,
1418 1219 1498 1255 583.

292 1278 371 1312 371.
421 1282 546 1314 contra
570 1290 649 1314 sua
672 1289 791 1324 reyna,
816 1278 965 1324 proprie
990 1278 1109 1323 patris
1133 1290 1262 1324 regna.

290 1336 371 1374 372.
419 1338 583 1382 noctique
599 1343 656 1363 *—
680 1338 837 1381 infertur
861 1349 1011 1382 opacae3
1052 1337 1172 1373 minus
1196 1338 1293 1373 bene
1326 1339 1423 1384 apud
1447 1339 1568 1384 Apoll.
1595 1339 1678 1374 orta

196 1394 278 1431 luce
291 1396 425 1432 Medea
448 1396 577 1445 Iasoni·
598 1396 773 1432 auxilium
798 1396 897 1432 ferre
914 1398 1026 1442 parat
1038 1396 1099 1438 VI,
1126 1397 1195 1432 827
1220 1408 1341 1442 neque
1365 1397 1406 1432 id
1430 1397 1520 1433 satis
1538 1399 1677 1444 aptum,

198 1454 298 1499 quod
320 1456 435 1500 poeta
460 1454 623 1491 Graecus
649 1455 820 1491 Medeam
858 1467 967 1491 curru
1002 1467 1070 1501 per
1105 1456 1238 1491 urbem
1262 1458 1411 1492 vectam
1440 1458 1571 1493 narrat
1596 1469 1679 1492 cum

198 1513 343 1549 ancillis
365 1514 491 1550 Iasoni
518 1525 660 1550 venena
686 1515 876 1556 daturam,
918 1515 1039 1560 Argus
1076 1517 1202 1551 autem
1238 1515 1335 1551 filius
1358 1516 1496 1557 Phrixi,
1522 1517 1584 1562 qui
1609 1517 1680 1552 scit

198 1571 371 1608 Medeam
396 1573 445 1608 ad
470 1573 633 1609 Hecates
659 1574 837 1619 templum
863 1574 1011 1615 ituram,
1037 1574 1207 1610 Iasonem
1233 1575 1364 1611 eodem
1388 1575 1579 1621 perducit3
1611 1575 1677 1611 cfr.

200 1629 410 1667 Volkmann
449 1633 553 1668 ‘iiber
589 1633 651 1668 die
675 1633 926 1678 Argonautica
950 1634 1015 1669 des
1040 1634 1160 1679 Apoll.
1186 1634 1363 1670 Rhodius’
1388 1647 1424 1680 p.
1443 1636 1475 1671 7.
1535 1635 1678 1671 Iasonis

142 1686 145 1689 ’
198 1699 281 1725 cum
305 1690 440 1727 Medea
484 1703 723 1737 congressum
759 1692 798 1727 in
837 1693 982 1738 pictura
1006 1693 1234 1738 Pompeiana
1273 1705 1369 1729 anno
1408 1694 1499 1729 1874
1523 1694 1679 1730 inventa

199 1748 426 1795 descriptum
464 1762 543 1786 esse
580 1753 691 1796 putat
723 1752 915 1801 Rossbach
952 1763 1037 1788 ann.
1074 1752 1192 1788 instit.
1228 1753 1413 1789 archaeol.
1447 1753 1552 1789 Rom.
1578 1753 1674 1795 VIIL

196 1819 233 1852 p.
259 1807 305 1842 53
330 1820 415 1854 seq.,
443 1809 511 1845 cfr.
538 1810 653 1846 etiam
679 1811 728 1845 ad
752 1823 786 1845 v.
815 1811 894 1847 395.

290 1867 370 1903 3¹73.
419 1869 606 1913 blandique
644 1881 782 1914 pavens
832 1881 947 1905 vocem
992 1870 1108 1906 Venus
1150 1882 1222 1915 qua
1272 1872 1535 1917 (superscripto
1577 1874 1676 1917 quos)

197 1925 291 1966 Vat„
317 1937 498 1972 vocemque
526 1928 643 1963 Venus
679 1928 883 1973 blandisque
912 1933 1100 1973 paventem
1147 1930 1225 1965 cod.
1262 1930 1384 1974 Carr.;
1422 1931 1483 1966 dat
1519 1931 1677 1966 ἀετῶν-αα

197 1994 377 2030 vocatque
400 1986 521 2031 figura
545 1987 752 2032 zeugmatis
770 1987 914 2032 dicitur,
942 1987 1007 2023 cfr.
1032 1988 1081 2029 ΙΙ,
1110 1989 1197 2031 169;
1224 1989 1307 2035 VII,
1332 1989 1411 2025 293.

290 2044 372 2080 374.
408 2046 547 2081 moenia
582 2047 653 2082 hoc
690 2046 772 2082 loco
809 2050 892 2082 sunt
927 2046 1009 2092 ipsa
1048 2047 1150 2082 urbis
1176 2048 1356 2089 aedificia,
1393 2050 1437 2083 ut
1460 2048 1561 2083 infra
1584 2049 1673 2091 380;

196 2101 284 2145 53&
307 2102 419 2147 Verg.
445 2104 537 2141 Aen.
562 2104 613 2149 H,
642 2105 727 2146 234;
754 2105 816 2146 VI,
842 2105 926 2151 5493
953 2105 1016 2147 IX,
1045 2105 1129 2148 1963
1157 2106 1271 2141 etiam
1295 2107 1334 2141 in
1358 2119 1470 2153 prosa
1494 2107 1674 2144 emtione.

291 2162 370 2197 375.
422 2163 658 2209 Comparatio
685 2164 795 2199 ducta
834 2164 880 2200 de
911 2175 990 2206 ave⁷
1029 2176 1123 2210 quae
1159 2166 1280 2211 pullos
1305 2166 1433 2202 volare
1459 2167 1577 2209 docet,
1615 2178 1676 2203 ex·

196 2231 326 2266 pressa
362 2232 407 2257 ex
444 2222 549 2259 Ovid.
574 2224 662 2258 met.
689 2223 792 2268 VIII,
829 2223 899 2258 213
923 2225 1009 2268 seq„
1035 2224 1102 2259 sed
1139 2236 1162 2259 a
1185 2225 1334 2261 Valerio
1357 2226 1527 2271 pluribus
1549 2226 1675 2262 verbis

199 2281 401 2326 exornata,·
436 2281 547 2317 solita
583 2282 651 2317 sibi
676 2282 923 2328 superlatione
947 2294 1147 2328 supremum
1177 2285 1215 2319 in
1241 2295 1327 2320 aera
1352 2285 1466 2332 dicit;
1493 2286 1539 2321 de
1565 2286 1675 2321 collo-

199 2338 346 2375 catione
381 2340 512 2375 horum
537 2341 736 2376 verborum
771 2341 845 2378 vid.
872 2342 920 2376 ad
945 2342 973 2383 Ι,
1011 2342 1100 2390 2843
1124 2354 1311 2387 supremus
1339 2355 1402 2379 aer
1426 2346 1551 2380 autem
1577 2345 1677 2380 idem

200 2397 258 2432 est
280 2398 393 2443 atque
418 2411 591 2440 summus,
631 2402 674 2434 ut
712 2400 884 2435 dicuntur
906 2403 1062 2445 supremi
1097 2406 1231 2438 montes
1256 2403 1359 2439 Lucr.
1394 2403 1423 2449 Ι,
1450 2404 1537 2447 274;
1562 2403 1676 2450 Verg.

198 2466 325 2502 georg.
349 2457 411 2499 IV,
436 2458 527 2502 460;
564 2459 650 2494 Hor.
690 2459 795 2504 epod
824 2459 878 2506 17,
902 2459 965 2502 68;
1001 2472 1070 2496 arx
1107 2461 1234 2497 Claud.
1271 2462 1318 2498 de
1342 2463 1430 2499 tert.
1457 2474 1555 2499 cons.
1581 2463 1674 2499 Hon.

199 2513 284 2556 167;
308 2516 378 2552 cibi
401 2517 476 2562 (qui
501 2512 539 2552 in
563 2517 743 2563 piscando
768 2519 917 2554 hamum
943 2520 1100 2565 abdunt)
1127 2521 1193 2557 Ov.
1219 2532 1308 2557 rem.
1335 2521 1415 2558 210.

284 2575 426 2618 pallida
452 2575 549 2616 vat„
576 2577 707 2612 callida
732 2577 893 2613 Iortinus
915 2579 1013 2624 apud
1035 2579 1281 2624 Wagnemm;
1307 2592 1370 2616 cur
1393 2582 1515 2617 mater
1533 2582 1675 2626 pallida

200 2632 419 2676 nominetur,
458 2635 560 2670 nulla
589 2637 646 2672 est
671 2647 798 2684 causa3
836 2637 971 2672 callida
995 2638 1150 2684 (perita)
1175 2641 1233 2674 est
1257 2641 1303 2675 ad
1327 2640 1447 2685 pullos
1471 2641 1672 2683 docendos3
