1890 3100
239 187 326 229 334
789 184 824 219 C.
851 184 1033 219 VALEM
1058 184 1233 220 FLACGI

343 290 415 342 aut
441 304 558 342 sociis
589 310 783 356 temptata
813 305 938 356 quies,
970 305 1170 356 nigrantia
1201 318 1320 357 quam
1348 305 1427 342 iam

341 369 460 408 litora
489 370 778 422 longinquique
809 371 966 408 exirent
993 370 1156 408 flumina
1185 370 1364 408 Rhebae.

342 442 438 474 tunc
466 436 596 474 fessas
625 449 798 488 posuere
827 449 980 483 manus,
1011 442 1106 474 tunc
1135 435 1247 474 arida
1276 435 1412 474 anheli

340 507 515 552 pectora,
547 501 730 539 discussa
759 501 899 553 quales
929 501 1139 539 formidine
1169 501 1321 539 Averni
1730 507 1784 537 700

340 566 506 605 Alcides
535 567 803 619 Theseusque
834 580 967 605 comes
997 567 1191 618 pallentia
1219 567 1390 618 iungunt

340 633 489 679 oscula,
520 632 589 670 vix
617 633 763 684 primas
794 633 968 684 amplexi
997 633 1156 671 luminis
1188 646 1288 670 oras.

391 699 478 736 Nec
507 711 604 736 vero
633 699 719 750 ipse
749 704 880 736 metus
910 712 1107 750 curasque
1138 698 1341 736 resolvere
1372 697 1524 745 ductor,

339 763 410 802 sed
440 764 565 801 maria
594 770 806 815 aspectans
838 764 929 801 ‘heu
960 764 1026 815 qui
1057 762 1172 801 datus
1202 764 1278 801 iste
1310 763 1477 801 deorum

324 888 405 925 697.
433 889 618 933 niqrantia
663 908 701 913 -—
739 888 862 929 litora&
902 887 1019 923 vertit
1055 887 1227 923 Valerius
1266 888 1384 923 verba
1417 887 1537 933 Apoll.
1565 887 1615 930 ΙΙ,
1655 887 1725 922 653

227 948 330 994 ἄκρην
356 949 426 984 δὀὐ
453 951 537 994 μετὰ
563 951 652 992 δηθὰ
676 946 907 992 παρεξενέοντο
934 946 1099 983 Μέλαιναν
1136 947 1159 983 i.
1188 959 1218 983 e.
1244 947 1541 992 promontorium
1566 947 1726 993 nigrum,

227 1008 288 1048 sic,
316 1009 359 1042 ut
384 1008 544 1053 videtur,
573 1007 716 1042 dictum
739 1008 896 1052 propter
923 1007 1057 1043 densas
1084 1007 1196 1049 silvas
1205 1021 1213 1049 ;
1242 1007 1314 1042 alia
1340 1007 1413 1042 duo
1440 1007 1546 1042 huius
1564 1007 1723 1043 nominis

223 1067 481 1114 promontoria
508 1068 777 1102 commemorat
803 1066 926 1104 Strab.
954 1066 1050 1112 XIV,
1080 1067 1111 1108 1,
1139 1067 1184 1101 33
1212 1068 1250 1102 et
1275 1067 1332 1104 35.

319 1139 398 1174 698.
452 1138 594 1174 Rhebae
609 1150 745 1174 nomen
760 1140 977 1184 corruptum
990 1138 1029 1173 in
1046 1139 1128 1174 Vat.
1146 1139 1292 1178 Phoebi,
1307 1139 1527 1174 restitutum
1541 1150 1586 1174 ex
1601 1138 1721 1184 Apoll.

223 1199 272 1240 II,
300 1199 386 1241 6523
427 1198 494 1235 cfr.
535 1198 647 1234 etiam
675 1198 745 1233 349
778 1200 817 1234 et
842 1198 936 1234 Plin.
964 1198 1027 1240 VI,
1057 1199 1089 1235 1.
1127 1199 1169 1240 43
1209 1199 1369 1241 flumina,
1398 1197 1464 1235 cfr.
1492 1198 1541 1233 ad
1565 1198 1615 1240 ΙΙ,
1641 1197 1723 1233 496.

223 1258 380 1294 Rhebae
431 1269 565 1303 aquam
620 1258 909 1303 pulcherrimam
955 1269 1034 1294 esse
1087 1258 1203 1293 totius
1258 1258 1387 1293 mundi
1436 1258 1528 1293 dicit
1569 1258 1721 1303 Dionys.

222 1318 366 1367 perieg.
395 1317 475 1354 796.

316 1379 451 1413 &virent
477 1389 524 1412 sc.
551 1377 590 1412 in
615 1389 729 1423 mare,
757 1379 799 1412 ut
825 1377 874 1412 sit
896 1378 1047 1420 flumina
1079 1377 1298 1419 subiectum,
1327 1377 1611 1423 explicaverunt
1628 1377 1721 1412 Bur-

220 1448 334 1472 mann
360 1438 400 1473 et
424 1437 603 1482 Wagner,
644 1437 743 1482 quod
768 1438 924 1483 propter
969 1437 1246 1472 coniunctivum
1282 1436 1437 1482 probari
1473 1437 1614 1482 nequit,
1652 1437 1719 1473 sed

217 1497 369 1539 flumina
396 1498 453 1532 est
479 1497 715 1531 accusativus
743 1498 781 1532 et
807 1498 942 1532 exirent
978 1488 1306 1542 interpretandum
1343 1498 1718 1541 praetmeherentur5

219 1555 391 1591 similiter
417 1556 512 1591 dixit
538 1556 631 1592 Stat.
659 1556 776 1591 Theb.
796 1556 840 1597 Π,
861 1557 931 1591 731
950 1557 1115 1591 turbidus
1132 1557 1284 1591 obiectas
1307 1557 1484 1592 Achelous
1507 1557 1719 1592 Echinadas

220 1616 292 1651 evit
317 1615 340 1650 i.
369 1627 398 1651 e.
424 1615 670 1660 praeterfluit.
720 1615 791 1650 Cur
817 1616 989 1651 Rhebam
1014 1615 1184 1651 Valerius
1211 1615 1455 1661 longinquum
1481 1616 1628 1658 dixerit,
1643 1628 1718 1652 non

219 1675 350 1720 liquet.

315 1746 396 1782 700.
440 1751 611 1791 pectora3
637 1746 899 1792 praedicatum
925 1747 1153 1783 audiendum
1190 1758 1233 1783 ex
1270 1747 1322 1782 eis
1348 1759 1442 1793 quae
1469 1748 1717 1791 antecedam

221 1807 315 1842 latus
341 1807 513 1851 deponere
539 1806 631 1841 dixit
656 1806 741 1842 Hor.
772 1818 800 1841 c.
828 1806 876 1848 II,
911 1807 942 1847 7,
971 1807 1026 1842 19.
1092 1806 1245 1842 Caussin
1282 1807 1403 1842 minus
1434 1807 1718 1844 accommodate

221 1877 265 1901 ex
303 1865 367 1907 eis,
408 1877 504 1911 quae
543 1868 758 1911 sequuntur,
796 1866 1057 1912 praedicatum
1082 1867 1210 1902 mente
1248 1866 1463 1902 addendum
1499 1868 1609 1912 putat
1635 1867 1716 1902 coll.

219 1924 291 1969 ΙΙΙ,
317 1924 397 1960 309.

317 1985 398 2021 701.
448 1984 533 2020 Non
559 1984 630 2020 sibi
656 1985 826 2020 constitit
850 1987 966 2031 poeta
990 1985 1029 2020 in
1055 1985 1186 2020 fabula
1212 1986 1259 2021 de
1286 1985 1431 2022 Theseo
1457 1986 1558 2031 apud
1576 1986 1717 2022 inferos

217 2046 406 2086 versante,
435 2056 516 2080 cum
536 2044 583 2086 ΙΙ,
601 2045 670 2079 193
689 2044 895 2090 Vergilium
913 2046 1061 2080 secutus
1083 2045 1268 2081 Theseum
1285 2057 1475 2091 nunquam
1493 2057 1538 2081 ex
1558 2045 1717 2082 Tartaro

216 2103 255 2137 in
298 2104 420 2139 lucem
461 2104 662 2140 revertisse
703 2105 859 2146 statuat,
904 2104 969 2140 cfr.
1011 2106 1203 2140 auctorem
1239 2116 1368 2140 versus
1407 2105 1475 2142 Od.
1526 2104 1588 2146 XI,
1628 2105 1715 2149 6313

218 2163 349 2198 contra
374 2163 445 2198 hoc
470 2163 554 2199 loco
581 2163 768 2199 consentit
795 2175 878 2199 cum
903 2164 1017 2199 schol.
1043 2164 1215 2210 Apollon.
1242 2164 1269 2204 I.
1299 2165 1382 2208 1013
1409 2164 1580 2210 Apollod.
1606 2165 1655 2201 ΙΙ,
1682 2165 1715 2207 5,

218 2221 273 2265 12,
300 2221 343 2264 6;
371 2221 479 2257 Diod.
507 2222 567 2264 IV,
595 2223 652 2264 26,
679 2218 742 2267 qui
780 2224 827 2258 ab
854 2223 1015 2259 Hercule
1055 2235 1138 2259 eum
1176 2224 1380 2260 liberatum
1417 2235 1498 2260 esse
1534 2224 1714 2267 tradunt;

218 2280 287 2317 cfr.
314 2282 412 2326 Hyg.
440 2281 516 2318 fab.
546 2281 663 2318 OCLI.

312 2353 390 2388 702.
439 2354 568 2397 primis
595 2374 635 2379 -—
664 2355 738 2390 oris
763 2354 858 2396 vat..
880 2356 1023 2399 primas
1049 2376 1093 2381 -
1119 2367 1203 2391 oras
1230 2355 1316 2391 edit.
1343 2355 1436 2391 Bon.
1464 2356 1503 2390 et
1527 2355 1611 2391 Ald.

313 2412 394 2447 703.
444 2412 556 2458 Apud
581 2413 817 2458 Apollonium
843 2414 891 2453 ΙΙ,
918 2414 988 2449 623
1014 2427 1114 2460 seqq.
1142 2416 1214 2450 hac
1240 2414 1390 2460 quidem
1416 2414 1610 2450 occasione
1637 2415 1710 2451 for-

215 2471 352 2508 tiorem
377 2483 416 2508 se
443 2472 610 2508 ostendit
626 2472 739 2508 Iason
756 2474 972 2519 metumque
991 2474 1143 2509 simulat
1159 2475 1310 2509 tantum
1326 2473 1511 2510 sociorum
1523 2474 1712 2520 temptan—

217 2531 349 2567 dorum
375 2543 503 2574 causa3
531 2542 703 2576 cuma-sque
727 2533 912 2568 resolvere:
949 2534 1060 2579 Verg.
1087 2545 1214 2579 georg.
1242 2534 1270 2574 Ι,
1298 2533 1377 2568 302.

312 2603 390 2638 704.
442 2603 588 2639 deorum
639 2607 734 2639 sorte
770 2603 791 2638 i.
833 2615 864 2642 e.
915 2616 937 2639 a
975 2605 1054 2640 deis
1089 2605 1218 2646 missa,
1258 2606 1300 2640 ut
1336 2608 1496 2641 memma
1541 2616 1712 2641 novercae

215 2662 282 2698 III.
309 2663 388 2698 610.
