1890 3100
235 186 322 229 504
757 183 794 220 C.
819 183 1001 219 VALERI
1026 184 1200 220 FLACOI

342 302 571 342 Aesonidae
602 308 642 341 et
670 308 798 341 totum
828 311 995 355 septeno
1024 318 1223 343 murmure
1252 305 1377 344 fertur

341 382 414 420 per
443 360 614 420 clipeum
643 374 764 420 atque
793 369 877 407 viro
908 369 1132 420 graviorem
1159 369 1332 409 reddidit
1360 372 1534 419 hastam,
1720 382 1773 412 465

341 435 500 486 iamque
532 434 592 471 sui
619 434 742 472 tauris
771 434 966 485 languent
995 434 1227 473 absentibus
1256 436 1382 487 ignes,

344 504 461 537 ‘nunc
490 513 566 551 age
597 504 636 537 et
663 499 747 537 has’
777 499 905 551 inquit
936 500 1087 538 ‘cristas
1118 500 1355 553 galeamque
1384 515 1557 549 resume,

343 579 462 618 quam
491 564 609 603 modo
637 565 806 603 funerea
834 566 964 604 tenuit
993 565 1207 604 Discordia
1236 566 1392 605 dextra.

339 631 443 670 hanc
471 631 558 670 iace
586 644 659 682 per
686 630 850 679 medias,
885 645 973 669 cum
1001 632 1168 670 verteris
1198 645 1386 685 aequora,
1415 646 1588 682 messes3

340 697 519 749 protinus
549 697 589 734 in
620 710 709 735 sese
739 710 934 735 conversa
961 697 1159 735 furoribus
1189 698 1260 736 ibit
1721 712 1776 741 470

342 768 486 801 cuncta
514 761 701 814 phalanx,
733 767 853 814 atque
882 763 968 813 ipse
997 763 1172 801 fremens
1202 764 1408 802 mirabitur
1436 769 1476 802 et
1503 777 1568 802 me

338 827 526 879 respiciet
554 827 724 865 fortasse
754 827 892 878 pater'.
924 828 980 865 sic
1009 827 1153 867 deinde
1183 829 1317 868 locuta

338 893 418 931 iam
445 893 571 943 magis
602 897 721 944 atque
751 892 878 943 magis
907 898 1082 931 mentem
1113 907 1231 945 super
1259 895 1341 933 alta
1367 895 1528 934 ferebat

343 971 529 1010 aequora,
559 956 781 1009 pandentes
811 958 969 1009 Minyas
996 958 1074 996 iam
1101 959 1194 997 vela
1221 959 1384 999 videbat
1445 960 1448 964 ’

343 1036 386 1062 se
416 1023 512 1061 sine.
570 1028 654 1061 tum
682 1036 778 1061 vero
808 1028 987 1061 extremo
1015 1037 1206 1075 percussa
1235 1024 1371 1064 dolore
1723 1050 1777 1079 475

341 1089 477 1140 arripit
506 1087 741 1127 Aesoniden
770 1088 911 1126 dextra
941 1102 986 1127 ac
1016 1090 1226 1127 summissa
1253 1091 1448 1142 profatur:

344 1155 409 1192 ‘sis
438 1167 600 1202 memor,
632 1167 711 1200 oro,
741 1154 830 1201 mei,
862 1159 1000 1192 contra
1027 1168 1178 1193 memor
1206 1156 1292 1207 ipsa
1321 1156 1503 1204 manebo,

341 1218 472 1266 crede,
503 1219 573 1258 tui.
631 1219 790 1271 quando
820 1219 913 1258 hinc
942 1219 1084 1266 aberis,
1115 1219 1177 1258 dic
1199 1234 1360 1273 quaeso,
1391 1220 1578 1273 profundi

233 1355 330 1391 quae
355 1345 441 1380 sunt
454 1343 524 1388 ΠΙ,
545 1343 627 1388 408,
652 1344 716 1379 ubi
740 1344 916 1379 volvendi
932 1345 1089 1380 verbum
1105 1345 1311 1390 simplicem
1331 1345 1515 1381 recitandi
1532 1344 1724 1381 notionem

232 1404 384 1446 habeat,
424 1415 507 1439 cum
544 1404 614 1439 hoc
650 1403 730 1439 loco
769 1403 931 1439 addatur
967 1415 1035 1448 per
1075 1408 1166 1440 totos
1206 1409 1308 1440 anus
1345 1405 1517 1440 Medeam
1554 1404 1721 1440 carmina

231 1463 355 1499 fixisse
392 1463 414 1498 i.
442 1474 473 1500 e.
509 1462 583 1498 vim
624 1463 828 1498 carminum
863 1463 1004 1498 infudit
1028 1464 1163 1499 Medea
1187 1464 1311 1500 Iasoni
1347 1476 1416 1510 per
1453 1475 1578 1499 omnes
1617 1464 1720 1499 artus

232 1522 395 1558 recitans
420 1523 538 1558 verba
564 1523 602 1558 et
626 1522 797 1557 manibus
824 1522 900 1558 eius
927 1524 1029 1558 artus
1053 1523 1228 1568 palpans:
1262 1523 1394 1559 eodem
1417 1514 1594 1569 pertinet,
1623 1522 1723 1569 quod

231 1582 332 1618 infra
358 1582 508 1617 dicitur:
535 1586 677 1627 septeno
701 1593 879 1617 murmure
901 1582 1055 1625 fertur
1073 1593 1142 1627 per
1166 1583 1253 1627 clip
1265 1594 1368 1618 eum.

326 1643 407 1679 466.
455 1645 513 1679 sui
539 1664 582 1670 ——
607 1644 714 1689 iynes,
740 1643 891 1689 proprii,
915 1644 966 1690 ab
992 1638 1081 1689 ipsis
1108 1645 1296 1690 exeuntes,
1329 1643 1395 1679 cfr.
1421 1643 1470 1688 IL,
1496 1641 1577 1677 505.

326 1703 408 1740 467.
456 1714 634 1743 resume,
662 1703 782 1748 inquit
807 1703 952 1744 Medea,
976 1703 1123 1748 qaleam,
1151 1715 1196 1739 ex
1220 1715 1290 1749 quo
1315 1701 1611 1739 concludendum
1643 1711 1725 1736 eam

235 1764 349 1799 antea
371 1763 517 1809 galeam
542 1763 590 1797 ab
609 1761 741 1798 Iasone
768 1762 965 1808 accepisse,
991 1764 1034 1797 ut
1059 1763 1279 1804 incantaret,
1307 1762 1373 1798 sed
1391 1771 1616 1807 quamquam
1634 1770 1724 1795 sane

233 1820 367 1870 postea
393 1822 441 1857 ab
466 1822 538 1857 hac
562 1822 673 1867 galea
710 1821 896 1858 discordia
933 1823 1096 1857 exoritur
1132 1821 1232 1857 inter
1269 1821 1366 1857 viros
1394 1833 1413 1857 e
1450 1821 1553 1857 terra
1591 1818 1723 1861 editos,

235 1882 364 1918 tamen
389 1881 478 1917 satis
503 1881 740 1926 ineleganter
775 1882 906 1926 poeta.
927 1881 1047 1927 ipsam
1078 1881 1310 1917 Discordiam
1334 1892 1447 1916 manu
1471 1879 1636 1916 tenuisse
1659 1889 1724 1924 ga-

234 1941 334 1977 leam
359 1940 464 1976 dixit.
1184 1964 1185 1967 η

328 1999 409 2036 469.
460 1999 546 2035 Sine
573 1999 686 2035 dubio
711 1999 880 2035 Valerius
907 2011 929 2034 a
953 1999 1097 2034 tradita
1122 1999 1261 2040 fabula,
1289 2010 1361 2044 qua
1385 1998 1591 2044 lapidem
1614 1996 1725 2031 Iason

237 2059 336 2095 inter
372 2059 470 2095 viros
509 2059 738 2104 ‘terrigenas’
778 2059 978 2095 coniecisse
1017 2058 1162 2099 dicitur,
1201 2059 1286 2095 ideo
1312 2057 1491 2098 discessit,
1530 2057 1573 2091 ut
1599 2055 1722 2101 aptius

237 2118 452 2164 explicaret,
479 2118 662 2164 quomodo
688 2118 831 2154 factum
859 2120 965 2159 esset,
1008 2119 1051 2153 ut
1076 2118 1260 2154 discordia
1293 2119 1331 2154 et
1356 2128 1476 2163 pugna
1499 2116 1598 2151 inter
1623 2114 1721 2149 viros

235 2178 414 2219 oreretur,
457 2189 544 2212 nam
584 2177 678 2222 lapis
719 2177 782 2213 ille
823 2178 862 2212 in
904 2189 1036 2223 campo
1070 2177 1206 2218 iacens,
1242 2188 1353 2222 quem
1391 2174 1507 2212 ceteri
1545 2184 1722 2215 omnes,

234 2237 418 2283 quantum
443 2236 529 2281 scio,
555 2237 754 2282 scriptores
773 2238 1074 2277 commemorant,
1102 2248 1124 2272 a
1141 2237 1275 2272 Medea
1300 2235 1513 2271 incantatus
1538 2245 1614 2269 non
1641 2233 1724 2268 erat

236 2306 358 2341 neque
383 2295 473 2330 satis
499 2296 594 2331 bene
622 2307 700 2332 esse
719 2297 888 2341 poterat;
915 2296 981 2331 cfr.
1008 2296 1127 2341 Apoll.
1155 2295 1224 2337 ΙΙΙ,
1252 2295 1360 2342 1056;
1388 2293 1500 2335 1364;
1527 2292 1618 2337 Hyg.
1647 2291 1722 2326 fab.

232 2355 299 2396 223
323 2354 494 2400 Apollod.
520 2355 549 2393 Ι,
577 2355 608 2396 9,
635 2355 692 2401 23,
719 2356 757 2397 7;
809 2355 875 2391 Ov.
901 2357 989 2391 met.
1008 2356 1089 2397 VII,
1118 2355 1203 2398 139;
1229 2367 1302 2390 non
1320 2355 1449 2400 aperte
1469 2363 1549 2388 rem
1565 2351 1724 2386 narrant

243 2413 325 2450 Sen.
350 2414 450 2450 Med.
475 2414 545 2449 469
572 2415 610 2450 et
635 2414 773 2451 Lucan.
799 2415 860 2457 IV,
888 2415 967 2450 553.

334 2474 414 2509 472.
463 2474 515 2509 sic
539 2474 663 2509 deinde
688 2474 819 2509 locuta:
846 2474 957 2519 Verg.
984 2474 1075 2512 Aen.
1101 2475 1144 2515 V,
1172 2475 1227 2510 14.

333 2533 402 2568 477
429 2544 504 2578 seq.
531 2533 696 2579 expressi
721 2544 766 2569 ex
791 2533 913 2579 Apoll.
939 2532 1005 2574 III,
1035 2533 1126 2568 1068
1151 2544 1225 2578 seq.

335 2593 416 2629 478.
466 2592 581 2628 Tecte
622 2592 757 2628 Medea
793 2592 967 2628 Iasonem
1008 2593 1232 2637 interrogat,
1284 2603 1356 2639 quo
1392 2591 1628 2637 profecturus
1665 2591 1724 2633 sit,

248 2653 415 2698 apertius
439 2652 650 2697 interrogat
676 2652 776 2697 apud
801 2652 969 2697 Apollon.
993 2651 1066 2695 ΙΙΙ,
1095 2651 1187 2687 1070
1212 2663 1314 2698 seqq.
