1890 3100
158 209 216 252 94
687 205 724 242 c,
750 205 930 242 VALERI
954 205 1128 242 FLACCI

267 333 458 378 oppetere
496 331 536 364 et
564 326 719 376 magnis
748 326 886 364 Asiam
916 325 1138 365 concedere
1167 325 1277 364 fatis!

265 392 359 430 hinc
387 391 576 430 Danaum
606 390 656 430 de
685 391 763 430 fine
794 390 909 444 sedet
937 397 1162 443 gentesque
1191 391 1336 430 fovebo

265 471 359 496 mox
387 457 499 495 alias.
555 462 720 508 pateant
748 446 903 495 ffiffntes
934 457 1141 509 silvaeque
1170 457 1364 509 lacusque

266 528 490 575 cunctaque
521 521 695 561 claustra
723 523 859 570 maris3
892 535 983 573 spes
1015 527 1055 560 et
1082 527 1212 561 metus
1244 522 1425 560 omnibus
1457 527 1542 560 esto

267 587 428 626 arbiter.
485 588 571 640 ipse
601 588 710 626 locos
740 593 981 639 terrenaque
1011 600 1165 625 summa
1192 586 1391 626 movendo

266 654 460 707 experiar,
492 665 690 705 quaenam
717 652 875 704 populis
904 652 1138 704 longissima
1167 653 1319 691 cunctis

265 710 392 771 regna
419 719 541 758 velim
568 719 829 771 linquamque
860 717 972 757 datas
1002 719 1071 757 ubi
1100 723 1232 757 certus
1262 718 1466 758 habenas.⁷
1511 743 1515 745 -
1648 732 1703 762 560

266 790 361 823 tunc
391 785 527 823 oculos
556 785 726 836 Aegaea
754 784 877 823 refert
906 783 956 822 ad
986 784 1147 822 caerula
1174 784 1295 822 robur

268 850 516 889 Herculeum
544 848 763 902 Ledaeque
792 854 910 888 tuens
941 862 1068 901 genus
1098 855 1218 902 atque
1248 850 1304 888 ita
1331 849 1453 888 fatur:

265 915 429 954 ‘tendite
458 916 499 953 in
528 921 645 962 astra,
677 915 767 953 viri:
797 928 887 954 mea
915 915 1020 953 victo
1049 916 1162 967 regia
1190 915 1337 954 mundo
1411 914 1425 962 ,ζ’

253 1051 333 1087 555.
384 1053 467 1087 hinc
491 1051 515 1087 i.
534 1063 565 1087 e.
590 1051 678 1087 inde
705 1051 752 1086 ab
781 1063 823 1087 eo
850 1052 1030 1097 tempore,
1049 1063 1120 1096 quo
1134 1051 1223 1087 Asia
1237 1052 1428 1087 succubuit
1448 1051 1647 1095 Graeciae;

155 1112 249 1147 sedet
273 1111 312 1146 id
330 1112 429 1156 quod
447 1111 640 1147 decretum
659 1112 724 1151 est,
755 1111 795 1145 ut
820 1110 868 1156 ΙΙ,
886 1111 971 1152 383;
992 1110 1072 1152 VII,
1090 1111 1177 1153 42&
1203 1111 1383 1157 imprimis
1407 1111 1509 1157 apud
1524 1112 1648 1158 Verg.‚

155 1171 247 1208 Aen.
274 1171 323 1216 ΙΙ,
350 1162 437 1213 6603
465 1170 527 1212 IV,
556 1170 616 1213 15;
643 1171 689 1211 V,
714 1170 804 1212 4183
832 1170 913 1212 VII,
941 1170 1027 1213 6113
1054 1170 1117 1217 XI,
1143 1170 1229 1213 5513
1257 1170 1322 1208 cfr.
1349 1172 1546 1219 praeterea
1564 1171 1647 1207 Sen.

155 1231 294 1266 Phoen.
324 1231 402 1266 141.
443 1229 537 1265 Stat.
565 1229 682 1267 Theb.
709 1230 738 1271 Ι,
765 1230 850 1272 324;
889 1230 932 1271 Π,
960 1230 1045 1272 368;
1073 1229 1142 1271 ΙΙΙ,
1175 1230 1267 1273 459;
1304 1229 1366 1266 Sil.
1392 1230 1436 1272 Π,
1461 1230 1549 1273 385;
1587 1229 1648 1276 IV,

156 1290 246 1332 797;
274 1290 316 1332 V,
346 1290 432 1335 121,-
457 1290 534 1331 XV,
561 1290 649 1332 352;
676 1289 746 1335 Ap.
773 1288 847 1325 Sid.
875 1290 936 1331 IV,
964 1289 1046 1326 336.

249 1361 332 1398 556.
382 1372 464 1397 mox
487 1362 588 1397 idem
614 1361 713 1406 quod
739 1362 872 1406 deiude,
911 1362 953 1396 ut
978 1362 1126 1407 saepius
1153 1362 1254 1408 apud
1279 1362 1480 1408 scriptores
1516 1373 1648 1408 argen-

153 1423 240 1458 teae
266 1433 361 1467 quae
388 1421 523 1458 dicitur
548 1421 698 1457 aetatis.

250 1481 296 1516 In
328 1481 379 1518 eis
414 1493 510 1527 quae
541 1482 758 1527 sequuntur,
795 1481 925 1527 populi
955 1481 1116 1517 Romani
1149 1481 1346 1527 imperium
1382 1482 1519 1527 poetae
1560 1482 1649 1516 ante

156 1541 279 1576 oculos
305 1540 446 1576 versari
473 1542 641 1588 apparet,
668 1541 735 1576 sed
766 1541 967 1576 admodum
992 1540 1082 1576 scite
1108 1541 1198 1576 dicit
1221 1540 1350 1577 Iovem
1374 1540 1572 1577 etiamtum
1594 1540 1648 1575 in—

155 1601 299 1636 certum
325 1611 415 1641 esse,
443 1599 500 1635 cui
524 1599 759 1645 potissimum
783 1599 921 1645 populo
947 1599 1144 1645 imperium
1170 1600 1269 1635 orbis
1294 1601 1482 1635 terrarum
1513 1599 1649 1635 stabile

155 1659 295 1701 tradat,
322 1659 506 1704 simulque
530 1659 682 1705 indicat,
708 1659 777 1695 hoc
802 1670 959 1704 regnum
985 1659 1064 1694 sola
1095 1659 1236 1695 virtute
1272 1660 1447 1705 paratum
1480 1658 1536 1701 iri,
1575 1670 1650 1695 non

157 1718 287 1754 favore
314 1719 353 1754 et
379 1718 502 1764 gratia
528 1718 638 1755 Iovis.

251 1789 297 1824 In
322 1802 354 1824 v.
379 1789 447 1824 556
473 1791 742 1826 enumerantur
768 1801 834 1825 eae
861 1801 930 1831 res,
958 1801 1053 1835 quae
1079 1790 1219 1825 bellicis
1247 1789 1547 1836 expeditionibus
1582 1791 1650 1826 im-

157 1849 376 1896 pedimento
404 1861 484 1885 esse
509 1850 642 1886 solent.

254 1920 334 1957 557.
384 1920 556 1966 Iuppiter
573 1921 716 1956 medius
734 1921 832 1957 inter
850 1933 977 1957 omnes
997 1921 1068 1958 erit
1091 1922 1224 1967 gentes
1243 1923 1356 1967 atque
1380 1933 1507 1958 omnes
1526 1922 1564 1958 et
1583 1932 1650 1967 spe

158 1983 195 2016 et
219 1982 324 2016 metu
348 1980 386 2015 in
413 1980 560 2026 agendo
587 1981 778 2023 ducentur,
806 1980 908 2016 nulla
933 1980 1074 2016 confisa
1101 1981 1172 2017 erit
1195 1981 1375 2027 peculiari
1393 1980 1491 2017 Iovis
1508 1980 1648 2016 favore.

254 2051 335 2087 558.
386 2052 479 2087 locos
503 2056 713 2097 terrenaque
736 2063 875 2087 summa
901 2053 958 2087 est
983 2052 1102 2098 figura
1128 2064 1223 2098 quae
1249 2052 1457 2098 hendiadys
1491 2051 1648 2088 dicitur:

158 2111 259 2147 locos
286 2122 453 2147 summae
477 2111 678 2157 potestatis
704 2112 879 2147 terrenae
913 2112 1094 2147 mutando
1132 2112 1354 2158 experietur,
1393 2111 1456 2157 qui
1491 2111 1651 2158 populus

160 2170 315 2216 dignum
340 2181 379 2206 se
404 2171 584 2216 praestet,
625 2170 683 2206 cui
708 2171 844 2206 stabile
870 2183 1027 2216 regnum
1052 2171 1193 2208 tradat.
1243 2171 1303 2206 Ad
1333 2182 1470 2207 summa
1496 2170 1652 2207 adiecti-

158 2242 256 2271 vum,
284 2230 383 2274 quod
410 2231 466 2265 est
490 2242 559 2275 pro
585 2230 833 2277 substantivo,
860 2230 962 2265 aliud
989 2231 1216 2266 adjectivum
1241 2230 1451 2277 apponitur,
1478 2230 1521 2265 ut
1552 2228 1652 2265 infra

159 2288 229 2324 585
255 2289 432 2334 latumque
451 2289 691 2333 profundumm
718 2289 766 2331 ΙΙ,
793 2290 862 2324 516
889 2289 1055 2335 Rhipaea
1073 2301 1143 2335 per
1167 2290 1299 2333 ανᾱκιιας
1333 2290 1400 2331 ΙΠ,
1438 2289 1508 2325 596
1545 2289 1653 2335 lonqa

160 2349 259 2391 avim
286 2347 356 2383 648
381 2348 481 2383 haud
503 2349 586 2383 ullis
610 2370 658 2374 —
682 2349 896 2393 superabilis
921 2351 1052 2394 aequis.

256 2419 335 2455 559.
379 2420 528 2464 populis
552 2441 599 2446 —
624 2420 759 2455 eunetis
791 2420 938 2455 dativus
972 2421 1159 2466 significat
1191 2432 1264 2463 eos,
1302 2420 1341 2456 in
1372 2431 1463 2466 quos
1494 2430 1653 2466 regnum

161 2478 419 2524 longissimum
445 2478 610 2514 exerceri
642 2478 797 2521 debeat;
837 2480 1065 2516 sententiam
1096 2481 1234 2526 poetae
1265 2491 1340 2516 non
1373 2479 1562 2515 assecutus
1595 2479 1653 2516 est

162 2538 366 2576 Burmann.

260 2609 338 2644 561.
388 2610 499 2645 robwr
524 2609 736 2645 Herculeum
760 2609 912 2645 Homeri
938 2611 993 2655 βίη
1020 2610 1221 2656 εΗροικληείτ,
1247 2609 1314 2646 Od.
1341 2608 1402 2651 XI,
1429 2608 1510 2645 601.

259 2680 339 2717 563.
388 2681 519 2716 tendite
542 2681 582 2716 iu
606 2685 707 2716 astra
731 2680 754 2717 i.
781 2692 813 2718 e.
842 2672 1059 2716 contendite
1083 2682 1126 2716 ut
1157 2681 1256 2717 inter
1287 2680 1376 2717 deos
1407 2680 1650 2727 recipiamini.
