1890 3100
203 221 260 263 46
729 219 765 255 C.
791 219 972 254 VALERI
998 219 1172 254 FLACCI

308 338 350 376 in
379 351 654 390 quaecumque
682 351 823 386 vocas3
853 352 928 377 nec
956 338 1054 386 nos'‚
1085 339 1150 386 ait,
1181 339 1366 391 ‘optume‚
1397 351 1543 389 segnes
1690 353 1743 385 175

312 403 526 442 credideris
557 404 746 455 patriisve
772 404 898 454 magis
929 403 1130 442 confidere
1158 404 1294 454 regnis

311 482 429 520 quam
457 468 540 515 tibi,
572 469 605 506 si
632 469 780 521 primos
811 468 912 507 duce
940 474 981 507 te
1009 469 1166 507 virtutis
1195 469 1367 507 honores

311 547 486 586 carpere,
517 533 717 572 fraternae
748 534 780 572 si
796 519 893 588 des
911 533 1146 572 adcrescere
1175 533 1317 572 famae.
1433 534 1609 585 ᾑλῇώ

311 599 407 650 quin
437 612 524 650 ego,
555 612 689 651 nequa
715 604 826 637 metu
854 599 975 636 nimio
1004 612 1068 637 me
1099 613 1193 637 cura
1219 599 1395 658 parentis
1532 584 1541 598 ’ζ

311 663 514 716 impediat,
545 664 682 702 fallam
711 665 893 715 ignarum
924 664 1159 716 subitusque
1187 664 1371 716 paratis
1357 686 1377 703 c·
1390 656 1441 702 ,ἴ

312 734 409 766 tunc
438 728 571 776 adem,
601 729 747 780 primas
777 729 932 781 linquet
953 743 1042 767 cum
1062 729 1207 781 puppis
1226 728 1422 766 harenas?

311 793 478 832 dixerat.
534 794 614 854 ille
626 794 784 852 animos
814 794 1089 847 promissaque
1117 793 1214 831 talia
1241 794 1372 832 laetus

312 859 457 911 accipit
485 864 525 897 et
554 849 716 911 gressus
746 859 884 897 avidos
914 859 965 897 ad
992 859 1110 898 litora
1137 859 1267 897 vertit.

415 924 470 962 At
499 924 610 962 ducis
639 924 813 977 imperiis
842 925 1006 976 Minyae
1035 925 1268 976 monituque
1296 923 1528 975 frequentes

204 1078 288 1121 767;
314 1078 400 1120 27&
427 1078 512 1120 723;
538 1077 586 1123 ΙΙ,
606 1078 689 1120 176;
717 1078 802 1120 213;
822 1078 907 1120 378;
926 1077 968 1119 V,
988 1078 1075 1120 25&
1094 1077 1180 1119 5523
1198 1077 1261 1119 VI,
1285 1077 1372 1120 488;
1399 1077 1487 1120 675;
1504 1076 1583 1122 VII,
1603 1076 1684 1114 170:

202 1137 287 1179 38&
313 1137 406 1172 VIII
433 1137 515 1175 264,

320 1200 393 1232 stat
415 1196 506 1238 Vat;
532 1200 566 1232 st
603 1196 688 1242 (est)
713 1200 771 1231 sat
795 1196 899 1241 Burg
923 1196 1167 1232 Hermathen.
1194 1195 1292 1238 VIII⁷
1319 1195 1400 1232 395.
1444 1199 1579 1240 parato
1606 1207 1689 1231 cum

202 1255 395 1291 Baehrens
426 1267 501 1291 non
525 1255 766 1300 intellegeret
790 1255 1030 1300 participium
1056 1265 1147 1299 esse,
1172 1254 1211 1289 in
1235 1256 1384 1300 turpem
1422 1265 1587 1290 errorem
1609 1254 1688 1300 lap-

204 1327 264 1350 sus
291 1316 360 1350 est.

322 1374 401 1410 175.
427 1374 695 1409 nec-credideris
731 1385 799 1419 pro
827 1385 870 1409 eo
896 1374 994 1418 quod
1021 1375 1078 1409 est
1102 1384 1221 1410 neve
1253 1372 1454 1409 credideris
1479 1374 1522 1408 ut
1547 1375 1575 1415 Ι,
1603 1372 1686 1415 525;

202 1433 265 1474 IV,
293 1433 377 1475 124;
404 1433 493 1480 477;
532 1433 620 1475 603;
650 1432 688 1475 V,
717 1432 801 1475 539;
840 1433 925 1475 648;
965 1432 1055 1475 67&
1097 1432 1178 1474 VII,
1221 1432 1309 1475 182;
1351 1432 1436 1475 229;
1477 1432 1563 1474 482;
1604 1431 1687 1474 VII,

203 1492 289 1535 103;
316 1492 396 1528 395.

323 1551 400 1586 180.
426 1552 565 1587 subitus
606 1551 830 1587 adiectivum
873 1563 941 1596 pro
985 1550 1164 1586 adverbio
1191 1562 1274 1586 cum
1297 1550 1422 1586 verbis
1448 1550 1683 1586 coniunctum

203 1610 318 1647 etiam
343 1611 444 1656 apud
468 1610 667 1656 scriptores
692 1610 880 1656 prosaicos
906 1610 1101 1656 reperitur.
1151 1610 1333 1656 Exempla
1369 1609 1570 1645 Valeriana
1601 1610 1687 1644 sunt

201 1671 355 1718 praeter
379 1671 450 1706 hoc
475 1669 523 1714 ΙΙ,
550 1670 613 1712 51;
640 1669 702 1712 VI,
730 1670 819 1714 154,·
842 1669 944 1714 VIII,
970 1670 1056 1711 261;
1083 1669 1164 1705 306.

319 1730 439 1765 Multo
463 1729 594 1765 melius
619 1729 790 1767 Valerius
815 1730 886 1764 hoc
910 1729 992 1764 loco
1019 1728 1098 1774 egit
1122 1739 1234 1773 quam
1257 1728 1485 1775 Apollonius,
1524 1727 1587 1773 qui
1624 1727 1689 1763 ob-

203 1789 343 1824 scurius
359 1789 505 1825 locutus
533 1790 589 1824 est
613 1789 641 1831 Ι,
660 1789 731 1823 224
756 1799 830 1833 seq.
859 1788 928 1830 Qui
955 1788 1052 1823 enim
1077 1787 1158 1823 fieri
1181 1788 1344 1834 poterat,
1369 1788 1413 1822 ut
1424 1787 1547 1823 Pelias
1572 1787 1688 1822 filium

203 1860 286 1884 cum
310 1848 445 1884 Iasone
470 1859 605 1884 navem
631 1848 880 1883 conscendere
904 1848 1111 1894 pateretur,
1138 1858 1221 1882 cum
1242 1846 1518 1893 expeditionem
1531 1845 1689 1881 adhunc

202 1907 323 1955 ipsum
347 1908 582 1955 perdendum
607 1907 872 1952 excogitasset!
900 1907 969 1944 Vel
994 1906 1196 1942 scholiasta
1220 1907 1291 1941 hoc
1315 1909 1397 1944 loco
1423 1905 1590 1941 offendit.
1616 1904 1690 1941 Sed

202 1969 340 2013 tamen,
379 1978 427 2002 ne
452 1966 649 2013 Apollonio
673 1966 847 2001 iniuriam
872 1965 1065 2008 faciamus,
1101 1964 1328 2001 conferenda
1359 1965 1446 2000 sunt
1471 1964 1586 2000 etiam
1611 1963 1688 1999 eius

202 2026 320 2062 verba
344 2026 372 2071 Ι,
398 2026 479 2062 323.

322 2085 402 2122 183.
426 2096 567 2131 9νεεεα3
591 2085 688 2120 avidi
711 2097 786 2120 non
812 2085 899 2119 sunt
923 2083 1143 2131 simpliciter
1168 2095 1315 2129 gressus
1341 2083 1490 2127 celeres,
1517 2083 1584 2119 sed
1600 2083 1688 2118 avet

202 2145 314 2180 Iason
331 2145 380 2179 ad
392 2145 480 2179 litus
494 2145 628 2190 redire,
642 2145 754 2189 atque
771 2145 864 2179 haec
882 2143 985 2179 notio
1005 2143 1053 2178 ad
1079 2154 1227 2188 gressus
1239 2142 1425 2178 translata
1451 2143 1519 2188 est,
1546 2143 1611 2178 cfr.
1637 2141 1686 2177 ad

204 2204 283 2240 109.
310 2204 436 2239 avidus
461 2205 588 2240 autem
613 2215 725 2249 saepe
752 2203 922 2238 absolute
946 2202 1117 2248 ponitur,
1142 2204 1186 2237 ut
1210 2214 1280 2247 res,
1308 2202 1408 2237 cuius
1433 2201 1513 2247 quis
1538 2201 1587 2236 sit
1611 2201 1687 2236 avi—

204 2264 282 2308 dus,
309 2275 353 2299 ex
378 2264 461 2298 tota
499 2263 686 2300 sententia
717 2262 977 2308 intellegatur;
1006 2262 1165 2298 eandem
1191 2261 1393 2298 festinandi
1417 2260 1607 2297 notionem
1631 2261 1687 2295 at-

203 2334 275 2368 que
315 2323 386 2358 hoc
426 2322 506 2358 loco
546 2322 664 2358 habet
695 2322 807 2367 Verg.
848 2321 939 2357 Aen.
982 2321 1039 2366 111,
1083 2321 1151 2355 132
1160 2334 1167 2364 ;
1218 2321 1300 2356 Sen.
1341 2320 1448 2356 Herc.
1489 2320 1559 2357 fur.
1598 2318 1686 2362 8393

203 2382 301 2419 Med.
327 2381 406 2417 326.

323 2441 402 2476 184.
429 2441 529 2476 ducis
552 2441 726 2485 imperiis:
753 2439 903 2475 Valerio
929 2439 1064 2475 merito
1096 2440 1176 2474 tam
1203 2440 1308 2474 extra
1333 2449 1480 2474 omnem
1504 2436 1683 2472 dubitati-

206 2511 315 2536 onem
338 2499 503 2546 positum
527 2499 687 2546 videtur,
712 2499 885 2535 Iasonem
911 2499 1049 2534 debere
1069 2509 1148 2534 esse
1174 2498 1316 2544 ducem,
1333 2498 1376 2532 ut
1399 2507 1480 2532 rem
1495 2507 1542 2532 ne
1567 2496 1684 2532 verbo

205 2560 355 2605 quidem
378 2560 535 2604 tangat;
578 2560 619 2593 at
643 2559 743 2604 apud
767 2557 1007 2604 Apollonium
1032 2557 1211 2593 Hercules
1238 2568 1260 2592 a
1292 2555 1399 2592 sociis
1433 2555 1507 2590 dux
1533 2554 1682 2600 eligitur

205 2619 364 2664 quidem,
391 2618 458 2654 sed
484 2619 643 2659 recusat,
670 2617 779 2652 simul
805 2617 958 2663 addens,
986 2628 1025 2652 se
1050 2616 1238 2652 neminem
1262 2615 1332 2650 nisi
1355 2615 1528 2650 Iasonem
1552 2614 1685 2650 ducem

204 2689 400 2724 passurum
425 2677 453 2720 I,
486 2677 556 2712 336
590 2688 690 2721 seqq.
717 2676 913 2721 Dionysius
943 2677 1070 2712 autem
1094 2677 1193 2711 teste
1218 2674 1444 2720 Apollodoro
1474 2673 1504 2719 I,
1522 2673 1554 2716 9,
1573 2672 1628 2715 19,
1662 2673 1685 2707 4

1691 682 1743 712 180
