1890 3100
194 245 276 287 122
710 239 748 276 C.
773 239 954 277 VALERI
979 238 1154 274 FLACCI

299 368 418 413 atque
448 360 677 412 indignatos
705 364 900 398 temerato
928 359 1044 397 litore
1072 371 1191 409 reges

299 432 434 465 mente
465 427 591 477 agitet
619 438 857 477 semperque
886 429 994 462 metu
1024 422 1209 462 decurrat
1237 422 1287 460 ad
1316 421 1444 460 undas

300 506 409 531 arma
439 492 566 539 ciens3
595 503 701 529 mors
732 503 823 528 sera
850 490 955 528 viam
982 494 1256 540 temptataque
1286 486 1448 525 claudat

302 557 450 608 effugia
479 562 519 594 et
547 561 703 594 nostras
732 560 909 607 nequeat
936 566 1194 606 praecurrere
1224 552 1341 599 diras,

301 622 373 661 sed
401 621 571 660 reduces
600 621 679 659 iam
708 621 866 672 iamque
895 619 1001 657 viros
1032 632 1208 670 auroque
1238 630 1445 656 coruscum
1682 625 1737 655 805

303 693 439 726 cernat
466 687 554 725 iter.
612 686 726 724 stabo
754 685 952 724 insultans
983 690 1022 722 et
1052 684 1212 722 ovantia
1240 687 1379 721 contra

303 766 371 791 ora
398 765 622 804 manusque
650 752 787 790 feram.
845 757 940 798 tum,
970 750 1084 788 vobis
1115 748 1256 801 siquod
1284 749 1468 786 inausum

302 831 571 870 arcanumque
600 816 714 856 nefas
745 823 785 855 et
814 816 943 854 adhuc
971 815 1176 866 incognita
1202 814 1274 852 leti

302 897 387 922 sors
418 888 612 934 superest,
644 881 736 921 date
765 881 900 920 fallaci
927 880 1162 933 pudibunda
1191 885 1381 918 senectae

302 949 424 987 exitia
452 947 743 999 indecoresque
774 947 917 985 obitus.
973 959 1054 983 non
1081 945 1210 983 Marte
1238 957 1314 982 nec
1344 943 1457 982 annis
1685 950 1740 980 810

304 1020 372 1052 aut
399 1013 483 1052 nati
511 1026 653 1064 precor
681 1012 751 1050 ille
779 1012 859 1049 mei
889 1010 1075 1062 dignatus
1103 1015 1147 1048 ut
1174 1022 1363 1061 umquam

305 1093 402 1118 ense
432 1078 567 1125 cadat3
599 1078 695 1129 quin
722 1076 803 1115 fida
830 1088 982 1122 manus,
1014 1076 1109 1127 quin
1138 1088 1230 1112 cara
1258 1087 1419 1112 suorum

306 1145 463 1196 diripiat
491 1144 724 1194 laceretque
755 1155 892 1180 senem
922 1154 998 1179 nec
1026 1139 1204 1178 membra
1234 1138 1446 1190 sepulchro

290 1257 370 1292 801.
420 1267 518 1302 reyes
535 1255 709 1291 dicuntur
739 1253 888 1289 omnino
905 1252 1085 1289 Ponticae
1102 1251 1265 1297 regionis
1282 1261 1404 1297 neque
1424 1251 1547 1286 certos
1564 1260 1686 1296 neque

197 1317 315 1352 solum
339 1316 498 1351 Aeetem
521 1315 643 1350 Aeson
671 1313 825 1359 cogitat.

292 1379 458 1410 temerato
482 1374 609 1409 littore
636 1373 774 1408 dictum
816 1384 860 1407 ex
892 1371 1079 1407 sententia
1112 1382 1255 1412 eorum,
1289 1370 1338 1405 ad
1369 1381 1526 1416 quorum
1557 1368 1688 1404 littora

198 1436 440 1481 Argonautae
467 1433 696 1479 appulerint;
734 1431 801 1468 cfr.
827 1434 855 1473 I,
883 1430 970 1473 6273
1009 1430 1146 1468 Lucan.
1173 1429 1239 1471 ΠΙ,
1268 1429 1337 1465 193
1362 1439 1439 1464 cum
1463 1428 1565 1464 rudis
1589 1428 1688 1473 Aryo

201 1495 350 1530 Miscuit
380 1495 521 1539 iynotas
546 1496 711 1528 temerato
738 1492 854 1527 littore
877 1494 1006 1536 yentes.

294 1565 374 1602 802.
423 1568 516 1599 metu
540 1575 589 1600 sc.
617 1562 798 1609 agitatus3
838 1563 895 1597 est
921 1561 1106 1596 ablativus
1133 1571 1283 1595 causam
1313 1559 1531 1606 exprimens,
1559 1558 1688 1605 quales

200 1625 316 1660 etiam
334 1624 373 1659 in
390 1635 503 1670 prosa
521 1622 690 1658 oratione
706 1621 955 1662 inveniuntur,
976 1620 1043 1658 cfr.
1061 1619 1164 1664 VIII,
1183 1619 1253 1654 390
1271 1619 1310 1654 et
1325 1617 1514 1655 Kuehneri
1532 1628 1689 1663 gramm.

199 1685 264 1720 lat.
291 1683 340 1725 II,
369 1684 389 1730 ξ
415 1683 471 1724 81,
501 1682 562 1725 12;
601 1681 668 1717 sed
706 1680 882 1716 audacius
921 1679 1015 1714 dixit
1048 1678 1219 1714 Valerius
1250 1677 1318 1719 III,
1345 1678 1392 1712 64
1422 1677 1512 1720 fatis
1536 1680 1688 1712 extrema

199 1745 239 1779 in
250 1743 390 1788 proelia
407 1741 527 1785 tendit,
555 1740 619 1776 ubi
644 1739 810 1775 ablativo
827 1751 902 1775 non
921 1738 1078 1774 affectus
1097 1737 1210 1773 animi
1229 1736 1456 1783 exprimitur,
1479 1736 1546 1771 sed
1566 1746 1688 1777 causa,

203 1813 299 1849 quae
327 1803 383 1837 est
410 1802 517 1837 extra
543 1799 732 1836 hominem
758 1800 944 1844 agentem.

296 1873 375 1908 803.
425 1873 520 1908 viam
538 1875 774 1916 temptataque
788 1891 830 1897 —
846 1870 978 1915 effuyia
993 1869 1016 1906 i.
1037 1881 1068 1908 e.
1088 1869 1190 1904 viam
1205 1867 1383 1914 temptati
1402 1866 1540 1912 effugii,
1559 1865 1690 1902 mortis

202 1932 450 1969 voluntariae.

298 2003 379 2039 805.
429 2014 519 2038 auro
543 2003 568 2038 i.
594 2014 624 2038 e.
651 2002 791 2038 vellere
818 2012 942 2037 aureo.

298 2074 378 2110 808.
428 2074 611 2110 incondita
651 2073 756 2120 Vat.;
801 2072 901 2120 quod
942 2084 1016 2108 non
1058 2071 1148 2106 satis
1191 2069 1362 2106 defendit
1403 2067 1566 2104 Schenkl
1607 2066 1689 2103 coll.

205 2134 355 2170 Tertull.
383 2134 467 2169 adv.
485 2133 661 2178 Hermog.
684 2132 743 2175 183
769 2133 951 2177 incoquita
979 2131 1035 2168 ed.
1060 2130 1164 2166 Junt.
1192 2131 1231 2166 et
1255 2129 1339 2167 Ald.
1358 2128 1523 2164 Obscure
1548 2125 1691 2162 indicat

204 2194 317 2238 poeta
333 2192 490 2228 Medeae
517 2191 660 2227 facinus
686 2191 724 2226 in
741 2191 884 2227 Peliam
910 2190 1161 2231 commissum;
1187 2188 1275 2224 inde
1294 2187 1408 2223 etiam
1429 2185 1690 2232 explicandum

203 2254 413 2288 inausum
444 2251 586 2296 nefas3
611 2251 739 2296 paullo
766 2250 932 2296 apertius
959 2249 1052 2284 dicit
1075 2261 1110 2287 v,
1137 2248 1207 2283 812
1233 2259 1311 2295 seq·

299 2322 378 2358 809.
428 2326 567 2357 senecta
603 2333 669 2367 pro
703 2333 802 2361 sene,
841 2322 884 2356 ut
915 2320 978 2357 Sil.
1004 2320 1102 2365 VIII,
1128 2319 1166 2362 6;
1205 2318 1280 2360 XV,
1307 2318 1375 2353 651
1410 2328 1454 2354 ex
1478 2315 1690 2352 imitatione

205 2382 317 2427 Verg.
345 2392 473 2427 georg.
500 2381 568 2426 ΠΙ,
594 2380 650 2422 96,
689 2380 753 2415 ubi
780 2392 868 2416 sane
895 2379 1172 2416 substantivum
1197 2378 1308 2414 aliter
1334 2375 1596 2423 explicandum
1621 2376 1690 2410 est.

300 2452 379 2488 810.
430 2463 502 2488 ηοη
528 2452 648 2487 Marte
680 2462 743 2486 nec
777 2452 887 2486 armis
917 2451 1015 2496 Vat.,·
1046 2450 1104 2485 bis
1139 2449 1241 2485 idem
1271 2448 1334 2484 vix
1359 2445 1548 2484 tolerabili
1579 2445 1690 2481 modo

207 2512 390 2558 repetitur
422 2522 546 2558 neque
575 2511 704 2557 placet
727 2509 955 2546 Loehbachii
994 2508 1193 2555 explicatio
1226 2506 1410 2544 censentis
1440 2505 1559 2542 verba
1590 2504 1692 2540 dicta

209 2583 288 2607 esse
313 2583 382 2617 pro
408 2571 520 2606 armis
546 2570 695 2612 Martis;
729 2570 921 2605 Baehrens
947 2568 1096 2614 scripsit
1121 2569 1235 2614 annis,
1263 2566 1362 2614 quod
1386 2564 1524 2610 recepi.

302 2643 382 2678 811.
432 2644 511 2678 nati
535 2654 606 2679 om.
631 2642 735 2688 Van-‚3
762 2641 847 2678 add.
874 2641 1019 2681 Monac.

302 2707 382 2744 812.
432 2718 521 2752 quae
546 2728 592 2734 -
617 2717 705 2752 quae
729 2708 834 2748 Vat.;
861 2707 947 2750 quin
972 2726 1015 2732 —
1042 2706 1126 2750 quin
1154 2704 1233 2740 cod.
1262 2702 1361 2739 Carr.
