1890 3100
298 258 385 301 466
825 256 861 292 C.
888 256 1067 291 VALERI
1093 256 1266 292 FLACCI

409 376 568 428 qualem
599 377 721 428 siquis
752 377 864 428 aquis
896 381 934 414 et
963 376 1105 414 fertilis
1134 375 1258 414 ubere
1289 383 1418 415 terrae

408 441 552 479 educat
582 455 627 479 ac
657 442 786 480 ventis
817 441 946 480 oleam
974 441 1158 480 felicibus
1188 441 1337 493 implet,

408 520 483 544 nec
513 506 626 544 labor
654 505 855 554 adsiduus,
886 520 962 545 nec
992 520 1082 558 spes
1114 520 1186 544 sua
1213 506 1317 545 fallit
1346 507 1533 554 alentem,

408 572 566 624 iamque
596 571 706 611 videt
734 573 899 624 primam
928 578 1068 610 tenero
1099 571 1148 610 de
1177 573 1327 610 vertice
1357 572 1560 621 frondem;

409 651 498 675 cum
529 637 658 676 subito
688 638 872 676 immissis
902 651 1095 689 praeceps
1126 637 1327 689 aquilonia
1356 638 1498 676 nimbis

404 703 515 741 venit
544 703 697 754 hiemps
729 703 924 755 nigraque
958 703 1137 741 evulsam
1165 702 1293 741 tendit
1322 703 1489 741 harena:

408 768 517 806 haud
546 782 661 807 secus
692 775 783 807 ante
811 769 951 806 urbem
979 769 1165 820 Myraces
1196 774 1315 820 atque
1345 769 1469 819 ipsius
1500 773 1592 807 ante

407 834 572 885 virginis
603 848 672 872 ora
700 833 823 881 cadit3
855 833 929 872 sed
956 847 1037 871 non
1064 834 1190 885 magis
1219 833 1288 871 illa
1317 840 1499 871 movetur

409 899 528 937 unius
559 912 681 950 aegra
709 905 829 946 metu,
862 912 977 950 quam
1008 904 1061 945 te,
1092 899 1309 949 Meleagre,
1339 899 1549 946 furentem⁷

408 978 527 1016 quam
556 964 727 1002 Talaum
756 963 866 1002 videt
896 969 963 1001 aut
991 976 1146 1015 pugnas
1175 963 1337 1001 miratur
1365 964 1521 1012 Acasti3

406 1035 447 1067 at
476 1029 571 1067 satis
601 1030 674 1067 hos
704 1030 815 1080 ipsae
845 1035 987 1080 gentes
1018 1029 1226 1080 campique
1256 1028 1447 1066 videbant

405 1099 645 1145 tempestate
674 1094 759 1145 pari
787 1094 914 1132 versis
944 1093 1175 1131 incumbere
1205 1093 1358 1130 turmis.

407 1164 501 1197 ante
533 1159 668 1197 oculos
700 1158 796 1210 fuga
824 1158 943 1197 foeda
972 1157 1117 1196 ducum
1146 1158 1363 1210 largusque
1393 1157 1606 1196 cadentum

406 1225 436 1261 it
466 1238 581 1263 cruor
609 1230 650 1262 et
678 1238 815 1262 currus
847 1223 1015 1261 dominis
1046 1223 1275 1274 ingentibus
1306 1223 1401 1261 orbi.

460 1291 552 1328 Non
580 1290 672 1328 tulit
700 1290 772 1328 hos
803 1290 948 1328 Perses
980 1289 1151 1340 gemitus
1182 1288 1418 1340 clademque
1449 1302 1609 1327 suorum
1792 1300 1845 1330 725

407 1361 602 1407 tergaque
630 1368 749 1393 versa
777 1361 897 1393 tuens
927 1354 987 1392 his
1019 1354 1174 1392 caelum
1205 1354 1410 1406 questibus
1440 1354 1596 1406 implet:

408 1421 519 1473 ‘quid
546 1434 610 1459 me
639 1421 719 1459 iam
747 1421 884 1472 patriis
915 1421 1087 1459 eiectum
1117 1419 1290 1467 sedibus,
1321 1420 1417 1457 istas

408 1491 453 1524 ut
483 1492 678 1524 struerem
707 1499 861 1537 pugnas
893 1485 1182 1536 Scythiamque
1211 1485 1250 1522 in
1280 1484 1389 1523 bella
1418 1498 1630 1532 moverem,

407 1564 478 1589 vos
510 1552 654 1603 superi,
685 1564 756 1589 vos
787 1551 953 1602 augurio
979 1551 1149 1588 iussistis
1180 1549 1313 1587 inani?

395 1694 474 1730 712.
525 1696 637 1728 ventis
662 1694 772 1728 oleam
795 1692 957 1735 felicibus
981 1693 1116 1737 implet;
1157 1692 1202 1727 de
1228 1703 1267 1727 re
1294 1691 1360 1729 cfr.
1400 1703 1512 1738 supra
1545 1704 1578 1727 v.
1614 1691 1693 1733 340,
1721 1691 1787 1727 sed

301 1754 412 1789 oleam
427 1754 539 1789 ventis
564 1753 706 1797 implere
730 1752 823 1787 mire
842 1752 984 1787 dictum
1011 1753 1083 1794 est;
1112 1751 1342 1797 comparatio
1367 1751 1447 1797 ipsa
1467 1762 1641 1796 expressa
1660 1752 1717 1786 est
1743 1762 1787 1786 ex

301 1812 409 1848 Hom.
435 1813 477 1848 Il.
504 1812 622 1857 XVII,
649 1812 694 1847 53
720 1823 821 1856 seqq.

399 1883 478 1919 716.
528 1884 639 1919 tendit
664 1883 686 1918 i.
715 1895 744 1919 e.
770 1882 984 1928 prosternit,
1028 1882 1101 1917 vid.
1141 1882 1189 1916 ad
1214 1881 1276 1928 IV,
1303 1881 1388 1924 32Ο;
1424 1881 1530 1924 fulva
1555 1882 1694 1928 (multa)
1722 1892 1792 1916 ex-

301 1944 450 1979 tendit
474 1944 610 1978 harena
634 1942 782 1988 scripsit
807 1942 916 1987 Verg.
943 1943 1034 1977 Aen.
1063 1942 1102 1983 V,
1130 1941 1200 1986 374
1227 1942 1264 1976 et
1289 1941 1354 1982 IX,
1382 1940 1461 1976 589.

397 2003 493 2039 Tota
530 2003 623 2038 haec
660 2002 827 2037 narratio
852 2001 940 2037 inde
966 2012 988 2035 a
1014 2013 1048 2036 v.
1075 2000 1144 2035 699
1171 2000 1454 2035 accommodata
1481 2001 1538 2036 est
1575 1999 1624 2034 ad
1657 1999 1793 2035 descri—

302 2062 467 2098 bendum
492 2061 631 2097 fortem
656 2061 815 2106 quidem,
844 2062 883 2096 at
907 2063 1036 2096 tamen
1061 2060 1211 2096 mollem
1229 2061 1267 2095 et
1291 2061 1463 2095 tenerum
1480 2059 1651 2094 iuvenem
1670 2058 1793 2104 gentis

302 2121 504 2157 barbarae.

398 2181 479 2216 721.
529 2181 646 2224 campi
670 2201 715 2206 ——
740 2180 922 2216 videbant:
950 2179 1060 2223 Verg.
1085 2178 1175 2214 Aen.
1203 2177 1289 2219 XII,
1316 2178 1396 2213 542.

399 2239 479 2275 722.
532 2243 655 2284 Aeque
693 2240 937 2275 vehementer
974 2238 1196 2284 pugnabant
1234 2237 1426 2283 Meleager
1468 2236 1600 2272 Talaus
1632 2236 1789 2271 Acastus

302 2300 416 2345 atque
442 2298 524 2344 ipse
551 2299 626 2333 dux
650 2299 778 2340 Iason3
805 2302 1007 2343 tempestate
1017 2297 1115 2342 pari,
1143 2297 1189 2332 de
1215 2297 1305 2332 belli
1321 2296 1473 2342 impetu,
1500 2296 1542 2330 ut
1566 2294 1678 2340 Verg.
1697 2294 1788 2330 Aen.

303 2358 385 2400 VII,
412 2358 481 2392 222
508 2369 583 2402 seq.

400 2417 480 2457 723,
527 2417 609 2460 fera
633 2417 730 2457 Vat„
755 2417 862 2459 foeda
889 2417 944 2452 ed.
971 2417 1064 2452 Bon.

401 2476 479 2511 726.
529 2477 662 2511 eaelum
686 2476 863 2520 questibus
887 2476 1022 2520 implet:
1057 2475 1166 2520 Verg.
1193 2475 1284 2510 Aen.
1310 2473 1376 2513 IX,
1404 2472 1484 2508 480.

400 2548 481 2583 729.
532 2551 582 2583 ut
604 2551 774 2583 struerem
802 2567 844 2573 —-
870 2537 1041 2588 iussisti&
1075 2546 1126 2581 sic
1151 2545 1308 2590 legimus
1337 2543 1402 2581 Ov.
1428 2545 1505 2580 her.
1533 2543 1561 2585 Ι,
1590 2543 1657 2578 101
1684 2543 1722 2578 di
1749 2563 1790 2569 -

304 2608 371 2643 hoc
394 2608 540 2643 iubeant
576 2610 618 2642 ut
654 2629 699 2635 —
735 2607 793 2641 ille
828 2616 922 2641 meos
959 2606 1077 2640 oeulos
1113 2605 1334 2649 comprimat;
1391 2603 1564 2639 Dracont.
1596 2601 1698 2644 VIII,
1724 2602 1792 2636 241

306 2667 348 2702 Β.
389 2677 508 2702 omnes
537 2670 578 2702 ut
601 2667 745 2702 veniant
768 2676 832 2701 νοω
856 2666 932 2709 ipse
957 2664 1067 2707 ‚iuben
1119 2664 1268 2699 Iuvenc.
1305 2662 1354 2703 II,
1395 2662 1462 2697 145
1503 2663 1585 2698 hine
1622 2662 1718 2698 iubet
1754 2665 1794 2696 ut

304 2737 440 2762 summo
470 2726 617 2761 tradant
639 2725 820 2771 yuetanda
845 2725 1029 2765 ministro;
1080 2722 1189 2758 Prud.
1215 2721 1342 2767 periet.
1372 2721 1431 2763 VI,
1458 2722 1503 2756 41
1529 2723 1664 2757 iussum
1681 2724 1732 2756 est
1750 2740 1794 2746 -

1793 662 1846 690 715

1793 981 1847 1011 720
