1890 3100
211 207 299 251 398
745 205 782 243 ο.
806 206 989 242 VALERI
1014 207 1188 243 FLACCl

320 325 404 364 ulla
433 326 558 378 sequi,
590 339 712 364 caeca
741 325 813 365 sed
841 332 986 364 cuncta
1013 326 1221 378 impellere
1249 341 1386 379 pugna

321 390 559 430 debuimus?
589 391 646 429 sic
676 391 856 430 Thraces
886 397 1022 443 agunt,
1053 392 1110 430 sic
1137 391 1320 431 turbidus
1349 393 1438 441 iste,

319 457 434 509 siqua
462 457 572 508 petit.
631 470 820 509 cuperem
848 457 950 496 haec
979 458 1098 496 etiam
1127 471 1234 496 nunc
1262 457 1372 496 bella
1399 459 1547 497 remitti
1705 468 1759 498 665

318 535 395 561 nec
425 522 555 560 socias
585 536 739 561 armare
767 536 921 561 manus.
979 522 1030 562 da
1057 523 1223 571 vellera,
1254 529 1396 571 rector,

321 593 361 626 et
388 586 520 626 medio
549 601 622 626 nos
653 601 772 626 cerne
800 589 910 626 mari.
969 588 1140 641 quodsin
1169 602 1218 627 ea
1246 589 1406 628 Mavors

320 653 496 704 abnegat
525 658 566 692 et
595 653 705 692 solus
733 653 879 692 nostris
910 654 1121 692 sudoribus
1152 655 1295 701 obstat,

322 718 467 756 ibimus
495 718 706 758 indecores
734 719 961 771 frustraque
991 725 1050 757 tot
1079 733 1255 771 aequora
1283 719 1453 759 vectae?

320 784 509 835 fessaque
538 797 614 822 vae
644 784 785 822 cedam
813 784 885 822 tibi
913 783 1099 823 feminaP'
1131 791 1319 836 coeperat
1348 785 1492 824 ardens
1706 801 1761 831 670

319 850 384 888 hic
413 850 558 888 iterum
587 850 752 888 alternis
781 850 942 888 Mavors
971 851 1181 902 insurgere
1212 850 1338 890 dictis.

321 915 470 966 excipit
497 915 591 953 hinc
620 921 759 953 contra
786 920 902 966 pater
930 921 971 953 et
1000 915 1056 953 sic
1084 929 1183 954 voce
1214 917 1420 955 cohercet:

324 980 442 1032 ‘quid‚
473 993 637 1028 vesane,
668 979 832 1019 fremis?
861 994 950 1018 cum
979 994 1052 1019 vos
1081 981 1160 1019 iam
1188 983 1370 1033 poenitet
1397 983 1476 1021 acti

321 1051 612 1098 peccatumque
642 1046 751 1094 satis,
781 1052 876 1084 tunc
906 1045 957 1084 ad
985 1060 1076 1085 mea
1103 1047 1191 1085 iura
1217 1048 1377 1086 venitis.

320 1110 501 1163 quolibet
527 1111 606 1149 ista
633 1110 763 1158 modo,
796 1125 1047 1163 quacumque
1076 1111 1270 1163 impellite
1299 1126 1446 1164 pugna,
1705 1135 1760 1165 375

320 1189 423 1229 quae
454 1177 653 1228 coepistis,
683 1176 834 1215 habent
864 1177 1052 1229 quoniam
1082 1190 1155 1215 sua
1183 1177 1266 1215 fata
1293 1177 1460 1216 furores.

317 1247 358 1280 te
388 1248 523 1280 tamen
551 1242 639 1289 hoc,
672 1242 856 1290 coniunx,
889 1248 929 1280 et
957 1248 1009 1289 te,
1039 1256 1130 1280 mea
1158 1248 1264 1290 nata,
1294 1243 1486 1282 monebo:

321 1308 371 1346 sit
399 1310 552 1347 Persen
580 1309 787 1361 pepulisse
818 1310 927 1356 satis,
957 1322 1033 1347 nec
1061 1322 1167 1348 vana
1194 1314 1371 1348 retentet

319 1388 412 1426 spes
441 1375 602 1426 Minyas
631 1375 804 1413 finemve
832 1375 960 1413 velint
987 1375 1193 1426 imponere
1223 1375 1343 1414 bello.

305 1516 384 1552 663.
436 1528 541 1553 caeca
565 1518 628 1552 sed
650 1522 779 1553 cuncta
803 1518 977 1563 impellere
996 1529 1124 1563 puyna
1156 1517 1177 1551 i.
1214 1528 1243 1552 e.
1278 1516 1380 1552 cuius
1407 1517 1563 1553 eventus
1589 1516 1708 1552 incer-

209 1576 271 1611 tus
297 1575 361 1617 situ
402 1576 454 1612 sic
481 1588 604 1612 caecus
629 1577 737 1613 Mars
762 1577 898 1612 dicitur
925 1577 1009 1612 Luc.
1037 1576 1120 1622 VII,
1148 1577 1234 1619 1113
1273 1576 1338 1612 cfr.
1382 1575 1497 1612 etiam
1534 1575 1594 1617 IV,
1636 1575 1707 1611 488

210 1646 285 1671 non
308 1639 426 1671 tamen
449 1637 490 1671 in
515 1647 619 1672 caeca
645 1637 811 1672 bellorum
837 1637 928 1672 nube
945 1637 1139 1671 cadendum
1166 1640 1232 1678 e3t;
1259 1636 1308 1677 ΙΙ,
1335 1635 1405 1670 262
1431 1646 1534 1671 caeca
1559 1637 1706 1671 telorum

209 1695 251 1731 in
274 1696 382 1738 nube3
410 1695 521 1731 aliter
545 1696 822 1741 intellegendus
849 1707 980 1732 caecus
1008 1696 1107 1731 Mars
1133 1696 1244 1741 Verg.
1270 1695 1362 1732 Aen.
1389 1694 1438 1740 H,
1464 1694 1545 1731 335.

316 1766 396 1801 667.
446 1767 598 1812 quodsin
622 1779 697 1802 non
723 1766 834 1803 facile
873 1767 973 1812 apud
1009 1767 1141 1812 poetas
1179 1766 1374 1812 reperitur,
1414 1766 1480 1802 sed
1517 1767 1620 1803 recte
1657 1767 1709 1803 sic

217 1826 460 1861 emendatum
484 1826 634 1862 videtur
660 1838 682 1861 a
707 1826 922 1862 Baehrente
948 1826 991 1861 Il.
1017 1826 1083 1861 lat.
1111 1826 1191 1862 716.

306 1897 386 1933 669.
437 1901 488 1933 tot
513 1909 668 1942 aequora
693 1901 827 1943 vectam
866 1897 919 1933 sie
945 1909 1026 1933 cum
1055 1897 1280 1939 accusativo,
1307 1897 1370 1942 qui
1394 1897 1517 1933 locum
1540 1896 1692 1940 indicat,

209 1967 275 2002 por
301 1968 413 2002 quem
438 1957 517 2002 quis
548 1957 708 1999 vehitur,
743 1957 981 2002 coniungitur
1007 1958 1078 1992 hoc
1103 1958 1261 1992 verbum
1287 1956 1402 1992 etiam
1426 1957 1540 2002 Verg.
1559 1959 1647 1993 Aen.
1674 1956 1702 1999 L

221 2015 308 2058 524;
361 2017 423 2051 cfr.
477 2016 504 2057 I,
547 2016 592 2051 67
628 2027 714 2062 qens
757 2038 800 2042 —
842 2017 989 2062 naviqat
1030 2027 1161 2061 aequor
1215 2018 1254 2052 et
1303 2027 1399 2061 quae
1442 2016 1491 2052 ad
1530 2015 1591 2058 IV,
1635 2015 1705 2052 336

211 2074 314 2110 dicta
340 2076 437 2112 sunt.

306 2134 386 2170 670.
433 2135 495 2178 fas
520 2136 660 2180 aliquae
690 2140 839 2181 nequeat
862 2137 915 2172 sie
949 2136 1084 2179 femina
1109 2135 1205 2180 Vae„
1245 2135 1410 2180 fessaque
1449 2145 1545 2170 nwrae
1585 2134 1706 2170 cedam

210 2193 276 2229 tibi
297 2193 432 2236 femina
458 2193 621 2230 Schenkl
656 2195 846 2231 sententia
888 2195 1024 2231 saltem
1071 2194 1271 2240 probabili,
1299 2205 1415 2241 quare
1458 2194 1535 2229 eius
1561 2194 1705 2230 coniec-

211 2253 316 2288 turas
342 2253 480 2298 recepi,
524 2254 595 2289 nisi
621 2255 722 2301 quod
746 2266 812 2290 vae
836 2266 904 2300 pro
929 2265 1024 2290 nunc
1049 2254 1187 2300 scripsi.

305 2312 385 2349 672.
436 2314 574 2360 excipit,
601 2314 676 2350 vid.
703 2315 752 2350 ad
777 2316 840 2356 IV,
869 2315 954 2358 755;
994 2315 1134 2361 excipit
1160 2325 1370 2351 sermonem
1394 2313 1565 2359 Iuppiter
1590 2314 1702 2349 simul

211 2371 416 2419 prohibens
443 2373 639 2419 quominus
667 2374 764 2409 Mars
789 2374 885 2409 iram
910 2374 1035 2410 verbis
1063 2373 1285 2410 effunderet.

308 2431 389 2467 673.
440 2432 535 2476 quid,
561 2443 698 2474 vesane,
723 2432 872 2475 fremis?
898 2433 964 2469 cfr.
993 2434 1079 2469 Luc.
1107 2433 1170 2475 IV,
1200 2433 1278 2469 183.
1545 2475 1548 2479 ,

307 2490 388 2527 675.
438 2491 509 2526 ista
534 2512 578 2517 -
604 2493 771 2536 impellite
796 2513 841 2519 —-
867 2504 957 2537 quae
981 2494 1146 2537 coepistis
1175 2493 1198 2528 i.
1227 2504 1257 2529 e.
1285 2491 1424 2528 efficite
1463 2491 1702 2537 impellendo,

213 2561 297 2586 cum
313 2550 352 2586 vi
378 2551 417 2586 et
441 2550 622 2586 violentia
648 2551 807 2596 agendo.

308 2609 390 2646 676.
439 2611 494 2646 De
513 2610 758 2646 collocatione
784 2612 950 2656 quoniam
974 2611 1182 2657 particulae
1207 2611 1281 2647 vid.
1309 2610 1424 2646 etiam
1448 2609 1550 2653 vm,
1576 2610 1657 2650 320,

308 2669 387 2707 678.
438 2673 583 2704 retentet
608 2681 657 2707 sc.
685 2681 707 2704 a
732 2670 934 2706 redeundo.
961 2695 965 2698 ,
