1890 3100
602 234 988 272 ARGONAVTICON
1015 234 1162 270 LIBER
1187 233 1249 269 IV.
1578 234 1663 277 291

285 356 477 408 respicias
506 355 649 408 quibus
679 354 848 393 adverso
878 353 952 392 sub
980 352 1150 391 vulnere
1179 351 1292 390 nulla

285 421 366 459 iam
392 421 516 459 facies
545 433 620 459 nec
647 433 795 458 nomen
823 424 927 458 erat:
956 417 1089 456 media
1115 417 1239 469 ipsius
1269 430 1379 455 arma
1668 433 1722 463 185

289 499 404 524 sacra
430 491 540 524 metu
567 485 782 537 magnique
810 484 889 522 aris
917 483 1088 534 imposta
1114 482 1304 534 parentis.

286 550 454 602 hospitis
482 550 548 588 hic
573 550 743 603 primum
769 549 942 587 monitus
971 547 1128 586 rediere
1157 547 1385 598 Dymantis,

288 621 329 654 et
356 629 481 667 pavor
509 621 550 654 et
576 614 742 653 monstri
771 613 891 652 subiit
919 612 1097 651 absentis
1126 612 1270 663 imago,

287 686 408 733 atque
438 681 574 719 oculos
603 679 736 718 cuncti
762 680 868 717 inter
896 691 939 716 se
968 683 1136 716 tenuere
1166 677 1343 725 silentes,

291 744 420 784 donec
448 745 605 784 sidereo
632 744 780 783 Pollux
806 743 1010 782 interritus
1040 756 1108 782 ore
1671 753 1725 784 190

288 816 340 850 ‘te
370 819 504 850 tamen
531 811 618 857 hac,
648 809 887 862 quicumque
918 808 987 856 es,'
1018 809 1073 847 ait
1102 808 1329 864 ‘formidine
1354 807 1447 846 faxo
1496 831 1500 835 -

288 876 367 914 iam
395 881 465 914 tua
492 875 595 914 silva
621 874 736 921 ferat⁷
765 873 883 913 modo
913 875 992 912 sint
1019 873 1093 912 tibi
1121 874 1283 925 sanguis
1313 878 1354 912 et
1382 878 1516 911 artus:

291 940 472 979 omnibus
500 940 607 979 idem
635 940 790 978 animus
818 939 911 978 forti
940 938 1158 978 decernere
1186 952 1333 991 pugna,

180 1065 340 1110 querelae
365 1063 431 1100 Ov.
455 1065 545 1100 met.
570 1064 636 1104 ΠΙ.
662 1063 748 1105 239;
775 1063 861 1098 Luc.
887 1063 929 1104 V,
956 1063 1042 1105 761;
1079 1063 1242 1107 sepulcra
1274 1062 1342 1098 Ov.
1374 1062 1461 1097 fast.
1503 1061 1551 1102 Π.
1580 1061 1670 1103 562;

181 1124 313 1167 sima-a
337 1123 424 1158 fast.
450 1123 511 1168 VI,
538 1123 618 1158 660.

278 1194 357 1230 184.
406 1195 576 1239 respicias
599 1206 668 1240 pro
695 1205 738 1230 eo
764 1193 864 1239 quod
890 1195 947 1230 est
971 1193 1011 1228 in
1034 1204 1147 1239 prosa
1172 1192 1342 1229 oratione
1378 1203 1536 1228 cerneres
1574 1199 1671 1228 ‘man

183 1254 291 1289 hatte
316 1254 432 1290 seben
456 1253 628 1298 konnen,
666 1255 709 1288 ut
733 1253 844 1298 Verg.
870 1253 962 1288 Aen.
997 1252 1056 1293 N,
1082 1252 1153 1287 401
1191 1253 1383 1297 mim-antes
1418 1263 1565 1294 cernas;
1605 1251 1672 1287 Ov.

184 1314 274 1349 met.
299 1312 328 1353 L
354 1313 424 1347 242
450 1313 487 1348 in
510 1313 654 1356 facinus
692 1314 831 1348 iurasse
860 1316 968 1356 pute-s
1011 1311 1075 1353 al.;
1114 1313 1286 1356 respicere
1322 1312 1446 1347 autem
1484 1311 1674 1347 interdum

184 1372 337 1418 ponitur
362 1383 426 1418 pro
452 1372 629 1408 cernendi
654 1371 906 1417 conspiciendi
930 1371 1058 1413 verbo,
1083 1370 1158 1407 vid„
1185 1371 1245 1410 VI,
1273 1370 1358 1413 562;
1383 1370 1493 1416 Apul.
1519 1372 1608 1406 met.
1628 1370 1673 1413 Χ,

187 1431 232 1466 17
250 1431 460 1476 podatum-e
482 1435 637 1476 respecto
660 1430 683 1466 i.
711 1442 742 1467 e.
768 1432 932 1476 aspecto.

282 1502 360 1540 185.
409 1513 532 1538 nomen
557 1502 708 1548 proprie
734 1503 792 1537 est
817 1513 890 1547 quo
928 1502 1009 1547 quis
1045 1501 1150 1537 nosci
1186 1501 1322 1547 possit,
1360 1502 1458 1546 quod
1493 1500 1675 1547 imprimis

186 1561 293 1597 vultu
325 1566 364 1598 et
388 1573 452 1598 ore
470 1562 523 1603 fit,
549 1561 783 1598 notissimum
807 1561 901 1596 illud
926 1563 984 1597 est
1008 1561 1119 1606 Verg.
1145 1561 1237 1597 Aen.
1264 1560 1311 1601 Π,
1338 1561 1408 1595 558
1432 1561 1509 1596 sine
1532 1561 1676 1596 nomine

187 1632 326 1666 corpus,
354 1621 490 1667 quippe
517 1621 575 1656 cui
593 1622 707 1667 caput
725 1621 894 1656 avulsum
912 1620 980 1664 sit3
1006 1621 1105 1656 hunc
1119 1620 1243 1656 locum
1260 1620 1429 1655 imitatus
1448 1621 1504 1655 est
1522 1619 1674 1656 Iuvenc.

189 1680 259 1722 ΠΙ,
284 1680 331 1716 68
356 1681 509 1716 lacerum
531 1681 654 1724 flentes
677 1682 755 1716 sine
777 1681 918 1716 nomine
941 1684 1114 1715 truncum.

283 1751 363 1788 187.
410 1751 545 1787 rodim
567 1763 617 1788 sc.
643 1752 682 1786 m
712 1751 940 1792 memoriam,
974 1751 1047 1786 vid.
1081 1751 1129 1786 ad
1166 1750 1235 1796 111,
1271 1751 1352 1787 461.
1402 1751 1539 1786 Mirum
1576 1736 1697 1797 quod'

188 1811 260 1846 hoc
285 1811 435 1846 demum
459 1811 541 1846 loco
566 1822 701 1846 nomen
725 1810 824 1846 illius
849 1810 1006 1856 hospitis
1033 1812 1353 1852 commemoratur,
1386 1822 1507 1856 neque
1532 1822 1592 1846 res
1618 1812 1676 1847 est

190 1869 241 1905 ab
267 1870 368 1905 omni
392 1869 627 1906 dubitatione
652 1869 783 1915 libera,
817 1881 900 1905 cum
924 1869 1011 1904 Vat.
1046 1870 1190 1906 habeat
1221 1871 1410 1916 tymantis;
1447 1870 1487 1905 in
1519 1870 1576 1906 ed.
1602 1870 1676 1904 Ald

189 1928 329 1974 legitur
353 1930 518 1974 timemis,
542 1929 738 1974 Dymantis
763 1930 821 1965 est
845 1928 987 1964 Heinsii
1013 1929 1239 1965 coniectura.
1287 1929 1399 1975 Apud
1430 1929 1544 1966 schol.
1568 1929 1676 1965 Hom.

189 1987 236 2024 11.
260 1987 328 2029 111,
355 1988 424 2024 189
448 1988 587 2033 Dymas
611 1990 722 2034 pater
747 1988 853 2024 Otrei
878 1990 1201 2025 commemoratur.

289 2059 367 2095 189.
416 2061 535 2095 oculos
558 2080 606 2086 —
629 2060 722 2095 inter
749 2070 787 2095 se
810 2063 950 2095 tenuere
978 2060 1119 2095 silentes
1143 2060 1168 2095 1.
1200 2071 1232 2096 8.
1265 2059 1491 2104 continuere,
1527 2071 1576 2095 ne
1618 2071 1679 2096 res

191 2118 394 2155 horribiles
419 2118 641 2164 aspicerent,
669 2118 738 2154 cfr.
763 2119 876 2164 Verg.
895 2119 986 2154 Aen.
1013 2118 1078 2159 XI,
1106 2119 1174 2154 121
1192 2119 1310 2154 oculos
1328 2120 1422 2154 inter
1436 2130 1473 2154 se
1490 2123 1595 2164 atque
1611 2130 1678 2155 ora

191 2178 373 2222 tenebant:
421 2189 487 2214 ora
516 2179 647 2213 tenere
680 2177 782 2213 idem
821 2180 879 2214 est
911 2179 1025 2223 atque
1056 2178 1176 2214 silere.
1215 2178 1290 2213 vid.
1318 2178 1429 2223 Verg.
1456 2189 1586 2224 georg.
1612 2178 1678 2220 IV,

194 2237 281 2280 483;
306 2238 398 2274 Aen.
425 2237 518 2278 vm,
545 2237 631 2284 5203
657 2237 739 2273 Val.
764 2237 824 2279 IV,
851 2238 932 2274 323.

291 2308 371 2344 190.
419 2309 554 2344 sidereo
579 2319 650 2352 ore,
674 2308 749 2344 vid.
776 2308 826 2343 ad
852 2309 896 2349 ΙΙ,
924 2308 1003 2344 104.

290 2379 369 2414 191.
419 2384 452 2414 te
475 2384 590 2414 tamen
618 2400 661 2405 —
685 2380 787 2426 faxo;
816 2391 937 2415 sermo
962 2379 1001 2414 in
1017 2379 1124 2415 initio
1142 2380 1335 2426 abruptus,
1351 2381 1427 2417 vid.
1445 2381 1494 2416 ad
1510 2381 1580 2428 111,
1597 2381 1680 2417 290.

290 2439 358 2474 hac
384 2459 425 2464 —
450 2439 641 2481 tormidine
665 2439 822 2475 obscure
848 2439 1005 2481 dictum;
1031 2439 1180 2475 videtur
1197 2440 1418 2485 significare.
1447 2446 1681 2486 ‘quamquam

196 2497 446 2533 circumdatus
471 2499 530 2534 tot
554 2498 666 2534 rebus
691 2498 963 2534 formidolosis.'

291 2567 371 2604 192.
420 2568 584 2604 Minatur
609 2569 741 2605 Pollux
766 2580 805 2605 se
831 2581 963 2637 egi-pus
989 2569 1184 2606 interfecti
1201 2571 1330 2616 Amyci
1355 2582 1618 2617 suspensurum
1641 2571 1681 2606 in

196 2625 301 2670 silva,
327 2638 422 2672 quae
446 2628 663 2674 speluncam
686 2629 845 2674 tegebat
870 2637 920 2675 (v.
949 2629 1041 2674 178).

295 2697 375 2734 193.
422 2698 534 2744 Verg.
561 2700 652 2736 Aen.
680 2699 758 2740 XII,
785 2699 865 2736 282.

1402 2761 1444 2795 19
