1890 3100
574 223 960 261 ARGONAVTIOON
983 223 1130 258 LIBER
1154 223 1203 257 Il.
1546 222 1628 265 157

257 347 435 385 Thtaoes
455 345 621 393 habent3
641 350 819 382 nostrum
837 343 914 380 hoc
932 342 1097 380 facinus.
1119 354 1170 379 ne
1191 353 1351 393 quaere,
1374 333 1629 392 quis'auctor.

256 413 336 450 iam
362 411 470 462 fuge,
498 410 578 448 iam
607 408 752 447 dubiae
781 407 928 446 donum
957 419 1052 458 rape
1079 406 1225 444 mentis
1255 411 1295 443 et
1324 418 1463 443 ensem

258 482 303 515 tu
329 476 472 528 potius,
502 475 704 520 miserere,
732 473 853 512 tene'.
907 477 1004 510 tunc
1033 471 1180 523 exeipit
1208 476 1316 508 artus

258 540 503 592 obnubitque
532 544 650 591 eaput
677 539 922 590 tacitumque
951 536 1004 575 ad
1031 536 1190 574 conscia
1217 535 1367 573 Bac-chi

259 605 409 658 templa
435 605 548 657 rapit,
576 604 782 656 primoque
810 615 951 641 manus
981 615 1005 640 a
1031 602 1167 640 limine
1195 600 1365 639 tendens
1633 611 1688 640 255

259 671 400 710 ‘exime
430 683 502 708 nos
532 669 686 716 sceleri,
716 673 841 720 pater,
873 674 913 706 et
940 668 1129 705 miserere
1158 667 1312 718 piorum

150 784 184 829 6,
209 785 254 819 21
279 794 355 828 seq.
386 782 485 818 mede
514 781 611 822 mihi,
648 781 786 816 miseri-s
821 780 984 815 caelestia
1015 779 1165 814 numina
1192 782 1351 823 parcunt
1387 777 1464 812 Nec
1497 787 1633 821 semper

150 844 264 879 laesos
287 846 320 878 et
342 842 418 878 sine
440 841 513 884 fine
531 843 716 886 prmum
756 838 839 874 Sen.
866 839 1005 874 Phaed.
1033 838 1099 873 187
1127 839 1325 882 laesumque
1346 838 1500 880 flammis
1524 839 1633 872 torret

150 901 324 948 (Cupido)
348 900 531 937 indomiti-3
555 900 690 940 Iovem
727 898 873 944 Coripp.
899 897 976 933 Ioh.
1010 896 1102 932 VIII
1127 896 1236 943 (VII),
1262 897 1332 931 466
1369 907 1468 941 quem
1498 896 1531 931 εἰ
1562 906 1633 930 ron

151 961 291 996 laeserit
313 960 432 1000 hostis,
461 958 598 994 Nomen
623 958 688 994 erit
712 961 854 992 nostrae
877 968 1084 992 mansurum
1108 957 1148 992 in
1171 957 1313 991 saecula
1334 956 1463 998 famae.

244 1018 325 1055 252.
373 1019 501 1054 dubiae
526 1017 655 1053 donum
678 1028 765 1061 rape
789 1017 929 1058 mentis;
968 1016 1056 1050 dum
1081 1015 1195 1050 dubia
1222 1016 1279 1050 est
1302 1014 1517 1060 Hypsipyle,
1545 1014 1634 1059 quid

150 1078 275 1119 faciat,
300 1077 416 1113 vitam
439 1078 619 1122 tanquam
635 1076 774 1111 donum
798 1075 970 1111 celeriter
990 1075 1154 1120 arripere
1173 1076 1282 1120 pater
1298 1074 1466 1116 iubetur;
1492 1073 1635 1109 indicat

150 1138 207 1173 his
244 1136 378 1178 verbis,
420 1137 598 1182 quantam
634 1135 710 1169 vim
745 1135 886 1170 habeat
927 1135 1136 1179 exemplum
1177 1135 1388 1169 ceterarum
1424 1133 1631 1174 mulierum,

151 1208 223 1242 quo
249 1195 364 1232 etiam
388 1195 507 1230 invita
532 1195 607 1229 filia
631 1194 695 1239 pia
720 1193 791 1229 sibi
814 1193 896 1239 ipsa
922 1193 1046 1228 diffisa
1071 1192 1191 1238 abripi
1217 1192 1345 1238 possit.

244 1255 325 1290 253.
374 1255 534 1289 miserere
571 1265 620 1292 sc.
654 1253 738 1288 ‘mei
769 1264 822 1292 eo,
862 1254 905 1287 ut
940 1252 1107 1298 gladium
1145 1263 1190 1287 ex
1226 1251 1397 1287 manibus
1422 1252 1515 1287 meis
1542 1252 1633 1287 aeci-

150 1314 242 1360 pias,
267 1325 314 1349 ne
341 1324 410 1358 ego
435 1313 553 1348 invita
580 1312 734 1348 caedem
758 1313 886 1347 tamen
912 1311 1069 1348 faciam?

246 1373 375 1417 exeipit
399 1375 515 1414 anum
552 1371 744 1406 Burmann
782 1371 842 1405 ‘ad
866 1371 964 1406 filia-e
996 1382 1183 1406 semones
1217 1371 1371 1417 (senem)
1405 1370 1528 1406 animo
1566 1370 1634 1404 lin-

152 1433 328 1477 quentem
352 1431 494 1476 fingere
519 1431 697 1467 debemus
729 1441 752 1464 a
776 1430 851 1464 filia
877 1431 1137 1466 sustentatum'
1177 1430 1258 1465 coll.
1286 1430 1353 1465 Ov.
1378 1431 1466 1466 met.
1492 1430 1539 1470 X,
1567 1429 1634 1464 186

152 1492 390 1536 collapsusque
426 1490 554 1535 excipit
590 1493 706 1531 artus3
767 1489 853 1534 XII,
896 1489 966 1524 423
1002 1490 1172 1533 protinus
1212 1489 1410 1534 Hylonome
1448 1489 1635 1524 morientes

152 1550 283 1595 ancipit
306 1554 418 1586 artus.

246 1609 327 1644 254.
376 1609 516 1644 conscia
538 1620 606 1654 per
630 1608 820 1654 prolepsin
845 1608 1004 1643 dictum:
1041 1607 1183 1653 templa
1208 1609 1290 1642 tum
1315 1607 1465 1642 demum
1489 1607 1636 1642 conscia

152 1669 367 1710 fiunt-,scum
388 1669 498 1714 pater
524 1669 563 1703 et
586 1667 663 1702 filia
685 1667 926 1709 introierunt;
954 1666 1019 1703 cfr.
1047 1679 1081 1702 v.
1106 1667 1187 1702 410.

247 1726 328 1762 255.
376 1727 475 1771 rapit
503 1738 572 1771 pro
603 1737 648 1762 eo
678 1726 776 1772 quod
810 1727 868 1761 est
891 1727 1024 1770 raptim
1048 1726 1144 1760 ducit
1182 1726 1263 1769 (sed
1287 1725 1325 1759 vi
1349 1737 1424 1760 non
1450 1725 1633 1771 adhibita)

153 1786 313 1832 primum
336 1785 438 1831 apud.
460 1785 665 1830 Vergilium
700 1785 857 1821 inveniri
895 1785 1040 1825 dicitur,
1079 1785 1183 1820 velut
1218 1785 1311 1820 Aen.
1349 1784 1430 1825 VII,
1467 1784 1552 1826 725;
1590 1784 1633 1825 X,

153 1844 240 1887 308;
275 1846 358 1880 tum
393 1844 493 1890 apud
517 1844 662 1879 Livium
685 1844 855 1879 Tacitum
891 1844 1085 1889 variosque
1122 1846 1208 1889 post
1243 1843 1447 1889 Vergilium
1483 1845 1636 1889 poetas3

153 1904 222 1940 sed
245 1904 359 1939 antea
382 1903 422 1938 in
446 1915 515 1938 usu
539 1902 665 1938 fuerat
688 1903 866 1939 sermonis
899 1903 1086 1944 cotidiani,
1124 1903 1212 1938 inde
1249 1902 1389 1948 legitur
1438 1902 1537 1948 apud
1562 1903 1636 1938 Ho-

154 1962 292 1998 ratium
315 1964 385 1998 sat.
410 1963 438 2003 Ι,
457 1962 489 2004 5,
507 1962 554 1997 86
578 1966 746 2007 quattuor
769 1963 852 1997 hinc
868 1963 1031 2007 rapimur
1047 1963 1172 2007 viginti
1190 1967 1222 1997 et
1245 1962 1346 1997 milia
1362 1962 1481 1997 raedis
1507 1963 1546 1997 et
1562 1961 1638 1996 iam

155 2021 256 2068 apud
279 2021 496 2059 Terentium
519 2021 668 2057 Phorm.
686 2021 755 2056 882
780 2022 867 2066 quin
891 2032 972 2066 erqo
996 2032 1083 2066 rape
1109 2032 1178 2055 me:
1205 2022 1291 2066 quid
1315 2020 1454 2057 cessas?
1497 2021 1638 2056 Valerii

155 2081 328 2126 exempla
349 2082 436 2116 sunt
460 2081 506 2125 11,
531 2081 616 2123 2733
642 2080 728 2123 2893
754 2081 834 2116 650.

248 2139 329 2176 256.
372 2143 479 2184 pater
504 2141 562 2175 est
584 2140 770 2181 Bacehus;
810 2140 1016 2185 complures
1042 2140 1103 2175 dei
1127 2141 1197 2175 hoe
1222 2140 1371 2175 nomine
1397 2141 1637 2185 honorantur,

156 2199 200 2233 ut
225 2198 397 2234 omittam
419 2199 444 2234 J
446 2210 555 2234 ovem
578 2200 727 2244 patrem
761 2200 799 2234 et
824 2198 950 2234 Ditem
973 2200 1132 2244 patrem,
1159 2199 1211 2234 sie
1236 2199 1449 2244 appellatur
1474 2200 1639 2234 Bacchus

156 2257 258 2303 apud
285 2257 371 2295 Aoo.
407 2259 502 2303 trag.
541 2258 626 2300 241;
671 2257 781 2303 Verg.
815 2269 941 2303 georg.
968 2257 1015 2299 IL
1041 2258 1079 2300 4;
1125 2259 1164 2300 ¹73
1207 2258 1295 2294 Hor.
1323 2270 1434 2294 carm.
1460 2259 1489 2300 I,
1517 2258 1572 2300 18,
1599 2259 1637 2301 6;

155 2316 225 2358 III,
250 2316 284 2359 3,
310 2316 374 2360 133
411 2317 518 2363 epist.
544 2317 588 2358 11,
617 2317 647 2357 1,
673 2317 711 2359 5;
750 2317 858 2362 Prop.
883 2316 949 2359 III,
977 2317 1031 2359 17,
1057 2318 1095 2359 2;
1136 2318 1250 2353 Ianus
1274 2317 1361 2354 Hor.
1389 2318 1495 2363 epist.
1527 2317 1555 2357 Ι,
1583 2318 1636 2358 16,

156 2375 220 2419 59;
245 2375 355 2412 Mart.
381 2375 424 2418 X,
450 2375 506 2418 28,
533 2377 570 2418 7;
599 2376 761 2412 Maorob.
794 2377 860 2412 sat.
886 2377 913 2418 Ι,
940 2376 973 2418 9,
1001 2376 1045 2411 15
1077 2377 1157 2422 (cfr.
1183 2376 1340 2412 Prelleri
1365 2377 1519 2421 mythol.
1546 2389 1638 2413 rom.

158 2433 193 2470 1·
229 2434 296 2470 167
323 2436 447 2471 annot.
476 2435 530 2481 1)·,
572 2435 750 2470 Vulcanus
780 2435 870 2471 Aen.
903 2435 1004 2477 VIII,
1030 2435 1116 2477 394;
1154 2435 1241 2477 454;
1288 2436 1478 2480 Neptunus
1501 2436 1581 2472 Val.
1609 2436 1637 2481 Ι,

161 2493 229 2529 193
248 2505 454 2540 {amorem
467 2496 607 2541 φαῖεν),-
623 2495 712 2536 651;
730 2494 815 2537 669;
834 2494 919 2537 679;
949 2495 1059 2540 Verg.
1078 2495 1168 2531 Aen.
1187 2495 1309 2537 V‚,14;
1336 2494 1420 2531 Sen.
1440 2495 1529 2531 Oed.
1548 2495 1636 2541 266;

159 2551 290 2598 Agam.
315 2553 401 2595 553;
428 2553 594 2590 Phoebus
617 2553 699 2589 val.
726 2555 769 2594 V,
796 2554 856 2595 18;
884 2553 979 2589 Stat.
1005 2554 1084 2589 silv.
1111 2553 1138 2594 Ι,
1165 2554 1197 2592 6,
1227 2555 1269 2591 1:
1296 2554 1360 2595 IV,
1382 2554 1415 2592 4,
1444 2554 1509 2595 95;
1536 2553 1577 2591 V,
1607 2554 1636 2594 1,

161 2610 245 2654 114;
282 2611 398 2648 Theb.
424 2613 507 2652 ΧΠ,
534 2613 620 2654 228;
659 2612 719 2647 Sil.
747 2613 807 2654 IV,
835 2613 919 2654 526;
958 2624 1066 2648 nemo
1092 2613 1238 2659 saepius
1264 2625 1374 2658 quam
1401 2613 1515 2652 Mars,
1542 2612 1638 2657 ideo,

160 2670 203 2708 ut
225 2669 382 2712 videtur,
413 2672 513 2717 quod
528 2673 638 2717 pater
664 2673 721 2708 est
737 2672 970 2708 conditorum
994 2672 1095 2707 urbis
1120 2672 1277 2708 Romae:
1305 2671 1415 2716 Verg.
1442 2673 1532 2707 Aen.
1560 2671 1638 2715 XII,
