1890 3100
185 234 272 277 526
709 232 744 268 c.
772 234 954 269 VALERI
979 234 1154 270 FLACCI

293 357 457 402 perstat,
489 357 530 390 et
558 351 727 390 adverso
756 352 951 391 luctantia
979 353 1131 391 lumina
1160 359 1279 391 cantu

295 417 425 454 obruit
454 423 575 468 atque
605 431 762 456 omnem
791 418 1011 471 linguaque
1041 432 1242 470 manuque
1271 419 1413 470 fatigat

291 482 373 519 vim
392 481 600 533 Stygiam,
631 482 819 522 ardentes
850 483 980 522 donec
1010 497 1129 535 sopor
1158 475 1328 535 occupet
1355 484 1446 522 iras.

293 547 454 599 iamque
483 546 590 586 altae
621 547 803 587 cecidere
833 549 964 595 iubae,
995 554 1190 601 nutatque
1221 554 1402 587 coactum

296 612 375 650 iam
404 617 523 663 caput
553 618 674 665 atque
703 613 846 664 ingens
878 619 993 652 extra
1023 627 1096 651 sua
1123 613 1278 652 vellera
1307 614 1455 661 cervix,

293 690 367 715 ceu
396 677 571 716 refluens
599 677 734 716 Padus
765 685 834 716 aut
863 685 1016 730 septem
1048 679 1249 730 proiectus
1279 679 1320 716 in
1349 692 1486 718 amnes

290 743 407 780 Nilus
438 748 478 781 et
506 743 751 794 Hesperium
778 744 946 782 veniens
976 744 1158 796 Alpheos
1187 745 1228 782 in
1260 744 1409 783 orbem.

291 808 379 859 ipsa
409 813 528 859 caput
557 809 637 846 cari
666 814 879 860 postquam
907 809 1055 847 Medea
1084 808 1267 847 draconis

185 908 396 949 madentewm
437 907 499 943 Sil.
535 907 578 942 X.
618 907 688 942 356
726 912 875 953 tanqens
906 908 1064 943 Lethaea
1102 913 1262 953 tempora
1291 909 1411 955 virya;
1447 909 1534 945 vide
1566 909 1682 945 etiam

187 967 309 1013 Apoll.
336 967 398 1011 IV,
426 967 495 1001 156
522 978 621 1011 seqq.

278 1032 335 1068 84.
386 1032 577 1067 Audacter
609 1031 757 1077 quidem
789 1032 855 1067 sed
880 1044 955 1067 non
988 1032 1144 1068 obscure
1169 1032 1340 1068 Valerius
1372 1028 1522 1069 silentia
1547 1032 1682 1068 tribuit

188 1103 293 1127 ramo
319 1091 340 1126 i.
370 1102 400 1127 e.
426 1091 501 1136 vim
529 1091 668 1126 silentii
693 1091 866 1127 faciendi

278 1156 335 1191 85.
386 1157 560 1192 luctantia
586 1157 740 1192 lumina:
766 1156 828 1192 Sil.
855 1157 932 1198 VII,
960 1157 1040 1194 205.

223 1231 226 1233 ·
278 1222 335 1258 86.
382 1222 518 1267 fatiyat
553 1223 623 1257 vim
651 1222 814 1268 Styyiavn
851 1222 875 1259 i.
911 1234 940 1258 e.
968 1222 1088 1257 utitur
1114 1233 1159 1256 ea
1184 1233 1300 1267 usque
1327 1222 1376 1257 ad
1402 1221 1680 1267 fatigationem,

185 1282 247 1316 cfr.
275 1281 317 1326 V,
358 1282 444 1324 1413
485 1282 546 1320 Sil.
587 1283 616 1328 Ι,
655 1283 723 1317 675
762 1294 934 1327 curasque
957 1283 1131 1328 fatiyant;
1158 1282 1236 1323 VH,
1274 1283 1345 1317 492
1379 1283 1442 1328 qui
1466 1284 1571 1318 tertia
1595 1282 1684 1318 bella

180 1341 324 1386 fatiyet;
351 1340 446 1377 Stat.
474 1342 564 1377 Ach.
592 1343 618 1387 Ι,
648 1342 715 1376 104
748 1346 871 1386 coepta
902 1342 1035 1387 fatiyat
1055 1346 1200 1386 pectore
1225 1343 1390 1384 consilia3
1417 1341 1495 1377 Iuv.
1524 1341 1584 1384 VI,
1611 1341 1682 1376 442

183 1411 284 1436 nemo
309 1401 423 1440 tubas,
450 1412 549 1437 nemo
575 1412 661 1436 aera
684 1402 821 1446 fatiget.
856 1401 930 1436 Cfr.
958 1401 1007 1436 ad
1032 1401 1097 1442 ΙΙΙ,
1125 1401 1184 1438 21.

278 1459 454 1495 88-125.
506 1461 642 1496 desunt
666 1460 705 1495 in
730 1460 925 1496 Vaticano.

277 1525 333 1560 89.
385 1530 486 1560 extra
510 1537 578 1561 sua
603 1526 731 1560 vellera
756 1527 890 1567 σηπία
918 1527 1020 1561 recte
1046 1525 1163 1561 verba
1190 1525 1354 1570 explicat
1375 1525 1570 1560 Burmann
1596 1524 1679 1561 coll.

181 1584 264 1629 VII,
292 1580 382 1626 525}
416 1585 528 1619 draco
567 1584 674 1629 spiris
714 1585 898 1627 arborem,
938 1595 982 1620 ex
1021 1595 1092 1629 qua
1118 1584 1260 1619 vellera
1296 1583 1473 1629 pendent,
1508 1582 1684 1629 amplecti

183 1644 299 1681 solet:
330 1645 412 1678 tum
444 1643 568 1679 cervix
600 1643 676 1678 iam
707 1655 836 1678 somno
869 1643 970 1678 victa
997 1645 1035 1679 et
1060 1642 1239 1688 languida
1266 1643 1313 1678 ab
1340 1642 1474 1678 arbore
1500 1642 1682 1687 simulque

183 1714 206 1738 a
230 1703 432 1739 velleribus
457 1703 496 1737 in
521 1704 663 1738 terram
690 1696 912 1738 demittitur.

277 1762 335 1799 90.
387 1761 624 1807 Comparatio
662 1762 753 1797 satis
786 1762 944 1797 obseura
977 1763 1015 1797 et
1040 1761 1146 1796 varia
1172 1761 1318 1796 ratione
1340 1760 1542 1806 explicata.
1595 1752 1682 1796 Sine

183 1821 297 1857 dubio
323 1833 346 1856 a
370 1833 461 1857 vero
494 1821 686 1857 aberravit
711 1822 895 1870 Wagner,
908 1822 1018 1866 ratus
1044 1820 1344 1867 magnitudinem
1374 1820 1572 1856 fluviorum
1598 1831 1683 1856 cum

183 1881 443 1926 magnitudine
480 1881 643 1926 ingentis
676 1881 832 1917 cervicis
876 1881 1101 1927 comparari;
1140 1892 1262 1925 neque
1298 1880 1495 1926 probanda
1532 1879 1682 1915 videtur

182 1940 422 1986 Peerlkampi
461 1943 499 1976 et
526 1940 720 1976 Koestliniae
745 1940 944 1981 sententia,
984 1952 1056 1985 qua
1093 1941 1232 1985 putant
1257 1939 1449 1975 Valerium
1491 1939 1538 1974 de
1575 1938 1681 1974 inun-

184 1999 333 2035 datione
370 1999 565 2035 fluviorum
604 1999 738 2040 dicere,
779 2000 877 2044 quod
915 1999 953 2034 in
981 1999 1162 2044 Alpheum
1187 2010 1261 2034 non
1287 1998 1403 2038 cadit:
1440 1997 1606 2043 proxime
1632 1997 1683 2033 ad

184 2058 386 2094 veritatem
422 2059 574 2094 videtur
598 2059 791 2093 Burmann
831 2058 1039 2102 accessisse,
1078 2069 1302 2103 quamquam
1337 2057 1486 2092 diversa
1510 2057 1682 2095 miscens.

183 2117 270 2153 Mea
296 2118 485 2154 sententia
517 2106 757 2164 comparatur
790 2119 902 2154 ardor
936 2118 1108 2154 draconis
1133 2118 1208 2154 iam
1243 2118 1425 2163 languens
1452 2129 1536 2153 cum
1560 2115 1681 2151 fluviis

184 2177 297 2212 antea
323 2177 531 2222 rapacibus,
558 2178 620 2222 qui
645 2177 684 2212 in
709 2189 814 2213 mare
840 2179 1019 2214 exeuntes
1044 2177 1121 2212 iam
1148 2177 1233 2213 ‘leni
1258 2177 1379 2212 fluunt
1392 2176 1564 2222 agmine',
1591 2174 1681 2221 quin

190 2236 304 2273 etiam
329 2235 423 2271 Padi
446 2238 568 2271 undae
593 2237 782 2272 interdum
807 2237 970 2272 refluunt
987 2237 1102 2271 fluctu
1120 2236 1234 2271 maris
1251 2236 1434 2281 repulsae,
1463 2234 1530 2272 cfr.
1551 2233 1680 2270 Claud.

182 2295 304 2331 laudis
330 2294 456 2330 Seren.
483 2294 529 2329 79
555 2306 630 2340 seq.
680 2307 836 2340 quaeque
872 2297 1066 2331 oelabentes
1089 2296 1208 2331 undas
1245 2299 1446 2339 aestumque
1469 2297 1608 2330 sec-atae
1633 2293 1683 2328 In

181 2355 312 2397 refluos
335 2364 458 2389 venere
477 2355 603 2398 palam
629 2354 800 2389 Nereides
825 2366 961 2396 anmes;
988 2354 1063 2389 Nili
1089 2366 1208 2399 aquae
1232 2354 1431 2389 tardantur
1456 2347 1682 2388 distributae

184 2414 223 2449 in
261 2408 407 2459 septem
445 2424 582 2454 amnes
622 2413 721 2458 quod
746 2415 884 2459 poetae
912 2414 1027 2449 etiam
1059 2414 1107 2449 de
1131 2413 1237 2449 Pado
1270 2413 1411 2448 licebat
1436 2411 1572 2452 dicere,
1613 2410 1679 2447 cfr.

183 2468 276 2509 Plin.
309 2474 385 2508 nat.
425 2472 510 2507 hist.
549 2472 618 2514 ΠΙ,
661 2472 743 2514 119;
782 2472 948 2518 Alpheus
975 2473 1136 2518 denique
1161 2474 1246 2518 post
1273 2471 1431 2507 celerem
1457 2470 1563 2505 illam
1588 2470 1681 2506 Are-

184 2533 320 2568 thusae
343 2531 645 2578 persecutionem
669 2533 870 2576 postquam
895 2543 981 2566 suas
1000 2543 1113 2577 aquas
1132 2532 1340 2567 Arethusae
1356 2529 1516 2571 miscuit,
1542 2529 1680 2565 leniter

182 2591 258 2627 iam
282 2590 445 2637 profluit.

279 2654 409 2695 septem
441 2651 624 2695 proiectus
653 2650 693 2685 in
719 2660 840 2684 amnes
866 2649 990 2696 Nilus;
1023 2648 1090 2685 cfr.
1118 2649 1246 2684 Avien
1281 2618 1361 2684 orb
1387 2647 1457 2682 525
1482 2648 1565 2683 hino
1588 2648 1682 2683 iacet

182 2710 223 2745 in
242 2710 390 2754 patulos
408 2709 571 2753 proiecta
599 2708 767 2744 Calabria
793 2719 945 2752 campos
