1890 3100
615 225 1010 264 ARGONAVTICON
1030 226 1178 261 LIBER
1203 225 1265 260 IV.
1622 227 1707 269 281

383 350 549 401 Iamque
578 348 655 386 iter
683 346 735 385 ad
761 347 941 385 Teucros
971 350 1092 397 atque
1121 344 1282 395 hospita
1309 344 1473 382 moenia
1495 343 1642 382 Troiae

328 415 496 454 flexerat
522 413 637 451 Iliaci
663 417 851 464 repetens
879 410 1076 463 promissa
1102 410 1275 461 tyranni,

330 494 419 518 cum
446 484 599 517 maesto
627 478 783 516 Latona
810 475 928 515 simul
955 476 1169 528 Dianaque
1197 474 1315 513 vultu
1709 483 1746 512 60

328 551 421 583 ante
449 544 588 583 Iovem
617 543 728 581 stetit
756 548 797 581 et
825 541 998 593 supplex
1026 541 1082 579 sic
1111 540 1217 578 fatur
1243 539 1410 592 Apollo:

329 610 382 648 ‘in
410 622 530 661 quem
558 607 682 646 alium
707 606 893 653 Alciden,
922 607 964 644 in
994 619 1096 658 quae
1125 606 1204 643 iam
1231 611 1414 656 tempora
1442 604 1576 643 differs

330 674 592 720 Caucaseum,
621 685 695 711 rex
721 685 880 723 magne,
910 670 1074 710 senem?
1102 670 1309 709 nullumne
1338 670 1531 708 malorum

221 798 304 843 VH,
329 798 415 844 373;
441 798 528 840 412;
567 796 727 842 denique
753 807 797 832 eo
821 796 914 837 loco,
940 795 1040 830 unde
1066 794 1271 840 disputatio
1296 794 1445 829 initium
1469 794 1571 830 fecit.
1616 793 1710 829 Con-

220 857 319 893 sulto
345 856 451 892 omisi
475 855 599 892 omnia
626 867 671 892 ea
691 855 872 901 exempla,
897 854 937 890 in
962 854 1094 899 quibus
1120 853 1248 889 dativo
1267 853 1398 889 addito
1416 853 1533 888 dandi
1550 853 1708 888 verbum

221 916 271 951 ad
306 915 456 951 solitam
491 914 684 950 notionem
713 914 863 949 videtur
894 913 1085 950 accedere.
1134 912 1225 949 Ideo
1261 914 1390 948 autem
1420 913 1460 947 in
1485 913 1556 947 hac
1580 923 1622 948 re
1648 923 1710 948 ex-

218 978 394 1021 ponenda
417 974 542 1019 paullo
567 973 714 1019 longior
739 973 804 1015 fui,
831 973 918 1018 quia
944 984 989 1008 ex
1012 973 1214 1008 verborum
1238 972 1422 1008 indicibus
1440 971 1539 1007 notis
1555 971 1709 1007 minime

219 1035 387 1080 apparet,
412 1045 524 1079 quam
547 1033 624 1069 late
649 1033 709 1068 hic
734 1045 820 1068 usus
846 1032 947 1078 apud
971 1033 1103 1078 poetas
1127 1032 1306 1078 patuerit.
1358 1031 1433 1070 cfr.
1452 1031 1567 1068 etiam
1584 1031 1710 1067 Thiel-

218 1105 334 1129 mann
359 1093 437 1128 ‘das
461 1093 619 1128 verbum
646 1092 745 1128 dare’
770 1105 807 1138 p.
833 1091 879 1127 28
905 1103 1005 1137 seqq.
1034 1094 1073 1128 et
1098 1091 1142 1126 77
1169 1103 1268 1138 seqq.

314 1152 371 1189 De
407 1152 587 1198 perfectis
612 1152 707 1187 dedit
745 1154 783 1188 et
806 1152 951 1187 sustulit
987 1151 1054 1187 cfr.
1093 1151 1142 1186 ad
1165 1151 1237 1192 111,
1273 1151 1362 1193 738;
1388 1162 1426 1187 se
1449 1151 1595 1186 sustulit
1619 1151 1707 1186 alis:

221 1212 334 1257 Verg.
358 1212 450 1247 Aen.
475 1211 518 1251 V,
544 1211 630 1253 657;
657 1211 720 1252 IX,
748 1211 803 1245 14.

315 1270 372 1306 61.
421 1271 517 1306 stetit
540 1290 588 1296 —
609 1270 727 1312 fatum
755 1269 802 1306 de
827 1269 1013 1305 varietate
1039 1271 1250 1315 temporum
1275 1269 1342 1305 cfr.
1370 1270 1419 1304 ad
1442 1269 1512 1309 111,
1538 1269 1625 1315 509;
1660 1268 1707 1304 de

221 1329 402 1375 singulari
425 1340 580 1364 numero
610 1330 706 1364 stetit
736 1329 785 1364 ad
815 1328 884 1369 ΠΙ,
923 1329 1009 1371 228;
1047 1328 1260 1374 perfectum
1284 1330 1412 1364 autem
1435 1330 1531 1364 stetit
1556 1328 1710 1374 ponitur

222 1389 356 1425 eadem
380 1388 460 1424 fere
484 1388 682 1429 sententia,
709 1399 782 1433 qua
819 1399 932 1433 saepe
970 1388 1130 1423 aoristus
1166 1387 1206 1422 in
1231 1387 1376 1423 Graeca
1413 1387 1543 1433 lingua
1580 1399 1710 1423 eorum

220 1442 436 1493 verborum,
462 1458 558 1493 quae
595 1449 735 1482 statum
761 1447 925 1492 aliquem
950 1447 1179 1492 significant,
1207 1447 1257 1482 ad
1289 1458 1374 1483 eam
1399 1447 1587 1482 actionem
1611 1446 1705 1482 indi-

221 1507 397 1549 candam,
437 1518 482 1542 ex
507 1518 580 1551 qua
606 1507 726 1542 status
750 1506 814 1542 ille
839 1508 1035 1554 sequatur3
1071 1507 1169 1542 stetit
1192 1506 1309 1552 igitur
1334 1508 1392 1542 est
1416 1507 1486 1542 hoc
1522 1506 1605 1542 loco
1644 1506 1708 1542 ‘sie

219 1566 300 1602 trat
337 1567 418 1612 (vor
453 1566 535 1610 ihn)
574 1565 667 1611 hin‘3
704 1566 756 1601 sic
788 1565 848 1607 IV,
881 1565 951 1601 583
992 1567 1104 1611 (cum)
1142 1566 1266 1610 rapidi
1301 1567 1460 1601 steterint
1497 1567 1535 1601 in
1569 1567 1711 1611 yuryite

218 1623 353 1662 montes
378 1632 496 1661 ‘wenn
521 1625 574 1661 sie
601 1626 736 1661 stehen
761 1625 963 1670 geblieben
988 1625 1099 1666 sind’;
1125 1624 1173 1666 IL
1198 1625 1269 1660 404
1293 1625 1396 1661 modo
1420 1636 1528 1661 saeva
1543 1626 1710 1670 quierunt

220 1695 375 1730 aequora
400 1684 494 1720 ‘sind
518 1697 582 1719 zur
605 1685 712 1721 Ruhe
747 1684 1001 1730 gekommen';
1038 1684 1099 1726 1V,
1139 1685 1208 1719 172
1245 1686 1374 1730 quierit
1411 1688 1531 1730 ‘moge
1571 1696 1610 1720 er
1647 1697 1711 1720 zur

219 1745 327 1782 Ruhe
363 1745 588 1791 gekommen
624 1746 733 1790 sein’;
769 1745 877 1791 Verg.
916 1746 1008 1781 Aen.
1045 1744 1127 1786 VIL
1166 1745 1188 1779 6
1214 1749 1406 1790 postquam
1437 1746 1513 1780 alta
1544 1745 1711 1790 quim-um

218 1816 391 1851 aequm-m
419 1805 486 1841 cfr.
512 1804 573 1846 IV,
600 1805 686 1847 523;
712 1804 774 1846 VI,
800 1805 889 1849 226;
912 1805 1049 1841 Auson.
1075 1804 1169 1840 Mos.
1196 1805 1264 1840 178
1289 1805 1401 1840 medio
1427 1815 1504 1839 cum
1529 1805 1584 1839 sol
1611 1806 1709 1840 stetit

219 1875 350 1900 aureus
374 1865 472 1906 orbe;
521 1864 610 1900 Hor.
637 1875 695 1910 ep.
720 1863 768 1905 11,
797 1864 827 1905 1,
854 1863 924 1899 204
949 1875 1026 1909 seq.
1052 1868 1151 1899 actor
1175 1875 1253 1899 cum
1277 1865 1374 1900 stetit
1397 1865 1437 1900 in
1460 1874 1601 1908 scaena,
1627 1874 1709 1899 con-

220 1923 333 1959 cun-it
358 1923 503 1958 dextera
527 1923 661 1969 laevae3
686 1923 733 1958 83
756 1924 811 1958 vel
834 1924 919 1968 quia
942 1924 997 1958 nil
1031 1927 1179 1964 rectum,
1217 1925 1290 1959 nisi
1326 1923 1422 1968 quod
1451 1924 1591 1968 placuit
1628 1924 1707 1963 sibi,

218 1983 355 2018 ducunt
379 1986 467 2017 ⁴*was
492 1982 556 2018 bei
579 1982 695 2018 ihnen
720 1981 895 2018 Gefallen
919 1982 1112 2028 gefundeu
1137 1983 1229 2020 hat'.

313 2041 439 2077 Iovem
462 2041 636 2087 precibus
662 2041 829 2077 Latonae
855 2043 1006 2086 eiusque
1038 2041 1241 2077 liberorum
1273 2043 1500 2078 commotum
1532 2054 1629 2089 esse,
1667 2045 1711 2078 ut

218 2099 418 2136 Herculem
441 2100 611 2136 mitteret
636 2100 686 2135 ad
709 2100 947 2136 liberandum
962 2100 1238 2145 Prometheum,
1263 2101 1343 2147 ipse
1367 2101 1536 2137 Valerius
1562 2102 1711 2138 videtur

218 2159 380 2196 finxisse.
422 2159 580 2195 Omnino
597 2159 691 2195 nihil
707 2159 754 2195 de
771 2160 997 2196 Prometheo
1013 2160 1176 2196 liberato
1192 2160 1331 2206 legitur
1345 2161 1446 2206 apud
1458 2161 1708 2207 Apollonium,

219 2218 287 2254 sed
310 2218 509 2255 Herculem
534 2213 588 2254 ad'
606 2219 854 2264 Eurystheum
886 2219 1040 2255 rediisse
1070 2221 1185 2265 poeta
1210 2231 1367 2265 graecus
1393 2222 1523 2255 narrat
1548 2220 1575 2262 L
1604 2221 1709 2256 1347.

219 2277 368 2313 Etenim
393 2278 507 2314 etiam
530 2278 571 2313 id
586 2277 756 2314 Valerius
782 2279 1011 2324 excogitavit
1036 2279 1086 2314 ad
1111 2290 1262 2315 carmen
1286 2292 1394 2315 suum
1417 2280 1709 2325 digressionibus

220 2336 438 2378 ornandum,
463 2337 503 2372 in
526 2337 609 2382 ipsa
633 2337 936 2382 Argonautarum
961 2338 1198 2383 expeditione
1215 2338 1481 2374 Prometheum
1506 2339 1710 2375 liberatum

221 2405 317 2437 esse;
361 2395 546 2431 Diodorus
584 2397 646 2434 lv.
686 2397 729 2431 15
766 2397 836 2432 hoc
874 2398 962 2432 ante
1001 2397 1279 2443 expeditionem
1315 2397 1459 2433 factum
1490 2410 1570 2434 esse
1606 2399 1707 2439 dicit,

221 2453 391 2499 Apollod.
420 2454 468 2500 Π,
504 2455 536 2500 5,
570 2456 625 2501 11,
652 2455 698 2491 10
733 2455 930 2492 Herculem
968 2456 1008 2491 id
1044 2456 1175 2492 fecisse
1213 2457 1510 2503 proficiscentem
1548 2458 1597 2493 ad
1633 2459 1709 2494 He-

222 2512 399 2558 sperides,
425 2519 598 2560 (quocum
624 2514 810 2550 consentit
826 2514 920 2560 Hyg.
948 2517 1036 2550 astr.
1062 2515 1109 2553 11,
1138 2516 1207 2561 15)
1234 2515 1383 2552 Servius
1410 2517 1459 2551 ad
1477 2519 1588 2562 Verg.
1615 2518 1708 2553 Aen.

221 2569 324 2608 VIII.
350 2571 421 2607 300
445 2572 493 2607 ab
520 2572 788 2618 Hesperidibus
812 2574 1043 2610 redeuntem.

316 2630 375 2667 62.
422 2642 521 2676 quem
546 2632 673 2674 alium3
709 2633 936 2679 synaloephe
967 2634 1164 2675 rarissima,
1199 2634 1263 2669 cfr.
1301 2634 1426 2670 Muell.
1460 2635 1506 2670 de
1533 2646 1573 2670 re
1598 2637 1707 2671 metr,

223 2699 264 2733 p.
287 2688 357 2724 283
383 2691 430 2734 (p.
457 2690 527 2725 393
553 2691 608 2726 ed.
637 2691 728 2738 alt).
