<?xml version="1.0" encoding="UTF-8"?>
<!DOCTYPE html PUBLIC "-//W3C//DTD XHTML 1.0 Transitional//EN"
    "http://www.w3.org/TR/xhtml1/DTD/xhtml1-transitional.dtd">
<html xmlns="http://www.w3.org/1999/xhtml" xml:lang="en" lang="en">
 <head>
  <title>
</title>
<meta http-equiv="Content-Type" content="text/html;charset=utf-8" />
  <meta name='ocr-system' content='tesseract 3.04.00' />
  <meta name='ocr-capabilities' content='ocr_page ocr_carea ocr_par ocr_line ocrx_word'/>
</head>
<body>
  <div class='ocr_page' id='page_1' title='image "argonauticonlibr00valeuoft_0301.png"; bbox 0 0 1890 3100; ppageno 0'>
   <div class='ocr_carea' id='block_1_1' title="bbox 0 0 295 159">
    <p class='ocr_par' dir='ltr' id='par_1_1' title="bbox 0 0 295 159">
     <span class='ocr_line' id='line_1_1' title="bbox 0 0 295 159; baseline 0 2941"><span class='ocrx_word' id='word_1_1' title='bbox 0 0 295 159; x_wconf 95' lang='lat' dir='ltr'><strong> </strong></span> 
     </span>
    </p>
   </div>
   <div class='ocr_carea' id='block_1_2' title="bbox 589 258 1672 302">
    <p class='ocr_par' dir='ltr' id='par_1_2' title="bbox 589 258 1672 302">
     <span class='ocr_line' id='line_1_2' title="bbox 589 258 1672 302; baseline -0.006 -5"><span class='ocrx_word' id='word_1_2' title='bbox 589 258 976 297; x_wconf 76' lang='lat' dir='ltr'><strong>ARGONAVTICON</strong></span> <span class='ocrx_word' id='word_1_3' title='bbox 998 258 1147 293; x_wconf 81' lang='lat' dir='ltr'><strong>LIBER</strong></span> <span class='ocrx_word' id='word_1_4' title='bbox 1171 258 1235 294; x_wconf 86' lang='lat' dir='ltr'><strong>IV.</strong></span> <span class='ocrx_word' id='word_1_5' title='bbox 1586 259 1672 302; x_wconf 84' lang='lat'><strong>283</strong></span> 
     </span>
    </p>
   </div>
   <div class='ocr_carea' id='block_1_3' title="bbox 293 375 1711 1005">
    <p class='ocr_par' dir='ltr' id='par_1_3' title="bbox 293 375 1711 1005">
     <span class='ocr_line' id='line_1_3' title="bbox 295 375 1478 434; baseline -0.006 -14"><span class='ocrx_word' id='word_1_6' title='bbox 295 381 501 434; x_wconf 86' lang='lat' dir='ltr'><strong>multaque</strong></span> <span class='ocrx_word' id='word_1_7' title='bbox 529 380 699 419; x_wconf 65' lang='lat' dir='ltr'><strong>desertov</strong></span> <span class='ocrx_word' id='word_1_8' title='bbox 717 390 915 417; x_wconf 82' lang='lat' dir='ltr'>memores</span> <span class='ocrx_word' id='word_1_9' title='bbox 943 390 1065 428; x_wconf 88' lang='lat' dir='ltr'><strong>super</strong></span> <span class='ocrx_word' id='word_1_10' title='bbox 1091 376 1271 416; x_wconf 81' lang='lat' dir='ltr'>Hercule</span> <span class='ocrx_word' id='word_1_11' title='bbox 1298 375 1478 414; x_wconf 84' lang='lat' dir='ltr'><strong>volvunt.</strong></span> 
     </span>
     <span class='ocr_line' id='line_1_4' title="bbox 293 441 1710 494; baseline -0.006 -9"><span class='ocrx_word' id='word_1_12' title='bbox 293 447 490 485; x_wconf 81' lang='lat' dir='ltr'><strong>Thracius</strong></span> <span class='ocrx_word' id='word_1_13' title='bbox 518 451 560 483; x_wconf 86' lang='lat' dir='ltr'><strong>at</strong></span> <span class='ocrx_word' id='word_1_14' title='bbox 587 458 742 483; x_wconf 87' lang='lat' dir='ltr'><strong>summa</strong></span> <span class='ocrx_word' id='word_1_15' title='bbox 769 443 887 482; x_wconf 88' lang='lat' dir='ltr'><strong>sociis</strong></span> <span class='ocrx_word' id='word_1_16' title='bbox 916 456 939 482; x_wconf 90' lang='lat' dir='ltr'><strong>e</strong></span> <span class='ocrx_word' id='word_1_17' title='bbox 966 455 1101 494; x_wconf 83' lang='lat' dir='ltr'><strong>puppe</strong></span> <span class='ocrx_word' id='word_1_18' title='bbox 1129 441 1317 480; x_wconf 83' lang='lat' dir='ltr'><strong>sacerdos</strong></span> <span class='ocrx_word' id='word_1_19' title='bbox 1673 454 1710 483; x_wconf 90' lang='lat'><strong>85</strong></span> 
     </span>
     <span class='ocr_line' id='line_1_5' title="bbox 293 507 1371 550; baseline -0.006 0"><span class='ocrx_word' id='word_1_20' title='bbox 293 512 379 550; x_wconf 85' lang='lat' dir='ltr'><strong>fata</strong></span> <span class='ocrx_word' id='word_1_21' title='bbox 405 511 524 550; x_wconf 89' lang='lat' dir='ltr'><strong>deum</strong></span> <span class='ocrx_word' id='word_1_22' title='bbox 553 516 595 549; x_wconf 87' lang='lat' dir='ltr'><strong>et</strong></span> <span class='ocrx_word' id='word_1_23' title='bbox 620 510 792 548; x_wconf 78' lang='lat' dir='ltr'><strong>miserae</strong></span> <span class='ocrx_word' id='word_1_24' title='bbox 821 508 957 546; x_wconf 79' lang='lat' dir='ltr'><strong>solans</strong></span> <span class='ocrx_word' id='word_1_25' title='bbox 984 507 1237 546; x_wconf 89' lang='lat' dir='ltr'><strong>incommoda</strong></span> <span class='ocrx_word' id='word_1_26' title='bbox 1262 507 1371 545; x_wconf 85' lang='lat' dir='ltr'><strong>vitae</strong></span> 
     </span>
     <span class='ocr_line' id='line_1_6' title="bbox 295 572 1336 626; baseline -0.005 -11"><span class='ocrx_word' id='word_1_27' title='bbox 295 589 480 615; x_wconf 87' lang='lat' dir='ltr'><strong>securum</strong></span> <span class='ocrx_word' id='word_1_28' title='bbox 506 575 683 614; x_wconf 88' lang='lat' dir='ltr'><strong>numeris</strong></span> <span class='ocrx_word' id='word_1_29' title='bbox 711 575 795 626; x_wconf 84' lang='lat' dir='ltr'><strong>agit</strong></span> <span class='ocrx_word' id='word_1_30' title='bbox 822 580 864 612; x_wconf 87' lang='lat' dir='ltr'><strong>et</strong></span> <span class='ocrx_word' id='word_1_31' title='bbox 890 572 1129 612; x_wconf 84' lang='lat' dir='ltr'><strong>medicabile</strong></span> <span class='ocrx_word' id='word_1_32' title='bbox 1158 586 1336 619; x_wconf 81' lang='lat' dir='ltr'><strong>carmen3</strong></span> 
     </span>
     <span class='ocr_line' id='line_1_7' title="bbox 296 638 1375 694; baseline -0.005 -14"><span class='ocrx_word' id='word_1_33' title='bbox 296 655 375 694; x_wconf 83' lang='lat' dir='ltr'><strong>quo</strong></span> <span class='ocrx_word' id='word_1_34' title='bbox 404 641 522 680; x_wconf 84' lang='lat' dir='ltr'><strong>simul</strong></span> <span class='ocrx_word' id='word_1_35' title='bbox 549 639 761 691; x_wconf 86' lang='lat' dir='ltr'><strong>adsumpta</strong></span> <span class='ocrx_word' id='word_1_36' title='bbox 786 639 927 691; x_wconf 87' lang='lat' dir='ltr'><strong>pulsus</strong></span> <span class='ocrx_word' id='word_1_37' title='bbox 955 638 1035 677; x_wconf 90' lang='lat' dir='ltr'><strong>fide</strong></span> <span class='ocrx_word' id='word_1_38' title='bbox 1062 638 1195 676; x_wconf 89' lang='lat' dir='ltr'><strong>luctus</strong></span> <span class='ocrx_word' id='word_1_39' title='bbox 1225 644 1267 676; x_wconf 89' lang='lat' dir='ltr'><strong>et</strong></span> <span class='ocrx_word' id='word_1_40' title='bbox 1292 638 1375 676; x_wconf 89' lang='lat' dir='ltr'><strong>irae</strong></span> 
     </span>
     <span class='ocr_line' id='line_1_8' title="bbox 296 703 1271 755; baseline -0.005 -10"><span class='ocrx_word' id='word_1_41' title='bbox 296 712 339 745; x_wconf 83' lang='lat' dir='ltr'><strong>et</strong></span> <span class='ocrx_word' id='word_1_42' title='bbox 364 706 489 753; x_wconf 85' lang='lat' dir='ltr'><strong>labor,</strong></span> <span class='ocrx_word' id='word_1_43' title='bbox 519 711 561 744; x_wconf 90' lang='lat' dir='ltr'><strong>et</strong></span> <span class='ocrx_word' id='word_1_44' title='bbox 587 704 727 743; x_wconf 82' lang='lat' dir='ltr'><strong>dulces</strong></span> <span class='ocrx_word' id='word_1_45' title='bbox 756 703 905 743; x_wconf 88' lang='lat' dir='ltr'><strong>cedunt</strong></span> <span class='ocrx_word' id='word_1_46' title='bbox 933 717 955 742; x_wconf 91' lang='lat' dir='ltr'><strong>e</strong></span> <span class='ocrx_word' id='word_1_47' title='bbox 983 709 1148 755; x_wconf 86' lang='lat' dir='ltr'><strong>pectore</strong></span> <span class='ocrx_word' id='word_1_48' title='bbox 1175 703 1271 741; x_wconf 85' lang='lat' dir='ltr'><strong>nati.</strong></span> 
     </span>
     <span class='ocr_line' id='line_1_9' title="bbox 347 768 1711 821; baseline -0.002 -13"><span class='ocrx_word' id='word_1_49' title='bbox 347 771 511 810; x_wconf 78' lang='lat' dir='ltr'><strong>Interea</strong></span> <span class='ocrx_word' id='word_1_50' title='bbox 536 771 672 821; x_wconf 82' lang='lat' dir='ltr'><strong>magni</strong></span> <span class='ocrx_word' id='word_1_51' title='bbox 698 770 778 808; x_wconf 85' lang='lat' dir='ltr'><strong>iam</strong></span> <span class='ocrx_word' id='word_1_52' title='bbox 796 770 875 808; x_wconf 88' lang='lat' dir='ltr'><strong>iam</strong></span> <span class='ocrx_word' id='word_1_53' title='bbox 904 768 1170 807; x_wconf 82' lang='lat' dir='ltr'><strong>subeuntibus</strong></span> <span class='ocrx_word' id='word_1_54' title='bbox 1199 769 1316 807; x_wconf 82' lang='lat' dir='ltr'><strong>astris</strong></span> <span class='ocrx_word' id='word_1_55' title='bbox 1673 773 1711 801; x_wconf 84' lang='lat'><strong>90</strong></span> 
     </span>
     <span class='ocr_line' id='line_1_10' title="bbox 298 834 1158 887; baseline -0.005 -12"><span class='ocrx_word' id='word_1_56' title='bbox 298 835 453 876; x_wconf 78' lang='lat' dir='ltr'><strong>Oceani</strong></span> <span class='ocrx_word' id='word_1_57' title='bbox 481 835 658 887; x_wconf 87' lang='lat' dir='ltr'><strong>genitale</strong></span> <span class='ocrx_word' id='word_1_58' title='bbox 687 841 818 886; x_wconf 85' lang='lat' dir='ltr'><strong>caput,</strong></span> <span class='ocrx_word' id='word_1_59' title='bbox 845 835 1007 873; x_wconf 83' lang='lat' dir='ltr'><strong>Titania</strong></span> <span class='ocrx_word' id='word_1_60' title='bbox 1033 834 1158 872; x_wconf 71' lang='lat' dir='ltr'><strong>stenis</strong></span> 
     </span>
     <span class='ocr_line' id='line_1_11' title="bbox 296 899 1357 951; baseline -0.003 -11"><span class='ocrx_word' id='word_1_61' title='bbox 296 907 411 940; x_wconf 76' lang='lat' dir='ltr'><strong>antra</strong></span> <span class='ocrx_word' id='word_1_62' title='bbox 439 907 600 949; x_wconf 83' lang='lat' dir='ltr'><strong>sonant3</strong></span> <span class='ocrx_word' id='word_1_63' title='bbox 630 900 703 939; x_wconf 89' lang='lat' dir='ltr'><strong>Sol</strong></span> <span class='ocrx_word' id='word_1_64' title='bbox 731 900 941 938; x_wconf 87' lang='lat' dir='ltr'><strong>auricomis</strong></span> <span class='ocrx_word' id='word_1_65' title='bbox 969 899 1205 951; x_wconf 87' lang='lat' dir='ltr'><strong>urgentibus</strong></span> <span class='ocrx_word' id='word_1_66' title='bbox 1233 899 1357 938; x_wconf 85' lang='lat' dir='ltr'><strong>Horis</strong></span> 
     </span>
     <span class='ocr_line' id='line_1_12' title="bbox 294 964 1276 1005; baseline -0.002 -1"><span class='ocrx_word' id='word_1_67' title='bbox 294 965 534 1005; x_wconf 86' lang='lat' dir='ltr'><strong>multifidum</strong></span> <span class='ocrx_word' id='word_1_68' title='bbox 559 966 676 1004; x_wconf 84' lang='lat' dir='ltr'><strong>iubar</strong></span> <span class='ocrx_word' id='word_1_69' title='bbox 702 971 744 1004; x_wconf 91' lang='lat' dir='ltr'><strong>et</strong></span> <span class='ocrx_word' id='word_1_70' title='bbox 771 965 934 1004; x_wconf 87' lang='lat' dir='ltr'><strong>bisseno</strong></span> <span class='ocrx_word' id='word_1_71' title='bbox 963 964 1094 1003; x_wconf 90' lang='lat' dir='ltr'><strong>sidere</strong></span> <span class='ocrx_word' id='word_1_72' title='bbox 1122 969 1276 1003; x_wconf 81' lang='lat' dir='ltr'><strong>textam</strong></span> 
     </span>
    </p>
   </div>
   <div class='ocr_carea' id='block_1_4' title="bbox 187 1046 471 1053">
    <p class='ocr_par' dir='ltr' id='par_1_4' title="bbox 187 1046 471 1053">
     <span class='ocr_line' id='line_1_13' title="bbox 187 1046 471 1053; baseline 0 2047"><span class='ocrx_word' id='word_1_73' title='bbox 187 1046 471 1053; x_wconf 95' lang='lat' dir='ltr'><strong> </strong></span> 
     </span>
    </p>
   </div>
   <div class='ocr_carea' id='block_1_5' title="bbox 190 1087 1676 1197">
    <p class='ocr_par' dir='ltr' id='par_1_5' title="bbox 190 1087 1676 1197">
     <span class='ocr_line' id='line_1_14' title="bbox 281 1087 1676 1135; baseline -0.003 -9"><span class='ocrx_word' id='word_1_74' title='bbox 281 1091 339 1127; x_wconf 84' lang='lat'><strong>85.</strong></span> <span class='ocrx_word' id='word_1_75' title='bbox 388 1094 428 1126; x_wconf 84' lang='lat' dir='ltr'><strong>at</strong></span> <span class='ocrx_word' id='word_1_76' title='bbox 465 1092 552 1135; x_wconf 72' lang='lat' dir='ltr'><strong>(ast)</strong></span> <span class='ocrx_word' id='word_1_77' title='bbox 590 1090 801 1126; x_wconf 88' lang='lat' dir='ltr'><strong>coniunctio</strong></span> <span class='ocrx_word' id='word_1_78' title='bbox 836 1089 958 1135; x_wconf 85' lang='lat' dir='ltr'><strong>primo</strong></span> <span class='ocrx_word' id='word_1_79' title='bbox 995 1089 1208 1125; x_wconf 81' lang='lat' dir='ltr'><strong>sententiae</strong></span> <span class='ocrx_word' id='word_1_80' title='bbox 1243 1088 1428 1124; x_wconf 83' lang='lat' dir='ltr'><strong>vocabulo</strong></span> <span class='ocrx_word' id='word_1_81' title='bbox 1464 1087 1676 1133; x_wconf 86' lang='lat' dir='ltr'><strong>postposita</strong></span> 
     </span>
     <span class='ocr_line' id='line_1_15' title="bbox 190 1147 1493 1197; baseline -0.002 -12"><span class='ocrx_word' id='word_1_82' title='bbox 190 1150 378 1196; x_wconf 79' lang='lat' dir='ltr'><strong>reperitur</strong></span> <span class='ocrx_word' id='word_1_83' title='bbox 402 1150 519 1186; x_wconf 85' lang='lat' dir='ltr'><strong>etiam</strong></span> <span class='ocrx_word' id='word_1_84' title='bbox 542 1149 571 1190; x_wconf 82' lang='lat'><strong>1,</strong></span> <span class='ocrx_word' id='word_1_85' title='bbox 597 1150 684 1197; x_wconf 78' lang='lat'>2643</span> <span class='ocrx_word' id='word_1_86' title='bbox 709 1149 758 1191; x_wconf 89' lang='grc' dir='ltr'><strong>Π,</strong></span> <span class='ocrx_word' id='word_1_87' title='bbox 783 1149 872 1196; x_wconf 83' lang='grc'>437;</span> <span class='ocrx_word' id='word_1_88' title='bbox 897 1149 941 1190; x_wconf 83' lang='lat' dir='ltr'><strong>V,</strong></span> <span class='ocrx_word' id='word_1_89' title='bbox 968 1148 1055 1193; x_wconf 80' lang='lat'>5483</span> <span class='ocrx_word' id='word_1_90' title='bbox 1083 1148 1146 1190; x_wconf 83' lang='lat' dir='ltr'><strong>VI,</strong></span> <span class='ocrx_word' id='word_1_91' title='bbox 1173 1148 1240 1183; x_wconf 87' lang='lat'><strong>197</strong></span> <span class='ocrx_word' id='word_1_92' title='bbox 1249 1164 1259 1195; x_wconf 86' lang='lat'>;</span> <span class='ocrx_word' id='word_1_93' title='bbox 1283 1147 1386 1188; x_wconf 84' lang='lat' dir='ltr'><strong>vm,</strong></span> <span class='ocrx_word' id='word_1_94' title='bbox 1412 1148 1493 1183; x_wconf 81' lang='lat'>255.</span> 
     </span>
    </p>
   </div>
   <div class='ocr_carea' id='block_1_6' title="bbox 188 1217 1678 1622">
    <p class='ocr_par' dir='ltr' id='par_1_6' title="bbox 188 1217 1678 1622">
     <span class='ocr_line' id='line_1_16' title="bbox 282 1217 1676 1265; baseline -0.004 -8"><span class='ocrx_word' id='word_1_95' title='bbox 282 1221 341 1258; x_wconf 84' lang='lat'><strong>87.</strong></span> <span class='ocrx_word' id='word_1_96' title='bbox 390 1232 550 1256; x_wconf 76' lang='lat' dir='ltr'><strong>securum</strong></span> <span class='ocrx_word' id='word_1_97' title='bbox 573 1232 724 1262; x_wconf 78' lang='lat' dir='ltr'><strong>carmen,</strong></span> <span class='ocrx_word' id='word_1_98' title='bbox 749 1220 773 1257; x_wconf 87' lang='lat' dir='ltr'><strong>i.</strong></span> <span class='ocrx_word' id='word_1_99' title='bbox 801 1232 834 1257; x_wconf 88' lang='lat' dir='ltr'><strong>e.</strong></span> <span class='ocrx_word' id='word_1_100' title='bbox 859 1220 960 1265; x_wconf 88' lang='lat' dir='ltr'><strong>quod</strong></span> <span class='ocrx_word' id='word_1_101' title='bbox 984 1220 1113 1264; x_wconf 82' lang='lat' dir='ltr'><strong>faciat,</strong></span> <span class='ocrx_word' id='word_1_102' title='bbox 1138 1221 1183 1254; x_wconf 93' lang='lat' dir='ltr'><strong>ut</strong></span> <span class='ocrx_word' id='word_1_103' title='bbox 1206 1219 1375 1255; x_wconf 87' lang='lat' dir='ltr'><strong>homines</strong></span> <span class='ocrx_word' id='word_1_104' title='bbox 1408 1229 1515 1254; x_wconf 86' lang='lat' dir='ltr'><strong>curas</strong></span> <span class='ocrx_word' id='word_1_105' title='bbox 1544 1217 1676 1253; x_wconf 84' lang='lat' dir='ltr'><strong>oblivi-</strong></span> 
     </span>
     <span class='ocr_line' id='line_1_17' title="bbox 189 1278 1678 1326; baseline -0.002 -10"><span class='ocrx_word' id='word_1_106' title='bbox 189 1282 352 1322; x_wconf 76' lang='lat' dir='ltr'><strong>scantur,</strong></span> <span class='ocrx_word' id='word_1_107' title='bbox 378 1280 651 1326; x_wconf 87' lang='lat' dir='ltr'><strong>significatione</strong></span> <span class='ocrx_word' id='word_1_108' title='bbox 667 1280 867 1320; x_wconf 80' lang='lat' dir='ltr'><strong>rarissima,</strong></span> <span class='ocrx_word' id='word_1_109' title='bbox 893 1279 960 1315; x_wconf 84' lang='lat' dir='ltr'><strong>sed</strong></span> <span class='ocrx_word' id='word_1_110' title='bbox 985 1280 1051 1315; x_wconf 81' lang='lat' dir='ltr'><strong>cfr.</strong></span> <span class='ocrx_word' id='word_1_111' title='bbox 1078 1278 1144 1314; x_wconf 82' lang='lat' dir='ltr'><strong>Ov.</strong></span> <span class='ocrx_word' id='word_1_112' title='bbox 1164 1290 1209 1314; x_wconf 84' lang='lat' dir='ltr'><strong>ex</strong></span> <span class='ocrx_word' id='word_1_113' title='bbox 1225 1279 1335 1315; x_wconf 90' lang='lat' dir='ltr'><strong>Pont.</strong></span> <span class='ocrx_word' id='word_1_114' title='bbox 1351 1278 1402 1320; x_wconf 90' lang='grc' dir='ltr'><strong>Π,</strong></span> <span class='ocrx_word' id='word_1_115' title='bbox 1420 1279 1453 1319; x_wconf 83' lang='grc'><strong>4,</strong></span> <span class='ocrx_word' id='word_1_116' title='bbox 1471 1278 1518 1313; x_wconf 82' lang='grc'><strong>23</strong></span> <span class='ocrx_word' id='word_1_117' title='bbox 1533 1289 1678 1314; x_wconf 76' lang='lat' dir='ltr'><strong>securae</strong></span> 
     </span>
     <span class='ocr_line' id='line_1_18' title="bbox 191 1338 1677 1384; baseline -0.002 -9"><span class='ocrx_word' id='word_1_118' title='bbox 191 1341 325 1375; x_wconf 71' lang='lat' dir='ltr'><strong>biberes</strong></span> <span class='ocrx_word' id='word_1_119' title='bbox 347 1341 381 1375; x_wconf 72' lang='grc' dir='ltr'><strong>εἰ</strong></span> <span class='ocrx_word' id='word_1_120' title='bbox 397 1340 532 1384; x_wconf 72' lang='lat' dir='ltr'><strong>pocula</strong></span> <span class='ocrx_word' id='word_1_121' title='bbox 554 1339 693 1380; x_wconf 72' lang='lat' dir='ltr'><strong>Lethes,</strong></span> <span class='ocrx_word' id='word_1_122' title='bbox 733 1340 773 1374; x_wconf 89' lang='lat' dir='ltr'><strong>et</strong></span> <span class='ocrx_word' id='word_1_123' title='bbox 808 1338 861 1374; x_wconf 90' lang='lat' dir='ltr'><strong>sic</strong></span> <span class='ocrx_word' id='word_1_124' title='bbox 885 1339 1047 1374; x_wconf 75' lang='lat' dir='ltr'><strong>fortasse</strong></span> <span class='ocrx_word' id='word_1_125' title='bbox 1085 1338 1201 1374; x_wconf 85' lang='lat' dir='ltr'><strong>etiam</strong></span> <span class='ocrx_word' id='word_1_126' title='bbox 1236 1338 1355 1373; x_wconf 87' lang='lat' dir='ltr'><strong>verba</strong></span> <span class='ocrx_word' id='word_1_127' title='bbox 1389 1338 1677 1384; x_wconf 86' lang='lat' dir='ltr'><strong>interpretanda</strong></span> 
     </span>
     <span class='ocr_line' id='line_1_19' title="bbox 191 1397 1677 1443; baseline -0.001 -9"><span class='ocrx_word' id='word_1_128' title='bbox 191 1398 271 1434; x_wconf 88' lang='lat' dir='ltr'><strong>Silii</strong></span> <span class='ocrx_word' id='word_1_129' title='bbox 294 1398 365 1443; x_wconf 78' lang='grc' dir='ltr'><strong>ΠΙ,</strong></span> <span class='ocrx_word' id='word_1_130' title='bbox 391 1398 462 1433; x_wconf 84' lang='grc'><strong>170</strong></span> <span class='ocrx_word' id='word_1_131' title='bbox 486 1399 687 1433; x_wconf 81' lang='lat' dir='ltr'><strong>mulcentem</strong></span> <span class='ocrx_word' id='word_1_132' title='bbox 703 1408 825 1433; x_wconf 72' lang='lat' dir='ltr'><strong>securo</strong></span> <span class='ocrx_word' id='word_1_133' title='bbox 849 1399 1004 1433; x_wconf 77' lang='lat' dir='ltr'><strong>membra</strong></span> <span class='ocrx_word' id='word_1_134' title='bbox 1026 1408 1152 1442; x_wconf 76' lang='lat' dir='ltr'><strong>sopore</strong></span> <span class='ocrx_word' id='word_1_135' title='bbox 1167 1397 1386 1443; x_wconf 74' lang='lat' dir='ltr'><strong>Ayyreditur</strong></span> <span class='ocrx_word' id='word_1_136' title='bbox 1402 1397 1579 1442; x_wconf 80' lang='lat' dir='ltr'><strong>iuvenem;</strong></span> <span class='ocrx_word' id='word_1_137' title='bbox 1601 1397 1677 1432; x_wconf 82' lang='lat' dir='ltr'><strong>iam</strong></span> 
     </span>
     <span class='ocr_line' id='line_1_20' title="bbox 188 1456 1677 1502; baseline -0.001 -9"><span class='ocrx_word' id='word_1_138' title='bbox 188 1458 237 1493; x_wconf 88' lang='lat' dir='ltr'><strong>id.</strong></span> <span class='ocrx_word' id='word_1_139' title='bbox 250 1458 375 1494; x_wconf 80' lang='lat' dir='ltr'><strong>‘minus</strong></span> <span class='ocrx_word' id='word_1_140' title='bbox 399 1457 600 1498; x_wconf 71' lang='lat' dir='ltr'><strong>insolitum,</strong></span> <span class='ocrx_word' id='word_1_141' title='bbox 626 1457 726 1502; x_wconf 90' lang='lat' dir='ltr'><strong>quod</strong></span> <span class='ocrx_word' id='word_1_142' title='bbox 750 1457 966 1492; x_wconf 47' lang='lat' dir='ltr'><strong>medicabiles</strong></span> <span class='ocrx_word' id='word_1_143' title='bbox 990 1468 1136 1502; x_wconf 90' lang='lat' dir='ltr'><strong>quoque</strong></span> <span class='ocrx_word' id='word_1_144' title='bbox 1174 1456 1403 1492; x_wconf 77' lang='lat' dir='ltr'><strong>adiectivum</strong></span> <span class='ocrx_word' id='word_1_145' title='bbox 1437 1456 1677 1491; x_wconf 81' lang='lat' dir='ltr'><strong>transitivam</strong></span> 
     </span>
     <span class='ocr_line' id='line_1_21' title="bbox 189 1515 1677 1562; baseline -0.002 -9"><span class='ocrx_word' id='word_1_146' title='bbox 189 1517 383 1553; x_wconf 86' lang='lat' dir='ltr'><strong>notionem</strong></span> <span class='ocrx_word' id='word_1_147' title='bbox 407 1517 535 1558; x_wconf 85' lang='lat' dir='ltr'><strong>habet,</strong></span> <span class='ocrx_word' id='word_1_148' title='bbox 564 1516 631 1552; x_wconf 88' lang='lat' dir='ltr'><strong>cfr.</strong></span> <span class='ocrx_word' id='word_1_149' title='bbox 657 1517 862 1562; x_wconf 65' lang='lat' dir='ltr'><strong>qmitabilazs</strong></span> <span class='ocrx_word' id='word_1_150' title='bbox 886 1516 1122 1552; x_wconf 72' lang='lat' dir='ltr'><strong>dissociabilis</strong></span> <span class='ocrx_word' id='word_1_151' title='bbox 1139 1516 1375 1560; x_wconf 69' lang='lat' dir='ltr'><strong>penetrabilis</strong></span> <span class='ocrx_word' id='word_1_152' title='bbox 1412 1515 1477 1557; x_wconf 85' lang='lat' dir='ltr'><strong>al.;</strong></span> <span class='ocrx_word' id='word_1_153' title='bbox 1514 1515 1590 1551; x_wconf 87' lang='lat' dir='ltr'><strong>vid.</strong></span> <span class='ocrx_word' id='word_1_154' title='bbox 1628 1515 1677 1550; x_wconf 87' lang='lat' dir='ltr'><strong>ad</strong></span> 
     </span>
     <span class='ocr_line' id='line_1_22' title="bbox 188 1576 1192 1622; baseline -0.002 -10"><span class='ocrx_word' id='word_1_155' title='bbox 188 1576 220 1619; x_wconf 86' lang='grc' dir='ltr'><strong>Ι,</strong></span> <span class='ocrx_word' id='word_1_156' title='bbox 246 1576 326 1622; x_wconf 81' lang='grc'><strong>782,</strong></span> <span class='ocrx_word' id='word_1_157' title='bbox 349 1576 415 1612; x_wconf 90' lang='lat' dir='ltr'><strong>ubi</strong></span> <span class='ocrx_word' id='word_1_158' title='bbox 440 1576 556 1612; x_wconf 87' lang='lat' dir='ltr'><strong>etiam</strong></span> <span class='ocrx_word' id='word_1_159' title='bbox 581 1576 628 1612; x_wconf 88' lang='lat' dir='ltr'><strong>de</strong></span> <span class='ocrx_word' id='word_1_160' title='bbox 654 1576 792 1621; x_wconf 85' lang='lat' dir='ltr'><strong>agendi</strong></span> <span class='ocrx_word' id='word_1_161' title='bbox 818 1576 932 1612; x_wconf 84' lang='lat' dir='ltr'><strong>verbo</strong></span> <span class='ocrx_word' id='word_1_162' title='bbox 958 1576 1099 1611; x_wconf 86' lang='lat' dir='ltr'><strong>dictum</strong></span> <span class='ocrx_word' id='word_1_163' title='bbox 1125 1577 1192 1611; x_wconf 78' lang='lat' dir='ltr'><strong>est.</strong></span> 
     </span>
    </p>
   </div>
   <div class='ocr_carea' id='block_1_7' title="bbox 187 1645 1679 2347">
    <p class='ocr_par' dir='ltr' id='par_1_7' title="bbox 187 1645 1679 2347">
     <span class='ocr_line' id='line_1_23' title="bbox 224 1645 1679 1693; baseline -0.001 -10"><span class='ocrx_word' id='word_1_164' title='bbox 224 1645 227 1646; x_wconf 45' lang='lat'><em>⁷</em></span> <span class='ocrx_word' id='word_1_165' title='bbox 283 1647 339 1683; x_wconf 90' lang='lat'><strong>88.</strong></span> <span class='ocrx_word' id='word_1_166' title='bbox 389 1648 484 1693; x_wconf 74' lang='lat' dir='ltr'><strong>quod</strong></span> <span class='ocrx_word' id='word_1_167' title='bbox 517 1649 625 1683; x_wconf 73' lang='lat' dir='ltr'><strong>simul</strong></span> <span class='ocrx_word' id='word_1_168' title='bbox 662 1648 853 1692; x_wconf 69' lang='lat' dir='ltr'><strong>adsumpta</strong></span> <span class='ocrx_word' id='word_1_169' title='bbox 882 1648 1030 1692; x_wconf 69' lang='lat' dir='ltr'><strong>pulsum</strong></span> <span class='ocrx_word' id='word_1_170' title='bbox 1052 1647 1124 1688; x_wconf 75' lang='lat' dir='ltr'><strong>fide</strong></span> <span class='ocrx_word' id='word_1_171' title='bbox 1158 1647 1257 1692; x_wconf 86' lang='lat' dir='ltr'><strong>Vat.‚</strong></span> <span class='ocrx_word' id='word_1_172' title='bbox 1294 1647 1395 1692; x_wconf 92' lang='lat' dir='ltr'><strong>quod</strong></span> <span class='ocrx_word' id='word_1_173' title='bbox 1431 1647 1679 1683; x_wconf 86' lang='lat' dir='ltr'><strong>servaverunt</strong></span> 
     </span>
     <span class='ocr_line' id='line_1_24' title="bbox 189 1706 1679 1748; baseline -0.001 -5"><span class='ocrx_word' id='word_1_174' title='bbox 189 1706 436 1743; x_wconf 74' lang='lat' dir='ltr'><strong>recentissimi</strong></span> <span class='ocrx_word' id='word_1_175' title='bbox 470 1707 550 1743; x_wconf 82' lang='lat' dir='ltr'><strong>tres</strong></span> <span class='ocrx_word' id='word_1_176' title='bbox 585 1706 758 1747; x_wconf 72' lang='lat' dir='ltr'><strong>editores,</strong></span> <span class='ocrx_word' id='word_1_177' title='bbox 797 1707 864 1743; x_wconf 83' lang='lat' dir='ltr'><strong>sed</strong></span> <span class='ocrx_word' id='word_1_178' title='bbox 900 1706 962 1742; x_wconf 83' lang='lat' dir='ltr'><strong>vix</strong></span> <span class='ocrx_word' id='word_1_179' title='bbox 999 1706 1194 1748; x_wconf 83' lang='lat' dir='ltr'><strong>credibile,</strong></span> <span class='ocrx_word' id='word_1_180' title='bbox 1231 1706 1423 1742; x_wconf 84' lang='lat' dir='ltr'><strong>Valerium</strong></span> <span class='ocrx_word' id='word_1_181' title='bbox 1455 1706 1505 1741; x_wconf 87' lang='lat' dir='ltr'><strong>ad</strong></span> <span class='ocrx_word' id='word_1_182' title='bbox 1528 1707 1679 1741; x_wconf 88' lang='lat' dir='ltr'><strong>tantam</strong></span> 
     </span>
     <span class='ocr_line' id='line_1_25' title="bbox 190 1765 1678 1812; baseline -0.001 -10"><span class='ocrx_word' id='word_1_183' title='bbox 190 1766 387 1802; x_wconf 77' lang='lat' dir='ltr'><strong>audaciam</strong></span> <span class='ocrx_word' id='word_1_184' title='bbox 410 1777 646 1812; x_wconf 81' lang='lat' dir='ltr'><strong>progressum</strong></span> <span class='ocrx_word' id='word_1_185' title='bbox 670 1777 763 1811; x_wconf 90' lang='lat' dir='ltr'><strong>esse,</strong></span> <span class='ocrx_word' id='word_1_186' title='bbox 786 1767 830 1800; x_wconf 92' lang='lat' dir='ltr'><strong>ut</strong></span> <span class='ocrx_word' id='word_1_187' title='bbox 855 1777 940 1801; x_wconf 88' lang='lat' dir='ltr'><strong>cum</strong></span> <span class='ocrx_word' id='word_1_188' title='bbox 964 1766 1122 1802; x_wconf 79' lang='lat' dir='ltr'><strong>deberet</strong></span> <span class='ocrx_word' id='word_1_189' title='bbox 1147 1766 1281 1807; x_wconf 77' lang='lat' dir='ltr'><strong>dicere,</strong></span> <span class='ocrx_word' id='word_1_190' title='bbox 1309 1765 1499 1811; x_wconf 87' lang='lat' dir='ltr'><strong>Orpheum</strong></span> <span class='ocrx_word' id='word_1_191' title='bbox 1525 1777 1678 1801; x_wconf 88' lang='lat' dir='ltr'><strong>carmen</strong></span> 
     </span>
     <span class='ocr_line' id='line_1_26' title="bbox 190 1825 1676 1871; baseline -0.002 -9"><span class='ocrx_word' id='word_1_192' title='bbox 190 1825 422 1862; x_wconf 77' lang='lat' dir='ltr'><strong>cecinisse</strong></span> <span class='ocrx_word' id='word_1_193' title='bbox 458 1836 570 1861; x_wconf 86' lang='lat' dir='ltr'><strong>voce</strong></span> <span class='ocrx_word' id='word_1_194' title='bbox 606 1825 804 1871; x_wconf 85' lang='lat' dir='ltr'><strong>adsumpta</strong></span> <span class='ocrx_word' id='word_1_195' title='bbox 840 1825 923 1870; x_wconf 83' lang='lat' dir='ltr'><strong>lyra</strong></span> <span class='ocrx_word' id='word_1_196' title='bbox 958 1825 981 1860; x_wconf 85' lang='lat' dir='ltr'><strong>i.</strong></span> <span class='ocrx_word' id='word_1_197' title='bbox 1022 1837 1053 1862; x_wconf 85' lang='lat' dir='ltr'><strong>e.</strong></span> <span class='ocrx_word' id='word_1_198' title='bbox 1089 1825 1214 1861; x_wconf 83' lang='lat' dir='ltr'><strong>nervis</strong></span> <span class='ocrx_word' id='word_1_199' title='bbox 1250 1825 1355 1870; x_wconf 82' lang='lat' dir='ltr'><strong>lyrae</strong></span> <span class='ocrx_word' id='word_1_200' title='bbox 1382 1825 1676 1865; x_wconf 79' lang='lat' dir='ltr'><strong>concinentibus,</strong></span> 
     </span>
     <span class='ocr_line' id='line_1_27' title="bbox 191 1883 1675 1930; baseline -0.001 -9"><span class='ocrx_word' id='word_1_201' title='bbox 191 1885 379 1921; x_wconf 76' lang='lat' dir='ltr'><strong>scriberet</strong></span> <span class='ocrx_word' id='word_1_202' title='bbox 403 1895 554 1920; x_wconf 85' lang='lat' dir='ltr'><strong>carmen</strong></span> <span class='ocrx_word' id='word_1_203' title='bbox 577 1885 756 1930; x_wconf 87' lang='lat' dir='ltr'><strong>pulsum</strong></span> <span class='ocrx_word' id='word_1_204' title='bbox 780 1896 860 1920; x_wconf 86' lang='lat' dir='ltr'><strong>esse</strong></span> <span class='ocrx_word' id='word_1_205' title='bbox 879 1886 993 1930; x_wconf 86' lang='lat' dir='ltr'><strong>atque</strong></span> <span class='ocrx_word' id='word_1_206' title='bbox 1009 1896 1161 1930; x_wconf 84' lang='lat' dir='ltr'><strong>prorsus</strong></span> <span class='ocrx_word' id='word_1_207' title='bbox 1178 1884 1274 1920; x_wconf 85' lang='lat' dir='ltr'><strong>falso</strong></span> <span class='ocrx_word' id='word_1_208' title='bbox 1293 1884 1405 1920; x_wconf 84' lang='lat' dir='ltr'><strong>affert</strong></span> <span class='ocrx_word' id='word_1_209' title='bbox 1429 1884 1580 1919; x_wconf 81' lang='lat' dir='ltr'><strong>Dureau</strong></span> <span class='ocrx_word' id='word_1_210' title='bbox 1596 1883 1675 1918; x_wconf 83' lang='lat' dir='ltr'>Iuv.</span> 
     </span>
     <span class='ocr_line' id='line_1_28' title="bbox 188 1943 1677 1990; baseline -0.001 -10"><span class='ocrx_word' id='word_1_211' title='bbox 188 1946 260 1981; x_wconf 80' lang='lat' dir='ltr'><strong>sat.</strong></span> <span class='ocrx_word' id='word_1_212' title='bbox 283 1943 368 1989; x_wconf 71' lang='lat' dir='ltr'><strong>VIL</strong></span> <span class='ocrx_word' id='word_1_213' title='bbox 393 1944 451 1985; x_wconf 82' lang='lat'><strong>55,</strong></span> <span class='ocrx_word' id='word_1_214' title='bbox 466 1955 588 1988; x_wconf 88' lang='lat' dir='ltr'><strong>neque</strong></span> <span class='ocrx_word' id='word_1_215' title='bbox 603 1943 755 1989; x_wconf 86' lang='lat' dir='ltr'><strong>probari</strong></span> <span class='ocrx_word' id='word_1_216' title='bbox 771 1946 900 1990; x_wconf 86' lang='lat' dir='ltr'><strong>potest</strong></span> <span class='ocrx_word' id='word_1_217' title='bbox 926 1944 1093 1979; x_wconf 81' lang='lat' dir='ltr'><strong>&#39;Philonis</strong></span> <span class='ocrx_word' id='word_1_218' title='bbox 1111 1944 1312 1980; x_wconf 87' lang='lat' dir='ltr'><strong>excusandi</strong></span> <span class='ocrx_word' id='word_1_219' title='bbox 1336 1944 1444 1985; x_wconf 79' lang='lat' dir='ltr'><strong>ratio,</strong></span> <span class='ocrx_word' id='word_1_220' title='bbox 1471 1943 1533 1989; x_wconf 89' lang='lat' dir='ltr'><strong>qui</strong></span> <span class='ocrx_word' id='word_1_221' title='bbox 1556 1943 1677 1989; x_wconf 87' lang='lat' dir='ltr'><strong>praef.</strong></span> 
     </span>
     <span class='ocr_line' id='line_1_29' title="bbox 189 2002 1677 2050; baseline -0.001 -11"><span class='ocrx_word' id='word_1_222' title='bbox 189 2003 256 2039; x_wconf 89' lang='lat' dir='ltr'><strong>XV</strong></span> <span class='ocrx_word' id='word_1_223' title='bbox 281 2003 463 2039; x_wconf 73' lang='lat' dir='ltr'><strong>‘Valerius</strong></span> <span class='ocrx_word' id='word_1_224' title='bbox 488 2005 661 2045; x_wconf 78' lang='lat' dir='ltr'><strong>carmen’,</strong></span> <span class='ocrx_word' id='word_1_225' title='bbox 685 2002 818 2050; x_wconf 87' lang='lat' dir='ltr'><strong>inquit,</strong></span> <span class='ocrx_word' id='word_1_226' title='bbox 842 2004 955 2049; x_wconf 89' lang='lat' dir='ltr'><strong>‘quod</strong></span> <span class='ocrx_word' id='word_1_227' title='bbox 980 2015 1001 2039; x_wconf 89' lang='lat' dir='ltr'><strong>e</strong></span> <span class='ocrx_word' id='word_1_228' title='bbox 1017 2003 1153 2038; x_wconf 88' lang='lat' dir='ltr'><strong>fidibus</strong></span> <span class='ocrx_word' id='word_1_229' title='bbox 1169 2003 1328 2049; x_wconf 81' lang='lat' dir='ltr'><strong>pulsatis</strong></span> <span class='ocrx_word' id='word_1_230' title='bbox 1346 2002 1452 2048; x_wconf 84' lang='lat' dir='ltr'><strong>quasi</strong></span> <span class='ocrx_word' id='word_1_231' title='bbox 1470 2003 1677 2048; x_wconf 67' lang='lat' dir='ltr'><strong>elicerem,</strong></span> 
     </span>
     <span class='ocr_line' id='line_1_30' title="bbox 187 2062 1679 2109; baseline -0.001 -10"><span class='ocrx_word' id='word_1_232' title='bbox 187 2062 281 2109; x_wconf 85' lang='lat' dir='ltr'><strong>pelli</strong></span> <span class='ocrx_word' id='word_1_233' title='bbox 304 2062 420 2103; x_wconf 59' lang='lat' dir='ltr'><strong>dixitu</strong></span> <span class='ocrx_word' id='word_1_234' title='bbox 448 2074 532 2098; x_wconf 88' lang='lat' dir='ltr'><strong>cum</strong></span> <span class='ocrx_word' id='word_1_235' title='bbox 555 2062 627 2098; x_wconf 89' lang='lat' dir='ltr'><strong>hoc</strong></span> <span class='ocrx_word' id='word_1_236' title='bbox 650 2062 734 2098; x_wconf 89' lang='lat' dir='ltr'><strong>loco</strong></span> <span class='ocrx_word' id='word_1_237' title='bbox 760 2074 911 2098; x_wconf 87' lang='lat' dir='ltr'><strong>carmen</strong></span> <span class='ocrx_word' id='word_1_238' title='bbox 935 2074 1011 2099; x_wconf 89' lang='lat' dir='ltr'><strong>non</strong></span> <span class='ocrx_word' id='word_1_239' title='bbox 1035 2063 1084 2098; x_wconf 86' lang='lat' dir='ltr'><strong>sit</strong></span> <span class='ocrx_word' id='word_1_240' title='bbox 1122 2064 1284 2098; x_wconf 83' lang='lat' dir='ltr'><strong>cantus</strong></span> <span class='ocrx_word' id='word_1_241' title='bbox 1309 2074 1572 2103; x_wconf 80' lang='lat' dir='ltr'><strong>nervorum,</strong></span> <span class='ocrx_word' id='word_1_242' title='bbox 1611 2063 1679 2098; x_wconf 88' lang='lat' dir='ltr'><strong>sed</strong></span> 
     </span>
     <span class='ocr_line' id='line_1_31' title="bbox 189 2121 1678 2167; baseline 0 -10"><span class='ocrx_word' id='word_1_243' title='bbox 189 2133 278 2158; x_wconf 81' lang='lat' dir='ltr'><strong>vox</strong></span> <span class='ocrx_word' id='word_1_244' title='bbox 313 2122 513 2157; x_wconf 84' lang='lat' dir='ltr'><strong>humana</strong></span> <span class='ocrx_word' id='word_1_245' title='bbox 549 2123 702 2167; x_wconf 86' lang='lat' dir='ltr'><strong>praeter</strong></span> <span class='ocrx_word' id='word_1_246' title='bbox 740 2123 892 2157; x_wconf 87' lang='lat' dir='ltr'><strong>cantum</strong></span> <span class='ocrx_word' id='word_1_247' title='bbox 928 2133 1128 2158; x_wconf 86' lang='lat' dir='ltr'><strong>nervorum</strong></span> <span class='ocrx_word' id='word_1_248' title='bbox 1173 2122 1385 2166; x_wconf 84' lang='lat' dir='ltr'><strong>nominata;</strong></span> <span class='ocrx_word' id='word_1_249' title='bbox 1426 2121 1553 2167; x_wconf 86' lang='lat' dir='ltr'><strong>recepi</strong></span> <span class='ocrx_word' id='word_1_250' title='bbox 1594 2133 1678 2157; x_wconf 91' lang='lat' dir='ltr'><strong>cum</strong></span> 
     </span>
     <span class='ocr_line' id='line_1_32' title="bbox 189 2180 1224 2226; baseline 0 -10"><span class='ocrx_word' id='word_1_251' title='bbox 189 2181 403 2216; x_wconf 88' lang='lat' dir='ltr'><strong>Burmanno</strong></span> <span class='ocrx_word' id='word_1_252' title='bbox 428 2180 652 2226; x_wconf 77' lang='lat' dir='ltr'><strong>scripturam</strong></span> <span class='ocrx_word' id='word_1_253' title='bbox 677 2180 734 2216; x_wconf 88' lang='lat' dir='ltr'><strong>ed.</strong></span> <span class='ocrx_word' id='word_1_254' title='bbox 759 2180 902 2217; x_wconf 87' lang='lat' dir='ltr'><strong>Bonon.</strong></span> <span class='ocrx_word' id='word_1_255' title='bbox 927 2192 995 2226; x_wconf 74' lang='lat' dir='ltr'><strong>quo</strong></span> <span class='ocrx_word' id='word_1_256' title='bbox 1020 2202 1065 2208; x_wconf 88' lang='lat'>-</span> <span class='ocrx_word' id='word_1_257' title='bbox 1085 2182 1224 2226; x_wconf 68' lang='lat' dir='ltr'><strong>pulsus.</strong></span> 
     </span>
     <span class='ocr_line' id='line_1_33' title="bbox 284 2239 1464 2284; baseline 0 -9"><span class='ocrx_word' id='word_1_258' title='bbox 284 2239 343 2278; x_wconf 84' lang='lat'><strong>89.</strong></span> <span class='ocrx_word' id='word_1_259' title='bbox 389 2239 474 2274; x_wconf 80' lang='lat' dir='ltr'><strong>Filii</strong></span> <span class='ocrx_word' id='word_1_260' title='bbox 496 2239 800 2284; x_wconf 82' lang='lat' dir='ltr'><strong>Argonautarum</strong></span> <span class='ocrx_word' id='word_1_261' title='bbox 824 2242 1162 2276; x_wconf 86' lang='lat' dir='ltr'><strong>commemorantur</strong></span> <span class='ocrx_word' id='word_1_262' title='bbox 1186 2240 1303 2276; x_wconf 85' lang='lat' dir='ltr'><strong>etiam</strong></span> <span class='ocrx_word' id='word_1_263' title='bbox 1325 2240 1356 2281; x_wconf 85' lang='lat' dir='ltr'>L</span> <span class='ocrx_word' id='word_1_264' title='bbox 1382 2240 1464 2279; x_wconf 81' lang='lat'>150.</span> 
     </span>
     <span class='ocr_line' id='line_1_34' title="bbox 284 2298 1678 2347; baseline 0.001 -13"><span class='ocrx_word' id='word_1_265' title='bbox 284 2299 342 2335; x_wconf 82' lang='lat'><strong>91.</strong></span> <span class='ocrx_word' id='word_1_266' title='bbox 388 2299 542 2344; x_wconf 73' lang='lat' dir='ltr'><strong>qenitale</strong></span> <span class='ocrx_word' id='word_1_267' title='bbox 571 2302 696 2343; x_wconf 50' lang='lat' dir='ltr'><strong>capu&amp;</strong></span> <span class='ocrx_word' id='word_1_268' title='bbox 729 2299 776 2334; x_wconf 89' lang='lat' dir='ltr'><strong>de</strong></span> <span class='ocrx_word' id='word_1_269' title='bbox 808 2310 849 2335; x_wconf 90' lang='lat' dir='ltr'><strong>re</strong></span> <span class='ocrx_word' id='word_1_270' title='bbox 875 2298 942 2335; x_wconf 86' lang='lat' dir='ltr'><strong>cfr.</strong></span> <span class='ocrx_word' id='word_1_271' title='bbox 969 2299 1019 2334; x_wconf 87' lang='lat' dir='ltr'><strong>ad</strong></span> <span class='ocrx_word' id='word_1_272' title='bbox 1042 2298 1091 2340; x_wconf 78' lang='lat'><strong>11,</strong></span> <span class='ocrx_word' id='word_1_273' title='bbox 1128 2300 1191 2347; x_wconf 85' lang='lat'><strong>62;</strong></span> <span class='ocrx_word' id='word_1_274' title='bbox 1226 2304 1334 2345; x_wconf 74' lang='lat' dir='ltr'><strong>caput</strong></span> <span class='ocrx_word' id='word_1_275' title='bbox 1358 2300 1509 2336; x_wconf 86' lang='lat' dir='ltr'><strong>videtur</strong></span> <span class='ocrx_word' id='word_1_276' title='bbox 1533 2300 1678 2337; x_wconf 85' lang='lat' dir='ltr'><strong>fontem</strong></span> 
     </span>
    </p>
   </div>
   <div class='ocr_carea' id='block_1_8' title="bbox 109 2357 875 2414">
    <p class='ocr_par' dir='ltr' id='par_1_8' title="bbox 58 2331 875 2414">
     <span class='ocr_line' id='line_1_35' title="bbox 109 2357 875 2414; baseline 0.002 -19.875"><span class='ocrx_word' id='word_1_277' title='bbox 109 2410 115 2414; x_wconf 20' lang='grc' dir='ltr'>ἠ</span> <span class='ocrx_word' id='word_1_278' title='bbox 191 2358 413 2404; x_wconf 72' lang='lat' dir='ltr'><strong>significare„</strong></span> <span class='ocrx_word' id='word_1_279' title='bbox 440 2357 507 2395; x_wconf 88' lang='lat' dir='ltr'><strong>cfr.</strong></span> <span class='ocrx_word' id='word_1_280' title='bbox 531 2358 619 2394; x_wconf 84' lang='lat' dir='ltr'><strong>Hes.</strong></span> <span class='ocrx_word' id='word_1_281' title='bbox 645 2358 768 2404; x_wconf 86' lang='lat' dir='ltr'><strong>theog.</strong></span> <span class='ocrx_word' id='word_1_282' title='bbox 793 2358 875 2396; x_wconf 90' lang='lat'>282.</span> 
     </span>
    </p>
   </div>
   <div class='ocr_carea' id='block_1_9' title="bbox 0 827 108 3100">
    <p class='ocr_par' dir='ltr' id='par_1_9' title="bbox 0 827 108 3100">
     <span class='ocr_line' id='line_1_36' title="bbox 0 827 108 3100; baseline 0 0"><span class='ocrx_word' id='word_1_283' title='bbox 0 827 108 3100; x_wconf 95' lang='lat' dir='ltr'><strong> </strong></span> 
     </span>
    </p>
   </div>
   <div class='ocr_carea' id='block_1_10' title="bbox 191 2417 1677 2773">
    <p class='ocr_par' dir='ltr' id='par_1_10' title="bbox 191 2417 1677 2523">
     <span class='ocr_line' id='line_1_37' title="bbox 285 2417 1677 2466; baseline 0.003 -14"><span class='ocrx_word' id='word_1_284' title='bbox 285 2417 343 2454; x_wconf 86' lang='lat'><strong>92.</strong></span> <span class='ocrx_word' id='word_1_285' title='bbox 396 2417 541 2453; x_wconf 74' lang='lat' dir='ltr'><strong>Titania</strong></span> <span class='ocrx_word' id='word_1_286' title='bbox 572 2438 616 2443; x_wconf 93' lang='lat'>—</span> <span class='ocrx_word' id='word_1_287' title='bbox 647 2421 758 2452; x_wconf 77' lang='lat' dir='ltr'><strong>antra</strong></span> <span class='ocrx_word' id='word_1_288' title='bbox 790 2419 878 2453; x_wconf 86' lang='lat' dir='ltr'><strong>sunt</strong></span> <span class='ocrx_word' id='word_1_289' title='bbox 910 2419 1022 2453; x_wconf 87' lang='lat' dir='ltr'><strong>antra.</strong></span> <span class='ocrx_word' id='word_1_290' title='bbox 1052 2417 1157 2460; x_wconf 80' lang='lat' dir='ltr'><strong>Solis,</strong></span> <span class='ocrx_word' id='word_1_291' title='bbox 1195 2419 1258 2464; x_wconf 88' lang='lat' dir='ltr'><strong>qui</strong></span> <span class='ocrx_word' id='word_1_292' title='bbox 1292 2418 1427 2455; x_wconf 88' lang='lat' dir='ltr'><strong>Titane</strong></span> <span class='ocrx_word' id='word_1_293' title='bbox 1461 2421 1566 2455; x_wconf 85' lang='lat' dir='ltr'><strong>ortus</strong></span> <span class='ocrx_word' id='word_1_294' title='bbox 1596 2421 1677 2466; x_wconf 89' lang='lat' dir='ltr'><strong>ipse</strong></span> 
     </span>
     <span class='ocr_line' id='line_1_38' title="bbox 191 2475 1535 2523; baseline 0.002 -12"><span class='ocrx_word' id='word_1_295' title='bbox 191 2475 378 2513; x_wconf 79' lang='lat' dir='ltr'><strong>interdum</strong></span> <span class='ocrx_word' id='word_1_296' title='bbox 397 2476 510 2512; x_wconf 83' lang='lat' dir='ltr'><strong>Titan</strong></span> <span class='ocrx_word' id='word_1_297' title='bbox 536 2487 559 2512; x_wconf 87' lang='lat' dir='ltr'><strong>a</strong></span> <span class='ocrx_word' id='word_1_298' title='bbox 581 2476 706 2522; x_wconf 86' lang='lat' dir='ltr'><strong>poetis</strong></span> <span class='ocrx_word' id='word_1_299' title='bbox 729 2477 955 2519; x_wconf 85' lang='lat' dir='ltr'><strong>nominatur,</strong></span> <span class='ocrx_word' id='word_1_300' title='bbox 979 2479 1023 2513; x_wconf 87' lang='lat' dir='ltr'><strong>ut</strong></span> <span class='ocrx_word' id='word_1_301' title='bbox 1046 2477 1159 2523; x_wconf 85' lang='lat' dir='ltr'><strong>Verg.</strong></span> <span class='ocrx_word' id='word_1_302' title='bbox 1184 2480 1277 2514; x_wconf 85' lang='lat' dir='ltr'><strong>Aen.</strong></span> <span class='ocrx_word' id='word_1_303' title='bbox 1302 2478 1366 2520; x_wconf 85' lang='lat' dir='ltr'><strong>IV,</strong></span> <span class='ocrx_word' id='word_1_304' title='bbox 1392 2478 1462 2514; x_wconf 90' lang='grc'><strong>119</strong></span> <span class='ocrx_word' id='word_1_305' title='bbox 1487 2479 1535 2515; x_wconf 86' lang='lat' dir='ltr'><strong>al.</strong></span> 
     </span>
    </p>

    <p class='ocr_par' dir='ltr' id='par_1_11' title="bbox 284 2535 1615 2584">
     <span class='ocr_line' id='line_1_39' title="bbox 284 2535 1615 2584; baseline 0.002 -13"><span class='ocrx_word' id='word_1_306' title='bbox 284 2535 398 2577; x_wconf 69' lang='lat' dir='ltr'><strong>frenis</strong></span> <span class='ocrx_word' id='word_1_307' title='bbox 423 2557 467 2562; x_wconf 95' lang='lat'><strong>—</strong></span> <span class='ocrx_word' id='word_1_308' title='bbox 491 2540 645 2581; x_wconf 45' lang='lat' dir='ltr'><strong>sonan&amp;</strong></span> <span class='ocrx_word' id='word_1_309' title='bbox 673 2535 756 2582; x_wconf 87' lang='lat' dir='ltr'><strong>ipsa</strong></span> <span class='ocrx_word' id='word_1_310' title='bbox 786 2535 895 2572; x_wconf 84' lang='lat' dir='ltr'><strong>frena</strong></span> <span class='ocrx_word' id='word_1_311' title='bbox 926 2537 1100 2573; x_wconf 78' lang='lat' dir='ltr'><strong>sonantia</strong></span> <span class='ocrx_word' id='word_1_312' title='bbox 1124 2537 1220 2572; x_wconf 84' lang='lat' dir='ltr'><strong>dixit</strong></span> <span class='ocrx_word' id='word_1_313' title='bbox 1245 2538 1312 2574; x_wconf 82' lang='lat' dir='ltr'><strong>Ov.</strong></span> <span class='ocrx_word' id='word_1_314' title='bbox 1336 2539 1427 2574; x_wconf 86' lang='lat' dir='ltr'><strong>met.</strong></span> <span class='ocrx_word' id='word_1_315' title='bbox 1453 2538 1502 2584; x_wconf 87' lang='grc' dir='ltr'><strong>Π,</strong></span> <span class='ocrx_word' id='word_1_316' title='bbox 1537 2539 1615 2574; x_wconf 89' lang='lat'><strong>121.</strong></span> 
     </span>
    </p>

    <p class='ocr_par' dir='ltr' id='par_1_12' title="bbox 285 2594 1167 2642">
     <span class='ocr_line' id='line_1_40' title="bbox 285 2594 1167 2642; baseline 0.003 -13"><span class='ocrx_word' id='word_1_317' title='bbox 285 2595 485 2640; x_wconf 60' lang='lat' dir='ltr'><strong>ingerdam</strong></span> <span class='ocrx_word' id='word_1_318' title='bbox 508 2594 605 2636; x_wconf 66' lang='lat' dir='ltr'><strong>Vat„</strong></span> <span class='ocrx_word' id='word_1_319' title='bbox 630 2595 838 2641; x_wconf 62' lang='lat' dir='ltr'><strong>umentibus</strong></span> <span class='ocrx_word' id='word_1_320' title='bbox 862 2595 970 2634; x_wconf 82' lang='lat' dir='ltr'><strong>codd.</strong></span> <span class='ocrx_word' id='word_1_321' title='bbox 993 2596 1167 2642; x_wconf 88' lang='lat' dir='ltr'><strong>interpol.</strong></span> 
     </span>
    </p>

    <p class='ocr_par' dir='ltr' id='par_1_13' title="bbox 194 2663 1676 2773">
     <span class='ocr_line' id='line_1_41' title="bbox 285 2663 1676 2714; baseline 0.003 -14"><span class='ocrx_word' id='word_1_322' title='bbox 285 2663 343 2701; x_wconf 84' lang='grc'><strong>93.</strong></span> <span class='ocrx_word' id='word_1_323' title='bbox 392 2665 603 2706; x_wconf 70' lang='lat' dir='ltr'><strong>multifidum</strong></span> <span class='ocrx_word' id='word_1_324' title='bbox 627 2666 750 2701; x_wconf 82' lang='lat' dir='ltr'><strong>iubar.-</strong></span> <span class='ocrx_word' id='word_1_325' title='bbox 781 2665 843 2702; x_wconf 84' lang='lat' dir='ltr'><strong>Sol</strong></span> <span class='ocrx_word' id='word_1_326' title='bbox 869 2678 953 2702; x_wconf 87' lang='lat' dir='ltr'><strong>cum</strong></span> <span class='ocrx_word' id='word_1_327' title='bbox 978 2678 1115 2703; x_wconf 85' lang='lat' dir='ltr'><strong>corona</strong></span> <span class='ocrx_word' id='word_1_328' title='bbox 1141 2667 1290 2703; x_wconf 86' lang='lat' dir='ltr'><strong>radiata</strong></span> <span class='ocrx_word' id='word_1_329' title='bbox 1314 2679 1427 2713; x_wconf 84' lang='lat' dir='ltr'><strong>saepe</strong></span> <span class='ocrx_word' id='word_1_330' title='bbox 1453 2670 1613 2714; x_wconf 76' lang='lat' dir='ltr'><strong>apparet</strong></span> <span class='ocrx_word' id='word_1_331' title='bbox 1638 2669 1676 2704; x_wconf 85' lang='lat' dir='ltr'><strong>in</strong></span> 
     </span>
     <span class='ocr_line' id='line_1_42' title="bbox 194 2722 1674 2773; baseline 0.003 -15"><span class='ocrx_word' id='word_1_332' title='bbox 194 2722 286 2758; x_wconf 76' lang='lat' dir='ltr'><strong>artis</strong></span> <span class='ocrx_word' id='word_1_333' title='bbox 310 2723 502 2770; x_wconf 88' lang='lat' dir='ltr'><strong>operibus;</strong></span> <span class='ocrx_word' id='word_1_334' title='bbox 536 2724 612 2760; x_wconf 84' lang='lat' dir='ltr'><strong>vid.</strong></span> <span class='ocrx_word' id='word_1_335' title='bbox 639 2724 824 2760; x_wconf 83' lang='lat' dir='ltr'><strong>Gerhardi</strong></span> <span class='ocrx_word' id='word_1_336' title='bbox 849 2737 926 2771; x_wconf 87' lang='lat' dir='ltr'><strong>ges.</strong></span> <span class='ocrx_word' id='word_1_337' title='bbox 950 2726 1138 2762; x_wconf 87' lang='lat' dir='ltr'><strong>Abhandl.</strong></span> <span class='ocrx_word' id='word_1_338' title='bbox 1181 2726 1200 2761; x_wconf 95' lang='lat' dir='ltr'>I</span> <span class='ocrx_word' id='word_1_339' title='bbox 1229 2727 1308 2762; x_wconf 89' lang='lat' dir='ltr'><strong>tab.</strong></span> <span class='ocrx_word' id='word_1_340' title='bbox 1334 2726 1375 2767; x_wconf 72' lang='lat' dir='ltr'><strong>V.v</strong></span> <span class='ocrx_word' id='word_1_341' title='bbox 1404 2728 1442 2773; x_wconf 75' lang='lat'><strong>13</strong></span> <span class='ocrx_word' id='word_1_342' title='bbox 1468 2727 1508 2772; x_wconf 85' lang='lat'><strong>23</strong></span> <span class='ocrx_word' id='word_1_343' title='bbox 1546 2727 1607 2768; x_wconf 71' lang='lat' dir='ltr'><strong>VI,</strong></span> <span class='ocrx_word' id='word_1_344' title='bbox 1635 2729 1674 2764; x_wconf 83' lang='lat'><strong>1:</strong></span> 
     </span>
    </p>
   </div>
  </div>
 </body>
</html>
