1890 3100
290 243 374 286 188
808 238 845 276 C.
871 237 1051 273 VALERI
1076 236 1250 272 FLACCI

394 359 465 398 illa
494 359 611 397 simul
639 358 786 397 molem
812 357 1034 396 horrificam
1063 356 1354 408 scopulosaque
1381 360 1497 406 terga

395 430 604 477 promovet
628 424 864 476 ingentique
893 423 1033 461 umbra
1060 421 1176 468 subit,
1206 422 1419 459 intremere
1447 419 1550 458 Iden

394 490 588 542 inlidique
616 494 733 541 putes
762 501 989 541 pronasque
1017 499 1228 537 resurgere
1255 491 1398 524 turres.
1770 499 1824 528 520

397 560 565 607 occupat
593 553 758 593 Alcides
788 567 923 592 arcum
950 558 1114 605 totaque
1143 552 1356 604 pharetrae

395 621 502 659 nube
531 620 688 672 premit.
743 633 825 658 non
851 619 922 657 illa
950 618 1076 670 magis
1107 631 1224 670 quam
1254 616 1351 655 sede
1379 615 1532 654 moveri

396 699 564 737 magnus
593 686 720 737 Eryx,
752 684 908 723 deferre
936 684 1063 722 velint
1093 697 1211 735 quem
1239 681 1412 720 vallibus
1440 681 1600 719 imbres.

396 752 475 789 iam
503 751 637 789 brevis
668 756 709 789 et
735 750 818 789 telo
846 749 1000 788 volucri
1028 762 1109 787 non
1136 747 1244 786 utilis
1275 760 1354 786 aer.

383 864 462 899 518.
512 863 619 899 simul
641 862 664 898 i.
692 873 723 898 e.
749 862 971 906 simulatque
1003 860 1182 896 Hercules
1212 859 1251 894 in
1283 858 1473 904 scopulum
1509 857 1666 899 insiluit;
1701 868 1776 892 non

287 924 415 970 potest
438 922 625 968 particula
651 922 700 956 ad
723 922 845 956 molem
871 922 909 956 et
934 924 1033 965 terya
1057 920 1240 964 spectare,
1267 918 1354 963 quia
1378 918 1449 953 hae
1476 917 1572 953 duae
1606 927 1665 952 res
1701 927 1776 952 non

292 983 463 1019 diversae
489 983 587 1017 sunt.

383 1042 637 1086 scopulosaque
669 1044 769 1085 terya
805 1051 880 1075 non
911 1038 1132 1073 mutandum
1163 1037 1312 1073 videtur
1343 1036 1383 1071 in
1419 1036 1535 1071 nimia
1564 1035 1680 1071 totius
1712 1034 1776 1070 de-

295 1101 506 1147 scriptionis
533 1099 787 1146 superlatione
805 1100 843 1135 et
868 1098 920 1134 sic
938 1098 1087 1133 videtur
1105 1096 1246 1132 Statius
1270 1096 1418 1143 legisse,
1444 1095 1506 1141 qui
1523 1095 1615 1130 dicit
1630 1094 1669 1129 in
1689 1094 1777 1130 Ach.

290 1161 318 1203 I,
346 1161 393 1196 55
417 1164 487 1195 cete
510 1160 707 1205 scopulosa,
743 1158 810 1195 cfr.
848 1169 960 1203 supra
996 1169 1031 1193 v.
1068 1157 1158 1199 479;
1197 1167 1318 1201 neque
1355 1155 1394 1190 in
1429 1154 1615 1190 vocabulo
1650 1153 1777 1189 umbra

292 1219 557 1256 offendendum
593 1231 627 1254 v.
667 1218 753 1259 519,
794 1229 904 1263 quam
942 1216 1040 1252 mole
1076 1215 1222 1261 ingenti
1260 1214 1424 1260 corporis
1460 1213 1573 1249 belua
1610 1212 1776 1249 effecisse

292 1279 496 1325 cogitatur:
524 1278 576 1314 sic
602 1278 691 1313 dicit
714 1276 885 1313 Valerius
911 1276 978 1318 ΠΙ,
1005 1275 1051 1310 99
1078 1276 1123 1311 de
1148 1274 1294 1320 ingenti
1310 1274 1444 1309 umbra
1463 1272 1625 1318 Corythi,
1651 1271 1691 1313 V,
1709 1271 1778 1306 175

293 1338 440 1384 aquilae
464 1338 567 1374 iecur
591 1336 807 1373 Promethei
831 1335 1025 1378 laniantis3
1053 1334 1119 1371 cfr.
1145 1335 1345 1380 praeterea
1371 1333 1432 1375 VI,
1465 1332 1552 1374 235;
1578 1331 1681 1373 VIII,
1714 1330 1776 1373 33;
1797 1339 1799 1341 ·
1883 1367 1890 1379 «

298 1409 448 1444 prorsus
485 1397 599 1432 aliam
639 1395 866 1432 sententiam
902 1395 1020 1430 habet
1061 1395 1185 1439 inqens
1225 1394 1352 1428 umbra
1395 1392 1496 1438 apud
1534 1391 1647 1437 Verg.
1685 1390 1777 1426 Aen.
1882 1382 1890 1415 Ῑ

291 1457 338 1498 X,
364 1457 445 1492 541.
1882 1458 1890 1490 ,·

386 1516 466 1552 520.
515 1515 607 1551 idem
631 1515 802 1559 inlidique
826 1518 922 1549 rates
940 1523 1147 1558 pronaeque
1170 1522 1352 1557 resuryere
1375 1515 1493 1546 turres
1523 1510 1609 1546 Vat.
1650 1509 1779 1554 Longe
1880 1472 1890 1559 ἔ

291 1575 441 1621 plurimi
463 1575 703 1620 putaverunt,
730 1574 832 1619 Argo
857 1584 993 1608 navem
1018 1571 1075 1606 his
1092 1571 1216 1607 verbis
1236 1569 1527 1616 commemorari,
1547 1580 1644 1614 quae
1660 1568 1779 1604 inter·
1867 1560 1890 1583 ⁸

290 1634 454 1681 pretatio
479 1646 565 1674 non,
590 1635 633 1668 ut
659 1633 833 1679 opinatur
865 1632 983 1670 Thilo,
1022 1631 1106 1667 ideo
1144 1630 1392 1676 improbanda
1431 1630 1497 1670 est,
1537 1628 1637 1674 quod
1673 1627 1780 1663 navis

290 1693 437 1739 longius
463 1694 613 1739 aberat,
638 1703 750 1737 quam
774 1692 817 1727 ut
841 1691 974 1727 beluae
1000 1690 1163 1726 motibus
1187 1689 1412 1730 illideretur,
1439 1688 1507 1724 sed
1531 1687 1679 1724 omnino
1704 1698 1780 1722 non

290 1752 487 1798 probabile
512 1752 661 1787 videtur
693 1751 739 1787 de
774 1751 863 1786 navi
887 1750 1078 1786 Valerium
1103 1750 1173 1785 hoc
1197 1749 1280 1784 loco
1307 1748 1503 1794 cogitasse.
1569 1746 1711 1792 Recepi
1740 1746 1780 1781 in

290 1812 372 1848 loco
396 1823 517 1858 paene
544 1811 743 1856 desperato
769 1810 860 1846 satis
885 1810 988 1846 lenes
1016 1808 1308 1850 emendationes,
1335 1818 1425 1853 quas
1450 1806 1645 1853 proposuit
1661 1806 1780 1842 Loeh-

290 1872 388 1907 bach
422 1871 566 1907 observ.
601 1870 681 1906 crit.
713 1882 749 1915 p.
782 1870 814 1912 7,
852 1870 946 1905 haec
984 1868 1126 1904 addens
1164 1870 1284 1903 ‘wenn
1322 1867 1388 1902 das
1413 1866 1526 1902 Thier
1563 1865 1643 1901 sich
1682 1866 1777 1911 regia,

291 1931 402 1967 sollte
426 1941 514 1965 man
538 1929 687 1965 meinen
714 1940 752 1965 es
779 1929 932 1974 bewege
958 1928 1037 1964 sich
1063 1927 1123 1963 ein
1141 1927 1243 1972 Berg
1261 1926 1297 1971 (i.
1323 1926 1390 1962 der
1407 1925 1490 1970 Ida)
1509 1926 1599 1961 oder
1616 1925 1781 1960 Thiirme

291 1990 457 2025 stfirzten
480 1989 558 2024 und
583 1989 744 2024 standen
767 1988 907 2024 wieder
933 1987 1024 2025 auf’.

384 2049 465 2093 521.
516 2052 665 2093 occupat
701 2048 844 2083 Alcides
883 2058 1005 2082 areum
1042 2047 1064 2081 i.
1094 2058 1124 2082 e.
1165 2046 1337 2081 celeriter
1375 2044 1537 2091 corripit,
1577 2044 1777 2088 antequam

291 2109 403 2144 belua
426 2108 609 2153 impetum
633 2108 673 2142 in
699 2119 784 2143 eum
816 2107 941 2143 facere
971 2106 1110 2152 possit;
1160 2116 1248 2140 arcu
1278 2104 1426 2150 scripsit
1450 2103 1621 2139 Koestlin
1645 2102 1778 2138 Philol.

291 2167 348 2210 39,
374 2167 444 2202 249
470 2167 551 2203 coll.
578 2166 639 2209 VI,
668 2166 736 2202 198
763 2168 801 2202 et
828 2166 908 2205 VII,
935 2166 1015 2202 254.

386 2227 466 2262 522.
516 2227 625 2261 nubes
665 2238 740 2262 non
776 2237 861 2262 raro
900 2226 947 2261 de
982 2224 1221 2260 multitudine
1259 2223 1483 2268 sagittarum
1518 2222 1580 2258 vel
1617 2221 1780 2257 telorum

293 2285 438 2327 dicitur,
465 2285 532 2320 sed
557 2285 733 2320 audacius
759 2284 908 2331 scripsit
939 2285 1055 2330 poeta
1085 2284 1177 2318 nube
1195 2283 1389 2328 pharetrae
1418 2282 1442 2318 i.
1475 2293 1507 2317 e.
1538 2279 1779 2316 multitudine

292 2344 527 2390 sagittarum,
554 2355 649 2388 quae
674 2344 856 2389 pharetra
883 2343 1184 2379 continebantur.

386 2404 537 2439 moventi
561 2403 656 2445 Vat.,
690 2404 821 2438 moveri
853 2403 908 2439 ed.
944 2403 1053 2445 Bon.;
1095 2402 1142 2438 de
1175 2401 1420 2438 collocatione
1452 2400 1653 2437 verborum
1683 2410 1778 2445 quae

294 2463 380 2498 sunt
404 2463 483 2497 sede
507 2463 638 2497 moveri
663 2461 728 2497 cfr.
762 2462 811 2496 ad
836 2461 869 2503 I,
908 2462 987 2496 284.
1860 2456 1887 2501 5?

391 2522 468 2558 524.
518 2521 635 2556 Nimis
660 2520 735 2556 iam
761 2520 1128 2566 appropinquaverat
1146 2521 1362 2561 monstrum,
1389 2519 1488 2564 quod
1524 2518 1672 2564 sagittis
1703 2529 1778 2554 non

293 2581 519 2626 pellebatur,
539 2580 698 2622 Herculi,
725 2581 768 2614 ut
785 2579 958 2635 spatium>
972 2591 1046 2614 non
1064 2579 1154 2614 satis
1171 2591 1348 2624 magnum
1364 2579 1535 2614 maneret
1552 2577 1601 2613 ad
1618 2577 1777 2622 sagittas

293 2640 509 2680 mittendas,
538 2639 604 2675 cfr.
631 2638 692 2674 Sil.
727 2638 790 2684 IX,
828 2639 896 2673 321
928 2639 1075 2674 amisere
1106 2639 1198 2673 ictus
1227 2639 1401 2682 spatium3
1439 2636 1534 2672 Flor.
1573 2636 1622 2679 II,
1662 2636 1716 2678 19,
1754 2635 1777 2670 6

294 2700 458 2734 simulato
482 2703 575 2734 metu
600 2699 687 2734 adeo
706 2709 841 2743 passus
865 2701 915 2733 eet
939 2698 1054 2733 hostes
1078 2697 1205 2732 eastris
1228 2697 1417 2738 succedere,
1454 2696 1563 2732 donec
1593 2697 1777 2740 absumpto
