1890 3100
229 229 312 272 176
745 227 782 264 C.
808 227 987 263 VALERI
1017 228 1190 264 FLACCI

332 359 406 385 nec
434 348 563 385 minus
594 346 759 398 Orphea
786 347 908 385 tristis
937 348 1091 386 cervice
1120 354 1279 400 tuaque,

333 412 522 459 Aeacide,
554 418 594 451 et
622 413 781 464 gemino
811 413 983 451 coniunx
1011 427 1034 451 a
1063 413 1230 452 Castore
1258 413 1418 466 pendet.

439 478 524 516 Has
553 479 657 516 inter
684 478 866 516 lacrimas
895 478 1041 530 legitur
1068 480 1181 530 piger
1208 492 1334 518 uncus
1362 480 1542 519 harenis:

332 543 410 580 iam
437 544 536 581 remi
563 557 732 595 rapuere
760 549 898 591 ratem,
927 545 1017 582 iam>
1032 544 1190 583 flamina
1217 550 1392 596 portant;

334 621 499 659 spumea
527 609 782 661 subsequitur
809 608 997 660 fugientis
1027 610 1168 648 semita
1196 610 1307 648 clavi.
1704 615 1758 645 430

333 678 426 711 tunc
455 674 586 712 tenuis
614 674 786 712 Lemnos
816 679 1054 727 superatque
1084 675 1261 714 Electria
1289 675 1408 714 tellus

335 738 531 777 Threiciis
561 752 707 778 arcana
735 740 873 788 sacris3
902 740 966 778 hic
994 741 1165 779 numinis
1193 740 1334 791 ingens

333 803 471 842 horror
500 809 539 842 et
566 804 734 842 incautis
764 804 926 843 decreta
954 805 1111 856 piacula
1137 805 1296 857 linguis.

333 868 435 906 hanc
466 868 637 908 demissa
665 870 751 907 Iovi
778 883 858 908 non
886 883 1074 922 umquam
1100 870 1262 909 laedere
1291 870 1413 908 fluctu

335 933 456 972 audet
482 934 655 986 hiemp53
687 940 826 986 sponte
856 935 941 986 ipse
972 934 1069 973 deus
1098 940 1192 974 tunc
1221 942 1379 987 asperat
1407 935 1545 983 undas,
1703 954 1757 984 435

335 1012 423 1037 cum
452 1005 562 1038 vetat
589 999 730 1038 infidos
761 1013 833 1038 sua
860 1000 977 1038 litora
1002 1005 1169 1051 tangere
1198 1006 1350 1039 nautas.

337 1064 476 1102 obvius
507 1070 547 1102 at
575 1065 733 1115 Minyas
762 1065 876 1103 terris
907 1064 1119 1117 adytisque
1150 1065 1334 1121 sacerdos

323 1188 403 1224 427.
453 1188 634 1224 Aeacides
660 1189 730 1224 hoc
754 1189 836 1224 loco
862 1188 940 1224 sine
966 1189 1079 1225 dubio
1098 1189 1230 1225 Peleus
1256 1190 1322 1231 est,
1351 1201 1434 1225 cum
1459 1190 1618 1226 alterum
1635 1191 1706 1227 Ae-

231 1247 376 1283 acidem
413 1247 652 1283 Telamonem
690 1259 772 1283 cum
809 1247 965 1283 Hercule
1003 1248 1102 1294 apud
1139 1259 1274 1284 navem
1309 1249 1487 1285 mansisse
1523 1249 1707 1285 indicetur

230 1318 264 1342 v.
290 1306 370 1342 384.

325 1365 511 1400 428—431
560 1365 723 1410 insignes
748 1358 884 1407 multis,
911 1377 1005 1411 quae
1032 1366 1213 1412 dicuntur,
1240 1367 1581 1404 allitterationibus.

326 1424 407 1460 430.
455 1425 627 1470 fuyientis
653 1425 906 1460 accusativum
930 1425 1113 1471 pluralem
1139 1426 1398 1472 explicandum
1421 1427 1525 1472 puto.

325 1484 405 1518 431.
456 1488 539 1519 tanc
563 1485 678 1519 tenuis
702 1484 866 1526 Lemn083
900 1484 947 1520 de
974 1484 1094 1530 ellipsi
1117 1485 1326 1530 praedicati
1363 1485 1428 1522 cfr.
1468 1486 1517 1521 ad
1553 1486 1581 1527 Ι,
1619 1485 1705 1528 489;

230 1542 354 1579 tenuis
379 1542 481 1578 facta
508 1544 565 1578 est
589 1543 746 1578 Lemnos
774 1543 996 1588 Argonautis
1021 1543 1043 1579 i.
1071 1555 1102 1581 e.
1128 1555 1148 1580 e
1175 1545 1376 1590 conspectu
1402 1544 1563 1583 evanuit.
1605 1545 1707 1580 Elec-

232 1602 306 1637 tria
329 1602 430 1637 tellus
465 1603 522 1638 est
547 1601 814 1644 Samothracia,
841 1602 896 1637 ita
922 1602 1023 1638 dicta
1048 1603 1094 1638 ab
1121 1603 1280 1645 Electra,
1306 1603 1382 1639 filia
1406 1603 1579 1646 Atlantis,
1611 1615 1706 1649 quae

232 1672 279 1697 ex
305 1661 395 1696 Iove
419 1660 458 1696 in
482 1661 551 1696 hac
575 1661 696 1696 insula
721 1661 937 1696 Dardanum
960 1662 1125 1709 peperit;
1151 1662 1217 1697 cfr.
1243 1662 1412 1708 Apollon.
1437 1663 1467 1706 1,
1493 1663 1578 1706 916;
1595 1663 1706 1709 Verg.

231 1721 322 1757 Aen.
348 1720 451 1761 VIII,
480 1720 565 1762 135;
592 1721 687 1766 Hyg.
714 1720 790 1757 fab.
818 1720 900 1763 155;
934 1722 1103 1767 Apollod.
1140 1722 1210 1764 III,
1251 1722 1304 1763 12,
1344 1722 1381 1765 1;
1419 1722 1527 1758 Diod.
1565 1723 1607 1765 V,
1645 1723 1707 1766 483

230 1779 371 1815 Conon.
399 1791 428 1816 c.
454 1780 499 1814 21
526 1780 583 1815 ed.
609 1780 819 1822 Westerm.;
845 1780 1001 1816 Prelleri
1018 1793 1072 1826 gr.
1090 1782 1206 1826 myth.
1224 1781 1286 1823 11³,
1305 1781 1385 1818 373.
1433 1782 1507 1818 Sed
1525 1782 1708 1827 quomodo

231 1838 394 1875 Electria
417 1838 529 1874 tellus
553 1839 752 1874 transire
778 1839 849 1874 dici
872 1841 1007 1885 potest,
1036 1852 1119 1875 cum
1138 1840 1187 1875 ad
1204 1851 1286 1876 eam
1308 1841 1500 1886 appellant
1517 1841 1708 1886 Argonau-

230 1899 318 1934 tae?
344 1897 471 1943 scripsi
494 1897 609 1943 igitur
633 1909 700 1943 pro
727 1909 770 1934 eo
796 1899 895 1943 quod
921 1900 977 1934 est
1001 1899 1040 1934 in
1064 1899 1148 1934 Vat.
1163 1901 1396 1945 ‘transitaque
1429 1901 1641 1946 (tramisitque
1670 1900 1709 1935 in

234 1957 292 1992 ed.
316 1957 409 1992 Bon.
436 1957 475 1992 et
498 1957 581 1991 Ald.
608 1957 860 2003 emendatum)
885 1962 1097 2002 superatque
1122 1970 1170 1994 sc.
1198 1969 1218 1994 e
1238 1958 1345 2000 mari,
1380 1959 1423 1994 ut
1447 1959 1568 1995 Plaut.
1593 1958 1708 1995 Stich.

231 2015 301 2050 365
327 2016 640 2051 commodum—sol
664 2017 855 2061 superabat
880 2027 922 2051 ex
944 2017 1038 2052 mari
1045 2033 1052 2063 3
1080 2018 1149 2053 hoc
1173 2017 1291 2062 magis
1316 2017 1442 2063 placet
1465 2029 1576 2064 quam
1586 2022 1709 2063 paret-

231 2086 297 2119 que
321 2075 344 2111 i.
371 2086 400 2111 e.
428 2077 597 2121 apparet,
622 2076 668 2111 de
694 2088 764 2121 quo
792 2076 856 2111 cfr.
884 2075 979 2112 Stat.
1005 2076 1084 2113 silv.
1110 2077 1159 2122 II,
1185 2077 1216 2118 2,
1244 2077 1289 2111 ’76
1314 2077 1368 2113 illi
1384 2077 1565 2123 Prochyta
1581 2088 1710 2122 aspera

226 2138 345 2178 paret.

328 2193 408 2228 432.
463 2194 635 2229 Threiciis
660 2205 795 2229 arcana
818 2195 949 2236 sacri8;
977 2194 1023 2230 de
1051 2195 1107 2230 his
1132 2195 1316 2240 mysteriis
1355 2195 1604 2232 celeberrimis
1643 2194 1709 2230 cfr.

232 2252 385 2297 praeter
410 2252 501 2287 alios
527 2252 682 2288 Prelleri
707 2265 761 2298 gr.
787 2253 940 2298 mythol.
966 2254 1010 2299 1⁴,
1035 2253 1105 2289 849
1131 2266 1234 2299 seqq.

329 2322 409 2357 435.
458 2327 582 2367 sponte
604 2324 680 2367 ipse
704 2324 788 2359 deus
811 2324 836 2359 i.
862 2336 891 2360 e,
917 2336 991 2360 non
1016 2324 1137 2360 hieme
1163 2326 1229 2360 aut
1244 2324 1365 2360 ventis
1384 2324 1548 2367 adiutus;
1567 2328 1712 2369 asperat

233 2381 364 2416 undas:
391 2381 505 2426 Verg.
530 2381 621 2418 Aen.
647 2382 713 2424 III,
740 2382 821 2418 285.

327 2451 408 2487 437.
457 2451 585 2486 Mirari
626 2464 695 2497 par
734 2453 800 2494 est,
839 2453 1022 2497 quomodo
1060 2454 1140 2490 fieri
1175 2453 1349 2499 potuerit,
1388 2455 1430 2489 ut
1471 2455 1710 2499 Argonautae

234 2511 372 2546 Lemno
397 2510 556 2557 profecti
582 2512 620 2547 et
645 2512 694 2546 ad
719 2512 998 2557 Hellespontum
1023 2513 1221 2549 tendentes
1257 2512 1551 2548 Samothraciam
1581 2523 1711 2558 perve-

235 2569 370 2612 nirent,
396 2581 517 2616 neque
543 2570 667 2606 omisit
691 2570 914 2616 Apollonius,
942 2571 980 2606 in
1016 2572 1154 2607 talibus
1191 2572 1301 2608 rebus
1340 2571 1553 2617 diligentior
1586 2572 1711 2617 poeta,

232 2629 370 2671 dicere,
397 2629 497 2665 iussu
524 2629 662 2675 Orphei
688 2631 726 2665 et
751 2631 852 2666 certo
878 2630 1029 2666 consilio
1056 2642 1118 2667 eos
1144 2631 1192 2666 ad
1219 2632 1312 2666 hanc
1337 2630 1494 2666 insulam
1526 2630 1710 2676 appulisse

237 2687 266 2729 I,
293 2687 363 2722 915
389 2699 491 2733 seqq.
