1890 3100
266 257 350 300 198
810 254 848 290 C.
874 254 1055 289 VALERI
1081 253 1255 290 FLACCI

371 379 616 426 exsuperant
643 375 883 426 Pityamque
911 373 1037 421 vadis,
1067 373 1381 425 transmissaque
1411 373 1534 425 puppi

369 440 627 491 Lampsacus,
659 438 811 491 Ogygii
840 453 958 492 quam
986 452 1061 478 nec
1089 439 1292 477 trieterica
1318 438 1471 476 Bacchi

371 518 484 543 sacra
511 518 644 557 neque
674 505 828 542 arcanis
856 504 1057 556 Phrygius
1087 503 1196 542 furor
1224 503 1377 542 invehit
1406 503 1539 550 antris,

371 570 444 609 sed
473 583 568 608 suus
596 570 638 608 in
665 570 866 608 Venerem
895 575 1026 621 raptat
1055 568 1166 607 deus.
1224 569 1331 607 illius
1362 582 1450 607 aras
1757 575 1811 606 625

370 635 468 674 urbe
499 649 620 687 super
648 635 826 687 celsique
854 634 993 673 vident
1021 634 1222 673 velamina
1250 633 1401 686 templi.

371 701 496 739 rarior
523 701 616 739 hinc
645 700 767 739 tellus
797 706 917 752 atque
946 701 1089 752 ingens
1119 699 1297 752 undique
1327 699 1484 738 caelum

370 779 507 804 rursus
539 772 578 805 et
606 767 801 818 incipiens
831 765 952 804 alium
980 771 1215 817 prospectus
1245 766 1286 803 in
1316 765 1463 803 orbem.

359 885 439 921 622.
491 886 637 931 Pityam
669 885 747 920 sive
773 885 939 930 Pityeam
978 883 1043 930 (sic
1082 883 1183 929 apud
1207 883 1313 918 Hom.
1352 882 1397 919 Il.
1437 881 1486 924 II,
1525 881 1609 927 829)
1647 881 1759 919 schol.

265 945 385 991 Apoll.
412 945 440 987 Ι,
472 944 541 980 933
575 944 666 979 dicit
698 944 892 988 antiquum
917 942 1114 988 Lampsaci
1152 953 1288 978 nomen
1325 941 1451 983 fuisse,
1491 943 1603 986 atque
1642 941 1759 977 solam

266 1005 426 1050 Pstyam,
465 1016 540 1040 non
578 1004 826 1049 Lampsacum
862 1002 1032 1038 nominat
1062 1001 1279 1048 Apollonius
1312 1001 1335 1036 l.
1361 1001 1397 1046 1.,
1428 1000 1599 1037 Valerius
1632 1001 1760 1035 autem

263 1065 418 1110 praeter
442 1063 592 1108 Pityam
619 1063 734 1099 ctiam
759 1062 1015 1108 Lampsacum,
1054 1072 1175 1106 neque
1206 1060 1410 1102 immeritam
1445 1060 1627 1096 erravisse
1661 1058 1760 1095 enim

266 1123 507 1159 scholiastam
533 1123 710 1158 docemur
743 1133 765 1157 a
798 1121 995 1161 Strabone,
1028 1120 1089 1166 qui
1122 1121 1253 1165 aperte
1286 1119 1474 1155 diversam
1505 1130 1526 1154 a
1552 1119 1759 1163 Lampsaco

263 1182 414 1228 Pityam
447 1181 617 1218 nominet
649 1181 751 1222 XIII,
793 1181 825 1222 1,
864 1180 909 1214 15
947 1181 986 1216 et
1023 1179 1217 1224 antiquum
1242 1178 1439 1224 Lampsaci
1475 1189 1612 1214 nomen
1636 1177 1759 1222 Pity-

264 1254 416 1277 ussam
442 1241 557 1276 fuisse
583 1241 675 1276 dicit
699 1240 791 1276 ibid.
818 1240 878 1282 18;
907 1239 973 1275 cfr.
1000 1239 1093 1275 Plin.
1120 1239 1197 1273 nat.
1224 1238 1310 1274 hist.
1335 1237 1378 1280 V,
1406 1238 1491 1280 141;
1519 1236 1646 1282 Steph.
1670 1236 1759 1281 Byz.

268 1302 307 1337 et
331 1301 493 1347 Etymol.
520 1301 570 1336 M.
596 1313 624 1336 s.
650 1312 683 1336 v.
711 1300 947 1345 Lampsacus.

359 1362 432 1397 iam
456 1362 545 1406 iuya
570 1360 736 1396 Percotes
759 1381 807 1386 —
831 1362 1063 1403 eaesuperant:
1088 1358 1199 1403 Verg.
1218 1357 1310 1395 Aen.
1336 1356 1404 1399 III,
1431 1356 1502 1392 698
1526 1365 1698 1401 ean-supero
1716 1373 1760 1380 --

264 1423 376 1458 sobam
400 1422 604 1467 stagnantis
628 1420 765 1455 Helori.

360 1493 441 1529 623.
491 1493 771 1536 &ransmissaque
797 1511 840 1516 —
867 1490 1104 1535 Lampsacus:
1151 1489 1197 1524 dc
1231 1489 1301 1524 hac
1337 1487 1622 1523 transmittendi
1654 1484 1761 1521 verbi

266 1552 536 1599 significatione
563 1550 630 1589 cfr.
657 1549 719 1587 Sil.
744 1549 774 1592 Ι,
800 1549 870 1584 472
897 1549 1029 1594 (Corus
1046 1549 1196 1594 nautas)
1214 1549 1371 1583 curvatis
1382 1546 1539 1592 pavidas
1556 1543 1758 1596 (pavidos?)

265 1612 475 1648 bran-*mittit
501 1610 674 1657 Cycladas
697 1610 819 1651 undis;
838 1608 918 1651 XV,
946 1608 1014 1643 165
1034 1608 1275 1653 Elymumque
1292 1608 1413 1643 citatis
1429 1607 1537 1642 litora
1555 1608 1761 1644 tramittunt

266 1673 397 1717 proris.
445 1671 502 1707 De
528 1669 721 1715 Lampsaci
746 1668 894 1705 nomine
922 1668 989 1703 cfr.
1015 1668 1144 1713 Pomp.
1171 1667 1258 1702 Mel.
1283 1666 1312 1707 Ι,
1328 1663 1396 1708 ·19,
1424 1667 1458 1703 1.
1486 1681 1493 1687 ·

362 1743 442 1779 624.
492 1741 735 1778 Notissimum
759 1740 914 1785 Phrygii
954 1739 1089 1775 furoris
1123 1738 1330 1784 exemplum
1366 1739 1423 1774 est
1453 1737 1562 1780 Attis,
1603 1738 1650 1774 de
1686 1750 1757 1784 quo

270 1803 435 1839 Catullus
479 1801 558 1847 egit
600 1800 763 1836 carmine
800 1800 890 1835 noto
928 1798 1060 1833 LXIII.
1105 1798 1212 1841 furor
1247 1798 1396 1839 invehit;
1437 1796 1505 1834 cfr.
1537 1797 1641 1846 Paul.
1667 1798 1759 1836 Pell.

269 1863 418 1898 euchar.
444 1861 513 1896 136
538 1871 628 1906 quae
653 1881 698 1886 —-
722 1861 884 1895 invexere
907 1859 997 1894 mihi
1020 1859 1132 1903 iuqem
1158 1858 1231 1893 iam
1256 1857 1381 1893 deinde
1406 1856 1541 1902 leqendz·
1561 1857 1759 1893 Desidiam.

363 1932 442 1968 625.
492 1943 580 1967 suus
612 1931 650 1978 (i.
681 1942 711 1966 e.
743 1930 930 1976 proprius)
962 1931 1001 1965 in
1039 1929 1204 1964 Venerem
1234 1932 1359 1973 raptat
1390 1928 1490 1971 deum
1528 1939 1603 1963 non
1641 1928 1761 1964 solum

268 1991 475 2038 Lampsaci,
502 1991 569 2027 sed
594 1990 744 2026 omnino
769 1989 808 2024 in
833 1988 1068 2034 Hellesponti
1102 1988 1256 2023 urbibus
1282 1987 1440 2033 Priapus
1473 1998 1616 2022 summa
1646 1998 1757 2023 vene-

268 2051 414 2087 ratione
440 2050 636 2086 colebatur
665 2049 987 2094 (Hellespontiacas
1012 2047 1227 2083 nominatur
1254 2058 1275 2081 a
1291 2046 1403 2091 Verg.
1429 2057 1556 2091 georg.
1583 2045 1644 2088 IV,
1665 2046 1758 2092 111);

270 2110 337 2148 cfr.
362 2110 519 2146 Prelleri
543 2109 699 2154 mythol.
726 2120 817 2145 rom.
843 2108 887 2151 1³,
913 2107 994 2143 450.

364 2181 444 2217 626.
494 2181 671 2216 velamina
696 2180 817 2224 templi
841 2180 911 2214 hac
937 2178 1083 2214 ratione
1109 2177 1198 2213 alibi
1222 2188 1297 2212 non
1333 2177 1672 2212 commemorantur
1703 2177 1758 2210 at-

271 2252 341 2286 que
373 2241 464 2276 satis
500 2240 594 2276 lenis
633 2241 689 2276 cst
725 2239 940 2275 coniectura
964 2237 1148 2273 Koestlini
1173 2236 1305 2272 Philol.
1344 2235 1400 2281 39,
1439 2235 1510 2270 250
1548 2236 1587 2271 et
1617 2235 1760 2270 Kurtzii

272 2301 415 2346 ephem.
443 2311 566 2345 gymn.
593 2299 716 2334 Austr.
743 2298 800 2345 28,
833 2298 903 2333 610
934 2298 979 2333 et·
997 2297 1100 2342 Bury
1132 2296 1375 2332 Hermathen.
1409 2294 1510 2336 VIII,
1543 2294 1613 2329 402
1647 2295 1760 2330 caela-

269 2361 383 2401 mina;
410 2358 477 2394 sed
503 2357 825 2394 considerantibus
851 2356 968 2398 nobis,
1002 2367 1098 2401 quae
1131 2355 1226 2390 dixit
1251 2355 1364 2399 Verg.
1390 2353 1481 2389 Aen.
1514 2353 1562 2394 Π,
1595 2353 1664 2388 248
1695 2364 1761 2388 nos

271 2419 417 2454 dembra
441 2418 543 2453 deum
582 2438 623 2443 —
660 2417 754 2460 festa
777 2417 971 2452 velamus
992 2415 1122 2458 fronde
1140 2425 1209 2459 per
1233 2415 1352 2449 urbem
1379 2414 1419 2449 et
1453 2412 1515 2454 IV,
1550 2411 1618 2448 459
1652 2413 1760 2459 (tem-

270 2478 386 2524 plum)
402 2477 586 2529 velleribus
601 2477 713 2511 niveis
730 2480 762 2511 et
783 2476 879 2518 festa
893 2475 1021 2518 fronde
1037 2475 1229 2510 revinctum
1247 2472 1340 2508 nihil
1357 2472 1577 2507 mutandum
1598 2471 1757 2514 videtur;

271 2537 415 2582 templa
442 2535 612 2572 coronari
636 2536 768 2570 narrat
794 2535 859 2570 Ov.
886 2536 974 2570 met.
1001 2533 1102 2574 VIII,
1129 2533 1208 2567 264.

366 2597 453 2631 wrbe
475 2606 599 2641 &apem
627 2595 674 2630 de
701 2594 949 2634 collocatione¹
968 2592 1255 2638 praepositionis
1285 2590 1350 2626 cfr.
1378 2590 1445 2631 ΠΙ,
1481 2590 1564 2632 109;
1597 2589 1658 2631 VI,
1695 2589 1758 2630 88;

273 2656 359 2698 525;
385 2655 486 2697 VIII,
515 2655 583 2690 152
611 2655 766 2701 (supra);
794 2655 832 2689 et
858 2653 907 2688 ad
932 2653 961 2695 Ι,
991 2653 1068 2687 151.

369 2726 449 2762 627.
497 2726 608 2771 Verg.
637 2726 726 2761 Aen.
752 2724 793 2765 V,
821 2724 861 2766 9;
888 2723 956 2763 ΠΙ,
986 2723 1063 2758 193.
