1890 3100
207 252 292 300 234
734 254 771 290 C.
796 253 977 289 VALERI
1003 254 1127 289 FLAC
1133 253 1179 288 CI

315 380 422 412 stant
448 375 613 426 Minyae
644 373 875 427 deflentque
903 374 1017 413 nefas
1048 380 1088 413 et
1117 374 1292 426 cuspidis
1321 375 1424 413 ictus

313 441 515 478 Aesoniae
546 446 774 492 sortemque
805 440 916 478 ducis
947 441 1126 479 solantur
1154 440 1351 478 acerbam.
1696 452 1750 482 285

314 506 383 544 ille
412 506 480 544 ubi
511 511 717 544 concretos
746 506 885 557 pingui
913 506 991 544 iam
1021 506 1216 557 sanguine
1247 506 1375 543 crines

314 571 596 623 pallentesque
626 584 752 622 genas
781 571 1032 623 infractaque
1061 577 1225 623 pectore
1255 584 1346 608 caro

315 637 398 675 tela
425 650 558 688 neque
587 637 798 675 hesternos
829 637 992 688 agnovit
1019 637 1060 674 in
1088 637 1246 687 hospite
1276 636 1423 683 vultus,

315 703 483 753 ingemit
511 708 632 754 atque
663 707 771 740 artus
800 702 906 740 fatur
935 702 1166 753 complexus
1198 702 1363 740 amicos:

317 773 368 807 ‘te
397 773 532 806 tamen
560 768 742 819 ignarum
770 768 884 814 tanti,
914 767 1150 815 miserande,
1181 767 1325 805 furoris
1699 772 1754 801 290

317 846 398 872 nox
427 833 550 872 habet
580 839 620 871 et
648 833 759 871 nullo
788 838 1004 871 testantem
1033 833 1198 871 foedera
1228 839 1389 885 questu:

317 905 357 938 at
386 899 481 937 mihi
509 899 728 937 luctificum
757 899 869 937 venit
898 898 1022 936 iubar.
1080 899 1160 936 heu
1191 898 1334 950 quibus
1365 898 1506 937 adsum

317 964 565 1016 conloquiis?
595 965 658 1003 cui
686 977 749 1002 me
778 964 950 1015 hospitio
979 964 1158 1002 Fortuna
1186 964 1375 1002 revexit?

319 1031 553 1081 extinguine
582 1043 674 1068 mea
704 1029 811 1081 (fatis
840 1029 881 1066 id
911 1028 1038 1067 defuit
1066 1030 1205 1079 unum)

325 1096 485 1148 speravi
513 1101 553 1133 te
583 1108 703 1146 posse
732 1093 879 1133 manu?
908 1094 1053 1133 talisve
1081 1094 1227 1146 reliqui
1705 1093 1761 1123 295

321 1162 394 1199 has
426 1174 513 1212 eg0,
544 1161 683 1207 amice,
714 1159 879 1198 domos?
909 1159 1017 1211 quod
1047 1159 1079 1198 si
1107 1160 1186 1198 iam
1213 1159 1325 1198 bella
1352 1159 1581 1207 manebant,

307 1297 387 1333 284.
438 1297 597 1341 cuspidis
628 1297 720 1332 ictus
744 1296 921 1331 Aesoniae
954 1307 1169 1341 expressum
1201 1307 1246 1331 ex
1274 1299 1384 1341 Verg.
1410 1296 1500 1331 Aen.
1527 1295 1612 1340 VII,
1639 1295 1709 1331 756

212 1358 427 1394 Dardaniae
452 1382 497 1387 -
524 1357 682 1402 cuspidis
706 1358 815 1392 ictum
841 1357 879 1392 et
904 1356 965 1398 XI,
992 1356 1039 1391 40
1064 1357 1189 1392 volnus
1214 1356 1373 1401 cuspidis
1397 1357 1595 1399 Ausoniae3
1621 1356 1708 1391 inde

212 1418 252 1453 id
277 1429 421 1463 quoque
447 1417 616 1453 concludi
640 1428 750 1462 posse
778 1416 936 1458 videtur,
963 1416 1140 1452 Aesoniae
1176 1416 1317 1452 dictum
1350 1428 1431 1452 esse
1461 1428 1530 1462 pro
1560 1416 1708 1452 Thessa-

214 1479 301 1514 licae
340 1478 474 1513 eadem
510 1477 668 1518 ratione,
707 1477 749 1511 ut
776 1476 913 1511 dicitur
940 1475 1104 1512 Oebalius
1133 1488 1202 1522 pro
1228 1477 1424 1522 Spartano,
1452 1477 1626 1512 Inachius
1649 1475 1711 1511 vel

215 1538 337 1572 Iasius
361 1547 428 1582 pro
454 1536 602 1581 Argivo,
631 1534 789 1581 Oyyyius
815 1537 854 1571 et
882 1535 1054 1570 Cadmeas
1090 1547 1158 1580 pro
1185 1535 1376 1576 Thebano,
1418 1535 1607 1580 Cecropius
1642 1547 1710 1581 pro

213 1597 350 1632 Attico.
403 1595 509 1638 Quod
536 1607 619 1630 cum
635 1595 828 1630 Baehrens
854 1606 928 1630 non
944 1594 1185 1640 perspiceret,
1213 1594 1361 1640 scripsit
1380 1594 1610 1642 Haemoniae,
1636 1595 1708 1630 vid.

215 1656 330 1692 etiam
357 1656 418 1697 VI,
445 1655 515 1690 653
542 1656 581 1690 et
609 1654 690 1697 VII,
719 1654 774 1691 17.

309 1715 389 1750 285.
439 1726 518 1750 sors
542 1715 670 1750 acerba
695 1714 796 1749 ducis
819 1713 1078 1759 inteUegenda
1103 1725 1181 1750 sors
1211 1713 1364 1755 Iasonis,
1398 1713 1457 1749 cui
1481 1714 1712 1749 destinatum

216 1777 299 1812 erat
324 1774 515 1821 hospitem
541 1774 723 1810 occidere.

309 1834 390 1870 286.
443 1833 518 1870 Gfr.
543 1833 654 1878 Verg.
680 1833 771 1869 Aen.
799 1833 847 1874 II,
874 1833 954 1870 277.

310 1893 390 1929 287.
441 1893 665 1937 infractaque
684 1896 827 1937 pectore
843 1904 926 1928 caro
944 1893 1029 1927 tela:
1057 1891 1182 1927 fracta
1199 1891 1239 1927 in
1255 1894 1406 1937 pectore
1423 1891 1512 1934 tela,
1539 1891 1582 1926 ut
1597 1891 1711 1937 Verg.

216 1957 306 1990 Aen.
334 1954 376 1995 X,
405 1953 472 1988 731
493 1955 724 2006 ¹infractaque
748 1953 818 1988 tela
843 1956 1014 1988 cruentat.

311 2013 392 2049 290.
442 2017 475 2048 te
499 2017 617 2048 tamen
640 2014 808 2058 iynarum
834 2024 864 2051 e.
891 2024 922 2058 q.
951 2025 978 2048 s.
1029 2012 1147 2047 Tacet
1183 2012 1299 2057 poeta
1335 2011 1483 2046 initium
1523 2010 1708 2056 querelae,

217 2073 316 2119 quod
347 2073 514 2109 breviter
545 2073 734 2108 indicatur
764 2072 880 2108 verbo
911 2072 1056 2117 inyemit
1090 2072 1204 2116 atque
1236 2070 1366 2106 statim
1397 2070 1498 2117 rapit
1530 2070 1712 2106 lectorem

215 2133 255 2168 in
286 2132 429 2168 medios
455 2132 598 2168 Iasonis
637 2132 782 2168 dolores
821 2133 860 2168 et
896 2131 1203 2173 lamentationes;
1244 2130 1311 2166 cfr.
1349 2130 1583 2166 notissimum
1621 2128 1714 2164 illud

218 2191 388 2228 Schilleri
422 2191 541 2227 nostri
580 2192 685 2227 ‘und
721 2204 821 2227 muss
858 2191 919 2227 ich
957 2203 996 2226 so
1036 2191 1124 2226 dich
1154 2189 1449 2234 wiederfinden’;
1488 2188 1617 2224 similis
1655 2189 1711 2234 est

216 2252 323 2287 locus
349 2251 431 2287 Val.
461 2250 522 2292 IV,
542 2250 630 2286 -191,

313 2310 394 2346 291.
446 2314 478 2345 et
502 2311 618 2353 nullm
657 2310 731 2345 vid.
758 2310 902 2346 Kuehn.
938 2321 1094 2355 gramm.
1120 2309 1186 2345 lat.
1212 2309 1262 2354 II,
1289 2309 1308 2354 ξ
1335 2307 1414 2350 157,
1440 2308 1463 2343 3
1489 2309 1614 2344 annot.

316 2369 397 2405 292.
446 2370 607 2405 iuvarint
625 2369 719 2411 Vat.,
747 2370 852 2404 iubar
876 2371 944 2405 heu
961 2369 1067 2405 Thilo
1093 2369 1131 2404 in
1157 2369 1283 2404 annot.

318 2429 398 2464 294.
447 2429 537 2472 fatis
577 2429 617 2464 id
656 2429 769 2471 defuit
814 2440 942 2463 unum:
982 2429 1094 2474 Verg.
1136 2428 1228 2465 Aen.
1270 2426 1361 2470 XII,
1403 2426 1473 2462 643
1519 2426 1559 2462 id
1609 2426 1713 2462 rebus

220 2489 336 2535 defuit
360 2500 482 2523 unum.

316 2548 398 2586 295.
447 2547 631 2593 sperandi
663 2548 820 2583 verbum
844 2547 943 2583 inter
969 2558 1079 2583 voces
1120 2558 1215 2592 quae
1241 2545 1415 2581 dicuntur
1438 2544 1586 2580 mediae
1616 2543 1712 2580 refe—

220 2607 379 2644 rendum
420 2618 501 2643 esse
538 2608 670 2642 notum
708 2607 774 2647 est,
814 2607 938 2651 atque.
964 2606 1153 2642 interdum
1181 2605 1369 2641 obiectum
1395 2603 1549 2639 assumit
1572 2603 1712 2639 malam

221 2679 301 2704 rem
339 2667 401 2703 vel
439 2666 698 2702 calamitatem
733 2665 952 2711 exprimens,
991 2667 1034 2700 ut
1065 2666 1171 2710 Verg.
1214 2664 1280 2700 001.
1306 2663 1407 2705 VI-II,
1434 2663 1481 2698 26
1517 2663 1606 2708 quid
1641 2673 1714 2698 non

221 2737 401 2772 speremus
425 2725 622 2768 amantes?;
654 2725 746 2761 Aen.
772 2725 799 2767 Ι,
827 2725 896 2759 542
922 2736 1014 2770 seq.:
1042 2724 1103 2770 IV,
1130 2723 1213 2759 419.
