1890 3100
237 186 324 230 432
762 181 800 218 C.
826 181 1007 217 VALERI
1032 180 1154 216 FLAC
1160 180 1207 216 CI

343 309 525 355 tempora
553 307 767 341 nectuntur
795 301 921 354 ramo)
951 307 1004 348 te,
1037 300 1187 352 Cyme,
1217 300 1394 352 parentis

343 370 615 409 immemorem
645 367 770 407 durae
799 368 963 420 cupiens
993 366 1196 406 abducere
1223 379 1402 419 pugnae3

344 436 504 487 iamque
534 447 672 472 omnes
700 434 863 486 impune
892 433 1033 484 globos
1065 432 1305 485 diversaque
1333 432 1507 470 lustrans

345 500 505 552 agmina
532 513 614 538 non
641 513 811 552 usquam
839 505 977 538 natum
1006 498 1127 537 videt.
1185 504 1309 550 utque
1338 498 1482 536 iterum
1508 497 1632 535 instat
1729 505 1787 537 wo

343 566 582 614 vociferans,
611 566 756 604 iterum
784 564 882 603 belli
911 563 1072 603 diversa
1100 569 1299 615 peragrat,

344 631 488 670 iancea
516 630 722 674 caeruleas
753 630 900 668 circum
930 630 1070 681 strepit
1099 629 1222 667 incita
1248 629 1380 676 vittas,

347 696 532 748 opprimit
560 695 744 734 admissis
773 694 883 733 ferus
912 694 1005 732 hinc
1035 693 1248 733 Gesander
1275 693 1456 732 habenis.

345 761 416 800 ille
444 774 606 800 manum
633 759 839 812 trepidans
869 765 991 812 atque
1019 759 1132 797 irrita
1161 772 1274 797 sacra
1301 757 1484 804 tetendit,

347 832 480 880 ‘teque
507 839 581 878 per
607 826 724 874 hanc,
755 824 937 876 genitor’,
966 825 1096 877 inquit
1126 825 1209 863 ‘tibi
1239 825 1272 862 si
1300 829 1446 872 manet,
1477 836 1545 862 oro
1730 825 1786 856 3⁰5

347 893 545 939 canitiem,
577 903 788 942 compesce
817 890 944 928 minas
975 895 1026 937 et,
1058 890 1091 927 si
1120 890 1192 928 tibi
1220 895 1350 937 natus,

333 970 466 1010 ¹parce
494 956 611 995 meo’.
669 955 780 994 dixit.
838 961 977 993 contra
1005 955 1062 993 sic
1090 955 1218 993 victor
1245 954 1388 993 adacto

348 1036 446 1062 ense
475 1021 616 1061 refert:
650 1021 830 1073 ‘genitor,
859 1021 966 1072 turpi
996 1019 1138 1059 durare
1172 1026 1336 1059 senecta

349 1100 468 1140 quem
496 1086 593 1124 mihi
621 1086 720 1124 reris
750 1085 892 1132 adhuc,
922 1085 1010 1137 ipse
1038 1084 1116 1123 hac
1146 1084 1383 1123 occumbere
1412 1083 1555 1122 dextra

347 1153 489 1191 maluit
517 1157 638 1204 atque
669 1151 772 1189 ultro
803 1163 949 1202 segnes
979 1150 1216 1201 abrumpere
1245 1150 1361 1188 telas.
1733 1159 1789 1189 310

241 1292 286 1325 ut
311 1289 412 1335 apud
439 1288 501 1323 Sil.
528 1288 588 1329 IV,
616 1287 696 1334 726,
724 1287 930 1332 eademque
948 1286 1082 1322 fronde
1100 1287 1254 1322 ornatus
1273 1290 1328 1321 est
1344 1285 1518 1321 sacerdos
1542 1284 1660 1332 fluvii;
1687 1285 1734 1321 de

240 1350 361 1395 figura
378 1348 580 1393 enallages,
601 1359 685 1383 cum
703 1346 776 1382 dici
794 1346 951 1382 deberet
962 1347 1143 1391 populeae
1159 1346 1302 1388 frondis
1317 1346 1440 1391 honor,
1459 1345 1532 1380 vid.
1551 1344 1601 1380 ad
1613 1343 1682 1386 HI,
1695 1344 1729 1381 4.

335 1411 589 1452 conspectaque
611 1408 739 1453 ylauco
764 1410 926 1451 tempora
951 1409 1142 1441 nectuntur
1157 1416 1274 1452 ramo;
1300 1405 1356 1440 his
1381 1404 1506 1440 verbis
1530 1403 1622 1439 nihil
1645 1403 1732 1439 novi

243 1467 465 1509 continetur,
507 1467 574 1503 sed
605 1478 701 1511 quae
727 1467 841 1501 antea
865 1465 962 1500 dicta
987 1466 1075 1500 sunt
1100 1464 1309 1500 accuratius
1341 1463 1616 1506 describuntur;
1652 1474 1733 1499 con-

240 1532 362 1573 specta
397 1531 556 1572 tempora
593 1528 680 1562 sunt
718 1526 934 1571 conspicua,
972 1525 1149 1570 insignia,
1186 1524 1253 1562 cfr.
1285 1524 1396 1569 Verg.
1422 1535 1550 1569 georg.
1574 1523 1644 1564 III,
1673 1523 1733 1565 173

242 1587 334 1623 Aen.
360 1586 461 1628 VIII,
488 1586 574 1628 58&
603 1586 668 1622 Ov.
695 1587 783 1622 met.
810 1585 872 1627 IV,
901 1585 986 1627 795;
1013 1584 1116 1626 XIII,
1145 1584 1228 1626 794;
1263 1588 1451 1620 neetwntur
1474 1583 1496 1618 i.
1525 1594 1554 1618 e.
1582 1582 1734 1627 cingun-

241 1648 313 1689 tur,
339 1646 413 1684 vid.
440 1646 489 1681 ad
514 1658 550 1683 V.
578 1645 656 1681 136.

336 1705 416 1741 300.
466 1709 590 1740 natum
626 1716 698 1740 om.
724 1704 821 1748 Vat.,
860 1703 946 1740 add.
979 1704 1192 1745 Loehbach,
1220 1702 1317 1738 stud.
1342 1715 1378 1748 p.
1406 1702 1467 1745 11;
1499 1701 1613 1746 adque
1639 1701 1732 1743 Vat.,

241 1770 349 1811 utque
372 1765 583 1811 Burmann3
609 1765 724 1799 intrat
748 1763 845 1806 Vat.,
872 1764 985 1799 instat
1008 1763 1190 1798 Heinsius

335 1825 418 1861 302.
467 1824 592 1860 Primo
617 1823 790 1859 lanceam
814 1823 853 1858 in
879 1823 1116 1859 sacerdotem
1143 1821 1280 1858 conicit
1307 1821 1508 1863 Gesander,
1547 1820 1614 1856 sed
1650 1831 1730 1856 cum

244 1896 289 1921 ea
312 1883 464 1920 innoxia
487 1883 805 1930 praeter-volasset
836 1884 958 1928 caput,
987 1894 1081 1927 equo
1108 1881 1269 1917 admisso
1295 1881 1420 1927 gladio
1445 1892 1528 1917 eum
1552 1879 1736 1917 interficit.

338 1943 420 1980 303.
469 1944 564 1978 hunc
587 1943 684 1984 Vat.,
710 1943 793 1978 hinc
816 1942 1028 1986 Burmann3
1054 1941 1221 1977 admissis
1245 1940 1392 1976 habenis
1407 1939 1556 1986 scripsit
1566 1939 1733 1975 Valerius

242 2015 310 2049 pro
338 2015 432 2048 equo
458 2002 627 2044 admisso,
661 2002 727 2038 sed
752 2001 866 2037 multo
892 2001 1070 2037 audacius
1103 2000 1196 2036 dixit
1222 2001 1333 2045 Verg.
1359 2002 1448 2035 Aen.
1475 1998 1539 2041 XI,
1571 1998 1641 2033 765
1664 1999 1732 2034 hac

242 2064 382 2099 iuvenis
412 2062 540 2106 furtim
578 2062 700 2097 celeris
737 2062 917 2106 detorquet
952 2062 1111 2096 habenas
1149 2061 1186 2096 et
1220 2059 1347 2096 Claud.
1384 2058 1423 2094 in
1446 2058 1555 2094 Prob.
1582 2069 1679 2093 cons.
1709 2057 1728 2092 1

242 2123 297 2158 sol
320 2123 381 2167 qai
402 2122 632 2169 flammiyms
656 2121 828 2156 mandram
852 2121 1056 2165 complexus
1080 2120 1229 2156 habenis
1258 2118 1376 2154 Volvis
1401 2139 1445 2144 -
1469 2117 1621 2153 saccula.

339 2181 419 2217 304.
468 2192 574 2217 sacra
598 2181 751 2222 tetendit,
792 2191 886 2226 quae
913 2180 1083 2216 manibus
1110 2179 1306 2225 gestabam
1333 2189 1378 2214 ea
1401 2176 1611 2213 accuratius
1633 2175 1729 2211 indi-

244 2252 330 2277 care
366 2242 481 2286 poeta
517 2240 654 2276 nimiae
685 2239 885 2276 brevitatis
922 2239 1107 2275 studiosus
1132 2237 1402 2285 praetermisit:
1441 2237 1578 2282 quanto
1601 2235 1733 2271 melius

243 2312 321 2337 rem
346 2299 463 2346 gessit
487 2300 594 2336 Hom.
621 2300 663 2335 11.
691 2299 719 2340 Ι,
747 2300 791 2335 14
817 2305 904 2345 seq.!

339 2359 420 2396 305.
468 2360 624 2405 ,amiton
652 2359 717 2394 cfr.
746 2359 794 2394 ad
819 2359 869 2400 Π,
896 2358 977 2394 225.

339 2418 420 2454 306.
469 2419 584 2454 sicubi
619 2422 705 2454 nato
730 2418 826 2459 Vat.,
859 2420 891 2454 si
927 2419 993 2454 tibi
1028 2422 1139 2453 natus
1175 2415 1346 2452 Koestlin
1382 2414 1513 2450 Philol.
1551 2413 1607 2459 50,
1645 2413 1731 2456 736;

247 2478 289 2514 ‘si
312 2478 384 2514 tibi
408 2479 516 2524 pater
542 2479 606 2519 est,
632 2488 737 2513 meae
763 2477 965 2523 senectuti,
993 2477 1024 2512 si
1048 2476 1120 2512 tibi
1145 2476 1250 2517 filius,
1276 2486 1360 2511 meo
1384 2475 1475 2510 nato
1499 2474 1638 2519 parce'.

341 2537 421 2573 307.
470 2538 582 2573 vietor
618 2536 872 2581 significanter
901 2536 931 2570 is
958 2535 1103 2577 dicitur,
1143 2534 1203 2581 qui
1228 2534 1307 2570 sine
1333 2532 1446 2568 dubio
1469 2531 1635 2567 victurus
1661 2531 1728 2567 est.

341 2597 420 2632 310.
470 2600 581 2632 metas
605 2595 702 2641 Vat.,
728 2596 816 2630 telas
840 2595 978 2640 scripsi,
1006 2595 1027 2631 i.
1048 2606 1076 2630 e.
1104 2595 1304 2630 Parcarum
1328 2593 1406 2635 fila;
1432 2593 1535 2627 meta
1559 2589 1730 2636 abrumpi

246 2668 321 2693 non
345 2657 479 2705 potest,
505 2656 585 2691 vita
609 2655 692 2701 ipsa
717 2654 967 2700 abrumpitur,
988 2655 1190 2698 antequam
1217 2653 1265 2688 ad
1290 2653 1410 2688 metas
1435 2650 1618 2697 pervenit.
1667 2650 1734 2685 At-
