1890 3100
237 183 325 226 328
787 181 824 218 C.
854 182 1033 218 VALERI
1059 182 1234 218 FLAGCI

343 301 430 353 ipse
460 302 565 339 viros
595 301 784 352 gradiens
814 301 866 340 ad
893 303 1009 354 primi
1038 302 1164 340 litoris
1195 303 1341 341 undam

343 367 599 419 prosequitur
626 367 816 406 Phineus.
876 372 1086 420 ‘quaenam
1115 369 1188 407 tibi
1216 369 1403 420 praemia’
1437 369 1535 408 dixit

346 437 470 485 ‘quas‚
502 432 625 471 decus
657 446 678 470 0
708 434 876 481 Boreae,
914 435 1064 486 possim
1093 435 1324 486 persolvere
1354 435 1517 487 grates?
1732 446 1786 476 630

343 512 407 537 me
436 499 629 550 Pangaea
657 512 778 550 super
806 513 943 538 rursus
973 501 1067 551 iuga
1096 514 1241 552 meque
1271 507 1439 552 paterna

345 569 451 601 stare
479 563 590 614 Tyro
621 563 842 616 dulcesque
872 565 1017 603 iterum
1045 565 1141 603 mihi
1172 579 1337 616 surgere
1367 566 1474 605 soles

343 642 449 667 nunc
479 641 581 668 reor.
639 634 804 667 exactae
834 642 984 668 verone
1015 629 1150 668 abiere
1179 630 1391 669 volucres?

343 707 419 732 nec
448 700 624 733 metuam
653 701 846 747 tutaeque
878 695 1029 747 dapes?
1072 695 1163 735 date
1193 702 1361 748 tangere
1392 698 1539 745 vultus,

345 759 435 798 dem
466 761 584 799 sinite
615 761 835 812 amplexus,
866 762 1110 814 propiusque
1141 763 1319 801 accedite
1351 763 1546 802 dextrae'.
1733 767 1787 797 635

345 825 511 864 dixerat.
570 826 793 865 abscedunt
820 826 937 865 terris
969 832 1008 865 et
1036 826 1154 865 litora
1183 827 1371 866 condunt.

400 891 596 930 Omnibus
628 892 832 943 extemplo
863 905 986 930 saeva
1015 892 1088 930 sub
1118 893 1293 944 imagine
1322 907 1443 945 rupes

346 956 538 1007 Cyaneae
568 957 810 1008 propiorque
840 957 964 1004 labor,
997 957 1157 1009 quando
1187 958 1324 997 adfore
1356 972 1516 1011 quaque

345 1027 459 1073 parte
488 1028 648 1073 putent3
681 1028 787 1060 stant
817 1036 886 1060 ora
914 1029 1024 1060 metu
1052 1036 1128 1061 nec
1156 1023 1265 1061 fessa
1293 1023 1488 1062 recedunt

345 1087 495 1125 lumina
525 1087 704 1126 diversas
735 1088 881 1126 circum
912 1089 1164 1127 servantibus
1194 1088 1333 1137 undas,
1733 1088 1787 1117 640

345 1167 435 1191 cum
463 1153 603 1204 procul
633 1153 758 1191 auditi
788 1154 940 1191 sonitus
971 1154 1193 1206 insanaque
1224 1167 1332 1193 saxa.

333 1290 414 1327 629.
466 1292 577 1335 Vei-g.
604 1291 694 1326 Aen.
722 1290 786 1335 XI,
812 1290 893 1326 508.

333 1350 412 1385 631.
465 1351 637 1395 Panqaea
664 1371 706 1375 —
732 1351 820 1395 iuya
844 1350 867 1385 i.
896 1361 926 1388 e.
953 1350 1146 1392 Thraciae,
1174 1350 1248 1387 vid.
1276 1351 1326 1385 ad
1353 1363 1384 1388 V.
1410 1351 1491 1388 427.

334 1410 413 1444 633.
465 1420 630 1445 verumne
654 1409 751 1451 Vat„
777 1421 905 1445 verone
930 1410 1072 1455 scripsi.

332 1469 413 1506 635.
463 1470 539 1504 dem
565 1490 609 1495 —
636 1471 840 1516 amplem3
882 1469 949 1504 cfr.
976 1470 1086 1514 Verg.
1114 1469 1206 1506 Aen.
1233 1469 1259 1510 I,
1287 1470 1374 1514 6873
1409 1470 1509 1512 VIII,
1536 1471 1624 1513 405;
1666 1471 1732 1507 Ov.

237 1531 327 1565 met.
353 1529 401 1570 II,
427 1529 490 1571 42;
517 1529 603 1573 6273
630 1528 691 1570 IV,
720 1528 788 1563 596
798 1542 811 1572 3,
833 1529 895 1570 XI,
921 1529 1009 1575 4593
1048 1528 1131 1566 Sen.
1158 1529 1256 1564 Med.
1283 1529 1369 1571 552;
1398 1529 1493 1566 Stat.
1520 1530 1600 1566 silv.
1628 1530 1670 1572 V,
1698 1531 1730 1571 2,

239 1589 303 1630 11;
346 1589 478 1624 Auson.
506 1588 619 1634 epigr.
650 1588 704 1630 13,
733 1589 765 1624 7.

332 1648 450 1682 Nimis
490 1647 656 1683 breviter
695 1648 866 1683 Valerius
905 1648 1107 1683 discessum
1133 1648 1438 1693 Argonautarum
1477 1649 1731 1694 imprimisque

237 1708 496 1744 Boreadarum
534 1707 696 1742 absolvit
721 1707 813 1742 nihil
839 1708 889 1742 ad
925 1708 1020 1743 haec
1057 1708 1222 1753 benigna
1258 1708 1374 1743 verba
1413 1708 1544 1744 Phinei
1582 1720 1734 1754 respon-

246 1767 426 1803 dentium.

334 1827 415 1863 636.
465 1828 572 1862 litora
597 1827 770 1869 condamm
804 1827 880 1861 vid.
908 1826 955 1865 II,
983 1827 1065 1863 443.

334 1886 414 1922 637.
464 1897 573 1931 rupes
600 1886 761 1932 Cyaneae
786 1898 835 1923 sc.
863 1887 952 1922 ante
979 1886 1104 1921 oculos
1131 1887 1339 1926 versantur,
1376 1887 1469 1921 dura
1489 1886 1626 1932 ellipsi3
1670 1886 1736 1922 cfr.

246 1946 296 1981 ad
321 1946 347 1988 I,
375 1946 456 1982 489.

333 2005 413 2041 638.
462 2007 612 2050 propior
638 2007 737 2041 labor
762 2017 812 2041 sc.
839 2017 951 2050 quam
978 2006 1016 2046 is,
1045 2005 1108 2050 qui
1135 2005 1236 2050 apud
1264 2004 1422 2041 Colchos
1452 2005 1637 2042 instabat.

334 2065 413 2100 639.
464 2069 563 2100 stant
587 2077 652 2100 ora
678 2065 847 2110 Wagner
871 2066 975 2101 recte
1003 2064 1221 2100 ‘immobilia
1246 2064 1393 2109 rigent,
1433 2065 1500 2100 sed
1538 2064 1633 2100 falso
1674 2066 1739 2100 ad-

241 2125 337 2159 didit
364 2125 507 2167 ‘silent’,
545 2125 659 2160 immo
698 2125 855 2160 immota
880 2125 1015 2160 tenent
1054 2135 1119 2160 ora
1150 2124 1187 2159 in
1209 2135 1292 2159 eam
1315 2125 1475 2170 partem,
1503 2125 1602 2160 unde
1627 2136 1739 2170 rupes

239 2184 316 2219 iam
352 2184 428 2219 iam
466 2185 673 2220 exorituras
711 2185 881 2230 sperant;
917 2184 982 2219 cfr.
1025 2184 1091 2219 Ov.
1131 2185 1213 2218 fast.
1266 2183 1328 2225 VI,
1369 2183 1437 2219 133
1473 2188 1608 2219 stantes
1646 2185 1741 2220 oculi

243 2245 375 2279 ‘starre
400 2244 561 2291 Augen'3
588 2244 818 2279 contrarium
844 2245 902 2279 est
928 2244 1029 2289 apud
1047 2244 1134 2281 Luc.
1158 2244 1196 2284 V,
1215 2243 1285 2277 214
1301 2247 1375 2278 stat
1397 2254 1582 2288 nunquam
1603 2243 1739 2289 facie8;

243 2302 309 2340 cfr.
337 2303 451 2338 etiam
478 2302 572 2338 Stat.
600 2303 717 2338 Theb.
745 2303 788 2348 X,
814 2303 884 2338 693
909 2314 973 2338 cur
992 2324 1034 2329 —
1053 2303 1102 2338 ad
1121 2304 1264 2347 patrios
1288 2314 1361 2338 non
1385 2306 1488 2338 stant
1512 2306 1576 2337 tua
1601 2303 1742 2338 lumina

254 2362 402 2398 vultus?

334 2422 432 2464 fessa
456 2422 623 2457 recedunt
649 2422 784 2456 lumina
815 2422 1041 2457 translatum
1079 2422 1127 2457 ab
1167 2421 1326 2462 homine,
1366 2421 1427 2466 qui
1467 2420 1585 2456 fessus
1628 2432 1742 2466 opere

242 2482 428 2517 faciendo
455 2481 605 2516 domum
630 2481 785 2516 recedit.

343 2543 423 2578 641.
474 2542 545 2577 Per
571 2541 794 2576 Planctas
814 2541 902 2575 navi
927 2541 1028 2576 vecti
1053 2542 1140 2576 sunt
1157 2541 1399 2585 Argonautae
1420 2539 1521 2585 apud
1539 2539 1645 2575 Hom.
1675 2539 1743 2575 Od.

248 2602 332 2643 XII,
362 2602 417 2642 70,
445 2613 529 2637 cum
557 2613 600 2636 ex
625 2602 729 2636 terra
749 2600 970 2636 Colchorum
996 2600 1175 2636 redirent.

340 2663 474 2697 insana
499 2672 592 2696 sama
618 2660 851 2706 explicantur
876 2660 1069 2706 ingentia3
1098 2659 1164 2695 sed
1202 2669 1428 2704 quamquam
1465 2658 1612 2704 saepius
1637 2669 1745 2704 prae-
