1890 3100
186 266 273 308 416
705 264 743 302 C.
771 264 948 300 VALERI
973 265 1146 300 FLACCI

292 383 367 421 hac
396 383 551 422 Arabas
580 383 732 423 fudisse
761 397 897 432 manu3
927 397 1021 423 mox
1048 390 1251 436 rumperet
1277 385 1405 423 Hebri

293 462 382 487 cum
409 449 524 497 vada,
554 449 828 501 Thyrsagetas
858 449 993 501 gelida
1019 449 1185 502 liquisse
1216 450 1287 488 sub
1318 456 1438 489 arcto.
1672 474 1724 503 140

291 514 370 552 illis
401 515 525 552 omnis
555 514 685 553 adhuc
713 521 894 554 veterum
921 521 1037 554 tenor
1066 521 1106 554 et
1135 528 1248 554 sacer
1277 516 1379 554 aeris

290 579 429 631 pulsus
460 586 500 618 et
529 593 627 618 eoae
655 580 909 619 memoratrix
937 580 1035 619 tibia
1061 594 1232 632 pugnae.

291 646 419 697 iungit
448 659 544 697 opes
572 646 730 685 Emeda
759 660 868 694 suas;
901 660 972 685 sua
1002 647 1116 698 signa
1145 647 1271 685 secuti

291 712 515 750 Exomatae
543 711 776 764 Torynique
806 718 846 750 et
873 712 965 750 flavi
995 712 1102 750 crine
1133 712 1368 761 Satarchae3

291 776 422 815 mellis
450 776 577 815 honos
607 777 793 828 Torynis,
825 777 952 815 ditant
981 791 1053 816 sua
1080 777 1249 815 mulctra
1279 777 1512 825 Satarchen,
1671 794 1724 823 145

290 842 509 880 Exomatas
539 848 708 880 venatus
737 842 817 888 alit,
847 854 922 880 nec
952 842 1094 880 clarior
1121 842 1213 881 ullis

294 913 422 946 arctos
453 908 584 959 equis3
614 907 764 945 abeunt
791 907 984 958 Hypanin
1012 907 1275 959 fragilemque
1303 901 1375 960 pe'r
1402 908 1547 947 undam

184 1025 212 1067 I,
241 1025 302 1067 573
340 1024 434 1060 Plin.
460 1026 537 1059 nat.
565 1024 651 1060 hist.
677 1024 739 1064 VI,
767 1024 853 1068 1543
885 1024 967 1065 XII,
994 1025 1038 1058 51
1066 1035 1166 1069 seqq.
1194 1025 1240 1060 al.
1268 1025 1399 1061 Sabaei
1429 1025 1501 1072 ipsi
1525 1028 1668 1071 tua-ism

188 1084 361 1119 dicuntur
386 1095 451 1129 pro
476 1083 629 1129 regione
654 1084 774 1129 figura
797 1083 1049 1129 metonymiae
1072 1083 1125 1118 illi
1142 1083 1357 1120 notissimae
1375 1086 1573 1128 contraria,
1600 1086 1667 1123 cfr.

186 1144 356 1186 turiferos
379 1143 520 1178 Arabes
545 1142 672 1179 Claud.
712 1143 758 1179 de
795 1143 828 1179 3.
856 1154 954 1180 cons.
980 1143 1072 1179 Hon.
1101 1143 1163 1186 71;
1203 1143 1341 1180 Valerii
1371 1143 1454 1180 loco
1481 1146 1668 1182 excusatio

186 1203 311 1248 aliqua
334 1204 470 1249 parata
496 1204 553 1238 est
578 1213 623 1239 ex
650 1202 829 1249 appositis
854 1202 979 1238 verbis
1002 1202 1123 1245 felicia
1146 1213 1265 1248 reyna.

282 1267 359 1303 139.
412 1267 503 1303 Cum
528 1267 693 1303 dubitari
716 1279 791 1304 non
816 1268 941 1314 possit,
969 1268 1055 1314 quin
1071 1268 1241 1304 Valerius
1268 1269 1314 1305 de
1340 1269 1466 1305 Hebro
1491 1271 1580 1306 noto
1604 1270 1668 1306 illo

183 1327 363 1364 Thraciae
388 1327 537 1363 flumine
564 1327 796 1373 cogitaverit,
834 1339 914 1364 rem
939 1339 1014 1363 non
1037 1328 1150 1374 plane
1176 1328 1368 1375 expressit,
1404 1340 1487 1364 cum
1512 1329 1668 1375 Thyrsa-

184 1388 296 1432 getae
329 1398 374 1423 ex
413 1387 490 1423 eius
528 1387 716 1423 sententia
753 1387 791 1422 in
823 1387 913 1423 Asia
943 1387 1061 1423 relicti
1096 1387 1170 1422 sint
1201 1388 1342 1424 multo
1386 1389 1507 1430 ante,
1540 1400 1668 1435 quam

184 1446 354 1482 Bacchus
380 1447 428 1482 ad
453 1447 619 1482 Hebrum
643 1447 870 1492 perveniret.
1659 1464 1679 1471 ⁸

279 1513 355 1549 141.
405 1513 521 1548 adhuc
545 1516 697 1548 veterum
721 1516 836 1548 tenor:
864 1513 985 1548 adhuc
1010 1515 1207 1548 servantur
1230 1524 1352 1549 mores
1377 1514 1545 1555 veteres;
1584 1524 1668 1548 cum

183 1576 283 1608 tenor
308 1571 378 1607 dici
406 1572 526 1607 soleat
550 1584 625 1608 non
651 1572 697 1608 de
722 1572 943 1618 hominibus,
976 1572 1043 1608 sed
1068 1572 1115 1608 de
1140 1573 1261 1614 rebus,
1295 1583 1449 1618 quarum
1476 1572 1567 1608 ordo
1592 1583 1666 1607 ser-

183 1633 304 1672 vatur,
330 1635 481 1667 veterum
507 1630 652 1676 explico
677 1632 860 1673 neutrum,
887 1642 962 1667 non
987 1631 1241 1667 masculinum.

279 1696 357 1731 142.
407 1698 635 1732 memoratriae
658 1696 881 1732 vocabulum
917 1707 939 1731 a
963 1695 1112 1731 Valerio
1138 1696 1257 1741 primo
1283 1698 1323 1732 et
1347 1697 1426 1732 solo
1450 1698 1493 1732 ut
1516 1696 1667 1733 videtur

181 1757 417 1801 usurpatum:
445 1755 494 1790 ad
517 1755 652 1791 tibiam
678 1755 909 1791 canebantur
935 1755 1064 1791 laudes
1089 1755 1280 1791 maiorum.

278 1820 356 1856 143.
406 1820 545 1856 Emeda
557 1820 652 1861 vat„
679 1820 854 1855 scribitur
879 1832 976 1856 nunc
1003 1831 1047 1856 ex
1067 1820 1155 1856 edit.
1175 1821 1268 1857 Bon.
1287 1820 1445 1864 Emoda;
1471 1821 1537 1857 sed
1562 1832 1665 1866 pror-

183 1893 243 1915 sus
281 1892 355 1915 non
391 1880 595 1926 probabile,-
625 1880 810 1916 Valerium
846 1880 892 1916 de
917 1880 1092 1916 Emodo
1129 1880 1189 1916 vel
1214 1880 1393 1916 Emodis
1430 1879 1666 1916 montibus

182 1939 311 1975 Indiae
347 1939 576 1975 mentionem
614 1940 684 1975 hoc
721 1939 801 1975 loco
838 1939 980 1978 fecisse,
1020 1951 1134 1984 quare
1159 1939 1341 1974 traditam
1365 1939 1587 1986 scripturam
1612 1938 1666 1973 in-

181 2000 325 2034 tactam
349 1998 559 2044 relinquere
576 1999 709 2041 malui3
737 2010 848 2043 quam
865 2000 1019 2044 gentem
1035 1998 1303 2044 significaverit
1317 1999 1443 2044 poeta,
1470 1998 1668 2034 obscurum

183 2059 249 2099 est,
276 2069 396 2103 neque
421 2058 540 2104 magis
566 2058 646 2094 noti
671 2060 757 2094 sunt
787 2059 919 2104 Toryni
943 2070 977 2094 v.
1004 2059 1072 2092 144
1098 2059 1138 2094 et
1163 2058 1242 2094 145.

278 2124 355 2158 144.
405 2124 604 2160 Exomatas
627 2135 703 2160 non
732 2124 860 2170 procul
886 2124 933 2159 ab
959 2123 1108 2169 Hypani
1133 2123 1283 2159 flumine
1308 2123 1483 2159 habitare
1508 2123 1667 2168 apparet

183 2194 228 2218 ex
251 2195 285 2218 V.
314 2183 398 2225 147;
423 2183 599 2219 videntur
625 2183 746 2219 eidem
773 2195 862 2224 esse,
890 2195 980 2228 quos
999 2184 1211 2218 Iaoeamatas
1226 2182 1396 2219 nominat
1412 2183 1531 2218 Amm.
1552 2182 1666 2218 Marc.

181 2241 299 2283 XXII,
325 2241 362 2283 8,,
384 2241 440 2283 31,
476 2241 649 2287 Ἰξομάτας
673 2242 848 2287 Polyaen.
875 2243 1030 2287 strateg.
1056 2241 1155 2282 VIII,
1183 2241 1239 2278 55.

278 2301 474 2336 Satarchae
498 2313 615 2346 prope
641 2301 784 2337 Tanain
810 2302 917 2338 sedes
942 2302 1155 2344 habebant;
1187 2301 1280 2337 Plin.
1306 2302 1384 2339 nat.
1410 2300 1495 2337 hist.
1521 2300 1583 2346 VI,
1609 2300 1666 2336 22.

278 2366 355 2401 146.
406 2366 606 2402 Eoeomatas
635 2371 783 2402 venatus
817 2368 895 2409 alit;
932 2366 998 2402 cfr.
1025 2365 1087 2402 Sil.
1110 2366 1212 2411 VIII,
1239 2366 1306 2401 571
1333 2367 1397 2402 hos
1420 2369 1567 2401 venatus
1591 2366 1666 2402 alit.

279 2431 356 2466 147.
406 2432 577 2477 Hypanis
601 2432 671 2467 hoc
696 2431 778 2467 loco
806 2433 1116 2467 commemoratus
1141 2443 1215 2467 non
1234 2432 1291 2467 est
1307 2431 1438 2466 fluvius
1458 2429 1667 2466 Sarmatiae

181 2491 410 2537 Europaeae,
449 2502 558 2536 quem
589 2490 701 2527 hodie
725 2491 809 2536 Buy
840 2491 1082 2532 nominamus,
1121 2491 1187 2526 sed
1224 2502 1269 2526 ex
1296 2490 1457 2525 Caucaso
1495 2490 1597 2525 ortus
1627 2489 1667 2524 in

181 2550 358 2596 paludem
383 2550 609 2586 Maeotidem
633 2550 764 2595 influit,
791 2549 913 2585 Strab.
940 2550 999 2590 XI,
1026 2550 1058 2591 2,
1085 2549 1117 2591 9,
1151 2549 1212 2595 qui
1237 2549 1348 2586 hodie
1366 2549 1501 2585 Kaban
1517 2548 1664 2584 dicitur.

277 2609 405 2644 abeunt
424 2609 615 2655 Hypanim
644 2620 687 2645 ex
714 2609 765 2644 eis
791 2620 885 2654 quae
903 2610 1114 2654 sequuntur,
1143 2609 1328 2644 audienda
1353 2609 1411 2644 est
1434 2608 1664 2654 praepositio

176 2679 254 2715 per,
281 2668 347 2704 cfr.
373 2669 483 2714 Verg.
509 2669 599 2704 Aen.
626 2668 688 2712 VI,
714 2667 783 2703 692
808 2679 898 2712 quas
923 2678 983 2713 eyo
1009 2671 1041 2702 te
1065 2671 1180 2703 terras
1205 2671 1237 2702 et
1261 2671 1395 2712 quanta
1414 2677 1483 2712 per
1507 2677 1664 2712 aequora

181 2732 315 2763 vectum
340 2729 506 2773 Accipi03
545 2727 626 2764 VII.
666 2727 735 2762 296
773 2727 907 2763 medias
943 2728 1036 2762 acies
1061 2727 1257 2772 mediosque
1278 2738 1345 2771 per
1371 2727 1469 2772 iynes
1495 2727 1664 2762 Invenere
