1890 3100
235 268 321 312 250
780 269 817 307 C.
843 270 1025 306 VALERI
1050 271 1226 308 FLACCI

396 387 596 427 Continuo
624 402 799 442 puppem
827 396 965 442 petere
995 397 1036 430 et
1064 391 1271 431 considere
1299 394 1482 432 transtris

341 452 512 504 imperat
539 454 787 506 Ampycides
816 469 892 494 nec
920 456 1050 495 visum
1077 462 1235 496 vertere
1263 463 1413 497 terrae:
1721 472 1776 502 460

349 520 571 559 exciderint
601 533 703 572 quae
733 526 848 572 gesta
875 535 1006 569 manu,
1039 535 1141 574 quae
1171 521 1308 561 debita
1335 523 1438 562 fatis.

341 587 400 625 illi
430 586 583 625 alacres
613 599 704 638 pars
735 599 843 624 arma
869 586 1015 635 locant,
1044 601 1136 639 pars
1166 587 1291 626 ardua
1320 589 1438 627 celsis

341 653 570 691 insternunt
598 651 780 690 tabulata
806 653 902 690 toris
933 653 1135 705 oriturque
1165 659 1405 692 trementum

330 795 401 830 459
427 806 507 840 sqq.
532 794 748 840 Apollonius
768 794 938 829 narravit
953 794 983 837 Ι,
1003 795 1095 830 1078
1114 807 1215 841 seqq.
1265 796 1501 841 Argonautas
1529 797 1726 834 duodecim

240 855 319 891 dies
346 856 384 890 et
409 855 538 890 noctes
563 853 805 898 navigatione
829 853 1039 899 prohibitos
1067 865 1146 890 esse
1171 856 1400 901 tempestate
1430 857 1594 893 maxima
1629 858 1725 894 exci—

237 915 322 950 tata
345 914 506 959 Magnae
533 913 665 948 Matris
690 913 756 954 ira,
784 925 895 957 quam
921 925 1005 948 cum
1035 914 1297 959 placavissent‚
1335 915 1386 951 eis
1418 915 1564 962 copiam
1596 917 1726 952 datam

232 973 377 1009 insulae
405 973 668 1018 Cyzicenorum
693 972 971 1017 relinquendae.
1025 972 1116 1008 Cum
1141 974 1267 1009 autem
1291 974 1462 1012 Valerius
1487 975 1544 1010 ira
1569 976 1726 1021 Cybeles

232 1033 308 1068 iam
332 1045 418 1068 usus
445 1033 544 1068 esset
569 1031 618 1067 ad
644 1043 793 1067 causam
818 1031 991 1068 funestae
1016 1031 1114 1067 illius
1139 1044 1289 1078 pugnae
1315 1034 1586 1080 explicandam,
1614 1035 1727 1071 aliam

233 1104 360 1128 morae
386 1092 572 1127 rationem
595 1090 766 1137 proferre
793 1091 968 1128 debebat.

332 1163 413 1199 459.
463 1163 644 1198 considere
668 1163 854 1210 transtri33
879 1162 989 1208 Verg.
1015 1165 1106 1199 Aen.
1134 1163 1202 1206 III,
1230 1163 1310 1200 289.

328 1223 409 1260 461.
460 1223 667 1258 exciderint:
694 1222 863 1257 variatur
889 1223 1116 1258 constructio
1141 1222 1351 1268 imperandi
1381 1224 1489 1260 verbi
1519 1237 1553 1261 v.
1585 1225 1655 1260 459
1688 1227 1726 1261 et

233 1282 306 1317 460
331 1294 415 1317 cum
439 1281 634 1321 infinitivo,
659 1281 730 1316 461
757 1293 840 1316 cum
866 1282 1102 1317 coniunctivo
1128 1283 1316 1318 coniuncti
1324 1296 1331 1326 ;
1359 1283 1426 1319 cfr.
1452 1283 1513 1326 VI,
1542 1284 1586 1319 16
1611 1285 1727 1320 edocet

234 1342 391 1385 adfari
416 1341 566 1387 Minyas
587 1341 820 1386 fraudemque
854 1342 1002 1386 tyranni
1036 1345 1083 1377 ut
1114 1342 1311 1378 doceant.
1346 1342 1567 1379 >Excidendi
1600 1345 1726 1380 autem

239 1401 397 1437 verbum
422 1401 650 1446 singularem
676 1400 799 1436 animo
827 1400 1022 1436 excidendi
1047 1401 1107 1436 vel
1132 1401 1375 1437 obliviscendi
1400 1402 1592 1439 notionem
1608 1404 1726 1439 habet

237 1460 303 1496 cfr.
324 1460 452 1495 Claud.
481 1459 588 1505 epist.
613 1459 661 1501 II,
690 1460 750 1502 13;
777 1459 828 1495 sic
853 1460 996 1503 auferre
1021 1460 1229 1505 (memoria)
1255 1461 1304 1502 Π,
1332 1461 1418 1508 245;
1449 1466 1605 1507 repetere
1636 1465 1724 1508 (me-

235 1519 369 1566 moria)
396 1518 463 1566 111,
489 1518 576 1564 4933
601 1518 719 1554 redire
744 1518 796 1557 (in
820 1519 1052 1564 memoriam)
1080 1518 1141 1561 IV,
1158 1519 1244 1561 187;
1270 1523 1430 1564 tempora
1446 1521 1556 1566 leyere
1572 1522 1724 1567 (animo)

237 1578 299 1624 IV,
325 1578 411 1622 4403
446 1579 582 1624 eoeiyere
609 1579 643 1624 (e
668 1577 763 1624 vita)
788 1577 850 1622 VI,
883 1578 968 1620 572;
1001 1578 1181 1613 intendere
1212 1579 1404 1625 (animum)
1437 1579 1499 1625 VI,
1530 1580 1616 1623 600;
1641 1592 1726 1625 per-

238 1648 380 1673 currere
405 1637 551 1683 (oculis)
578 1636 639 1679 VI,
666 1637 753 1679 601;
779 1637 886 1682 ᾔρετο
912 1637 1042 1683 (cruci)
1069 1637 1180 1674 Mart.
1206 1637 1254 1682 ΙΙ,
1280 1638 1336 1680 82,
1356 1639 1393 1681 1;
1412 1639 1558 1685 saepius
1577 1640 1727 1676 deiectu-9

237 1700 318 1742 (spe
342 1697 404 1732 vel
431 1697 568 1743 animo)
594 1698 638 1731 ut
662 1696 724 1732 Sil.
750 1696 834 1738 XII,
862 1696 931 1731 190
939 1709 946 1739 ;
973 1697 1084 1742 Verg.
1110 1697 1202 1733 Aen.
1228 1697 1272 1743 Χ,
1298 1697 1384 1740 8583
1414 1698 1558 1745 Coripp.
1585 1700 1663 1736 Ioh.
1681 1699 1724 1743 V,

238 1756 324 1803 6073
351 1756 568 1802 saepissime
604 1757 783 1791 advertere
817 1756 1010 1802 (animum)
1049 1756 1193 1799 deficere
1226 1756 1376 1803 (animo,
1407 1756 1562 1804 viribus)
1592 1760 1726 1795 vobvere

240 1816 393 1861 (animo)
420 1816 608 1859 defunctus
634 1816 743 1863 (vita)
777 1815 824 1852 al.

330 1886 420 1920 qaae
444 1876 562 1911 debita
583 1871 674 1919 fatis
700 1881 786 1910 ‘was
812 1875 865 1911 sie
902 1875 988 1910 dem
1013 1875 1134 1910 fatum
1156 1887 1202 1919 ‘zu
1226 1876 1445 1912 verdanken
1472 1877 1617 1913 hatten’
1643 1877 1666 1913 i.
1693 1889 1722 1914 e.

236 1945 332 1979 quae
356 1946 425 1980 per
450 1934 542 1977 fata,
569 1947 644 1970 non
668 1934 757 1980 ipsis
783 1934 1009 1977 auctoribus,
1037 1934 1270 1977 acciderant;
1298 1934 1350 1970 sic
1374 1935 1565 1971 interdum
1589 1936 1726 1973 debitus

235 1993 371 2029 dicitur
397 1994 444 2030 de
469 1994 580 2030 rebus
604 1994 763 2039 ingratis
788 1994 850 2030 vel
873 1994 991 2035 malis,
1018 1995 1061 2028 ut
1075 1993 1135 2035 VI,
1162 1994 1232 2029 200
1251 1995 1361 2030 nescit
1377 1995 1436 2030 cui
1452 1995 1574 2031 debeat
1591 1994 1726 2032 Ocheus

236 2057 300 2088 aut
324 2054 382 2089 cui
404 2053 486 2096 fata
517 2054 643 2101 Tyres;
669 2053 756 2089 Luc.
782 2053 843 2096 IV,
871 2053 940 2088 546
965 2054 1024 2089 cui
1047 2054 1192 2089 volnera
1210 2055 1334 2098 prima
1365 2054 1523 2101 debebat3
1557 2054 1628 2090 560
1663 2066 1726 2091 nec

234 2113 360 2147 vobnus
385 2113 524 2148 adactis
549 2113 692 2148 debetur
714 2113 861 2158 yladiis;
890 2113 956 2149 Ov.
982 2112 1068 2149 fast.
1093 2112 1144 2155 Π,
1170 2113 1240 2148 825
1272 2114 1337 2148 hoc
1366 2123 1502 2158 quoque
1530 2114 1724 2159 Tarquinio

236 2171 474 2216 debebimus&
501 2172 569 2208 cfr.
595 2172 692 2211 trist.
713 2172 760 2214 H,
779 2172 866 2219 5163
893 2172 996 2207 Paul.
1016 2172 1109 2209 Pell.
1136 2173 1284 2208 euchar.
1301 2172 1389 2219 2743
1407 2173 1540 2208 Boeth.
1560 2173 1607 2209 de
1625 2186 1724 2210 cons.

236 2231 327 2277 phil.
353 2231 382 2273 Ι,
410 2231 442 2273 5,
469 2231 527 2267 30.

331 2302 412 2338 462.
462 2303 562 2338 celsis
588 2315 657 2339 om.
686 2304 781 2346 Vat„
809 2303 895 2339 add.
923 2303 1002 2339 cod.
1032 2303 1144 2345 Carr„
1171 2303 1237 2339 sed
1268 2304 1379 2340 valde
1411 2304 1605 2347 incertum,
1636 2317 1726 2340 num

235 2361 291 2397 ita
315 2361 507 2408 scripserit
532 2362 713 2398 Valerius.

330 2432 412 2468 463.
462 2433 624 2468 tabulata
649 2433 818 2468 hocloco
844 2433 951 2469 sedes
976 2433 1125 2478 ligneae
1151 2433 1334 2479 remigum
1350 2433 1607 2481 nominantur3
1625 2434 1723 2469 simi-

160 2532 169 2541 :
238 2491 284 2535 lis
311 2492 413 2528 certe
439 2491 542 2527 notio
570 2492 627 2527 est
652 2491 759 2526 huius
784 2492 885 2527 vocis
911 2493 1011 2537 apud
1028 2493 1136 2528 Mart.
1165 2493 1281 2538 epigr.
1307 2492 1371 2538 IX,
1399 2492 1453 2535 59,
1480 2492 1521 2539 5;
1547 2494 1640 2529 haec
1665 2494 1722 2528 ta-

238 2550 380 2593 bulata,
418 2551 461 2586 ut
486 2550 634 2587 mollius
670 2551 831 2596 remiges
865 2551 1032 2593 sedeant,
1072 2553 1289 2587 sternuntur
1324 2551 1426 2593 toris,
1466 2563 1561 2597 quae
1589 2552 1723 2588 Graeci

238 2609 397 2656 ὑπηρέσια
423 2610 560 2652 dicunt,
601 2609 785 2646 contextis
821 2621 865 2645 ex
903 2610 1062 2645 cannabi
1092 2611 1154 2646 vel
1190 2611 1277 2646 ulva
1313 2611 1375 2647 vel
1411 2610 1521 2646 simili
1545 2611 1720 2655 materia;

237 2670 311 2706 vid.
337 2670 438 2705 Pers.
465 2670 535 2706 sat.
560 2669 603 2712 V,
631 2669 699 2704 146
724 2669 789 2705 tibi
813 2673 908 2704 torta
944 2670 1102 2705 cannabe
1135 2669 1228 2712 fulto
1256 2670 1352 2706 Cena
1387 2672 1435 2706 sit
1470 2671 1511 2706 in
1547 2675 1721 2714 tran-wrm

240 2729 306 2766 Ov.
331 2731 420 2766 met.
447 2728 548 2771 VIII,
575 2729 645 2764 645
670 2740 743 2775 seq.
769 2730 809 2764 in
833 2729 946 2764 medio
972 2733 1074 2764 torus
1098 2733 1148 2764 est
1173 2730 1214 2764 de
1237 2730 1398 2766 mollibus
1421 2731 1514 2766 ulvis
1531 2730 1729 2776 Imposita&
