<?xml version="1.0" encoding="UTF-8"?>
<!DOCTYPE html PUBLIC "-//W3C//DTD XHTML 1.0 Transitional//EN"
    "http://www.w3.org/TR/xhtml1/DTD/xhtml1-transitional.dtd">
<html xmlns="http://www.w3.org/1999/xhtml" xml:lang="en" lang="en">
 <head>
  <title>
</title>
<meta http-equiv="Content-Type" content="text/html;charset=utf-8" />
  <meta name='ocr-system' content='tesseract 3.04.00' />
  <meta name='ocr-capabilities' content='ocr_page ocr_carea ocr_par ocr_line ocrx_word'/>
</head>
<body>
  <div class='ocr_page' id='page_1' title='image "argonauticonlibr00valeuoft_0270.png"; bbox 0 0 1890 3100; ppageno 0'>
   <div class='ocr_carea' id='block_1_1' title="bbox 293 242 1257 289">
    <p class='ocr_par' dir='ltr' id='par_1_1' title="bbox 293 242 1257 289">
     <span class='ocr_line' id='line_1_1' title="bbox 293 242 1257 289; baseline -0.002 -7"><span class='ocrx_word' id='word_1_1' title='bbox 293 246 379 289; x_wconf 84' lang='lat'><strong>260</strong></span> <span class='ocrx_word' id='word_1_2' title='bbox 813 242 849 278; x_wconf 90' lang='lat' dir='ltr'><strong>C.</strong></span> <span class='ocrx_word' id='word_1_3' title='bbox 876 243 1056 278; x_wconf 88' lang='lat' dir='ltr'>VALERI</span> <span class='ocrx_word' id='word_1_4' title='bbox 1082 244 1257 280; x_wconf 84' lang='lat' dir='ltr'>FLACCI</span> 
     </span>
    </p>
   </div>
   <div class='ocr_carea' id='block_1_2' title="bbox 399 363 1453 481">
    <p class='ocr_par' dir='ltr' id='par_1_2' title="bbox 399 363 1453 481">
     <span class='ocr_line' id='line_1_2' title="bbox 399 363 1453 414; baseline 0.003 -14"><span class='ocrx_word' id='word_1_5' title='bbox 399 363 515 402; x_wconf 89' lang='lat' dir='ltr'><strong>litora</strong></span> <span class='ocrx_word' id='word_1_6' title='bbox 545 376 665 401; x_wconf 86' lang='lat' dir='ltr'><strong>curva</strong></span> <span class='ocrx_word' id='word_1_7' title='bbox 693 368 854 414; x_wconf 79' lang='lat' dir='ltr'><strong>petens3</strong></span> <span class='ocrx_word' id='word_1_8' title='bbox 886 363 964 402; x_wconf 88' lang='lat' dir='ltr'><strong>alia</strong></span> <span class='ocrx_word' id='word_1_9' title='bbox 992 377 1083 402; x_wconf 88' lang='lat' dir='ltr'><strong>nam</strong></span> <span class='ocrx_word' id='word_1_10' title='bbox 1113 364 1215 403; x_wconf 90' lang='lat' dir='ltr'><strong>calle</strong></span> <span class='ocrx_word' id='word_1_11' title='bbox 1244 378 1453 404; x_wconf 85' lang='lat' dir='ltr'><strong>reversum</strong></span> 
     </span>
     <span class='ocr_line' id='line_1_3' title="bbox 401 428 1430 481; baseline 0.002 -15"><span class='ocrx_word' id='word_1_12' title='bbox 401 428 526 466; x_wconf 87' lang='lat' dir='ltr'><strong>credit</strong></span> <span class='ocrx_word' id='word_1_13' title='bbox 554 428 695 479; x_wconf 86' lang='lat' dir='ltr'>Hylan</span> <span class='ocrx_word' id='word_1_14' title='bbox 723 434 919 481; x_wconf 88' lang='lat' dir='ltr'><strong>captaque</strong></span> <span class='ocrx_word' id='word_1_15' title='bbox 949 428 1072 480; x_wconf 90' lang='lat' dir='ltr'><strong>dapes</strong></span> <span class='ocrx_word' id='word_1_16' title='bbox 1103 430 1263 468; x_wconf 83' lang='lat' dir='ltr'><strong>auxisse</strong></span> <span class='ocrx_word' id='word_1_17' title='bbox 1293 430 1430 469; x_wconf 87' lang='lat' dir='ltr'><strong>ferina.</strong></span> 
     </span>
    </p>
   </div>
   <div class='ocr_carea' id='block_1_3' title="bbox 402 493 1838 547">
    <p class='ocr_par' dir='ltr' id='par_1_3' title="bbox 402 493 1838 547">
     <span class='ocr_line' id='line_1_4' title="bbox 402 493 1838 547; baseline 0.002 -15"><span class='ocrx_word' id='word_1_18' title='bbox 402 493 474 532; x_wconf 92' lang='lat' dir='ltr'><strong>sed</strong></span> <span class='ocrx_word' id='word_1_19' title='bbox 501 506 633 546; x_wconf 85' lang='lat' dir='ltr'><strong>neque</strong></span> <span class='ocrx_word' id='word_1_20' title='bbox 664 498 759 545; x_wconf 89' lang='lat' dir='ltr'><strong>aput</strong></span> <span class='ocrx_word' id='word_1_21' title='bbox 789 494 917 532; x_wconf 87' lang='lat' dir='ltr'><strong>socios</strong></span> <span class='ocrx_word' id='word_1_22' title='bbox 948 500 1199 547; x_wconf 83' lang='lat' dir='ltr'><strong>structasque</strong></span> <span class='ocrx_word' id='word_1_23' title='bbox 1228 495 1271 532; x_wconf 91' lang='lat' dir='ltr'><strong>in</strong></span> <span class='ocrx_word' id='word_1_24' title='bbox 1298 495 1414 534; x_wconf 90' lang='lat' dir='ltr'><strong>litore</strong></span> <span class='ocrx_word' id='word_1_25' title='bbox 1443 509 1603 535; x_wconf 79' lang='lat' dir='ltr'><strong>mensas</strong></span> <span class='ocrx_word' id='word_1_26' title='bbox 1784 505 1838 534; x_wconf 81' lang='lat'><strong>570</strong></span> 
     </span>
    </p>
   </div>
   <div class='ocr_carea' id='block_1_4' title="bbox 401 559 1544 1130">
    <p class='ocr_par' dir='ltr' id='par_1_4' title="bbox 401 559 1544 1069">
     <span class='ocr_line' id='line_1_5' title="bbox 401 559 1544 611; baseline 0.003 -15"><span class='ocrx_word' id='word_1_27' title='bbox 401 559 631 605; x_wconf 81' lang='lat' dir='ltr'><strong>unanimum</strong></span> <span class='ocrx_word' id='word_1_28' title='bbox 660 559 772 598; x_wconf 86' lang='lat' dir='ltr'><strong>videt</strong></span> <span class='ocrx_word' id='word_1_29' title='bbox 800 573 922 611; x_wconf 84' lang='lat' dir='ltr'>aeger</span> <span class='ocrx_word' id='word_1_30' title='bbox 949 560 1090 611; x_wconf 81' lang='lat' dir='ltr'><strong>Hylan</strong></span> <span class='ocrx_word' id='word_1_31' title='bbox 1119 573 1194 599; x_wconf 92' lang='lat' dir='ltr'><strong>nec</strong></span> <span class='ocrx_word' id='word_1_32' title='bbox 1223 560 1381 611; x_wconf 86' lang='lat' dir='ltr'><strong>longius</strong></span> <span class='ocrx_word' id='word_1_33' title='bbox 1412 574 1544 600; x_wconf 85' lang='lat' dir='ltr'><strong>acrem</strong></span> 
     </span>
     <span class='ocr_line' id='line_1_6' title="bbox 401 624 1440 665; baseline 0.002 -3"><span class='ocrx_word' id='word_1_34' title='bbox 401 624 614 663; x_wconf 88' lang='lat' dir='ltr'><strong>intendens</strong></span> <span class='ocrx_word' id='word_1_35' title='bbox 645 625 783 663; x_wconf 84' lang='lat' dir='ltr'><strong>aciem.</strong></span> <span class='ocrx_word' id='word_1_36' title='bbox 841 626 972 664; x_wconf 87' lang='lat' dir='ltr'><strong>varios</strong></span> <span class='ocrx_word' id='word_1_37' title='bbox 1003 625 1094 663; x_wconf 92' lang='lat' dir='ltr'><strong>hinc</strong></span> <span class='ocrx_word' id='word_1_38' title='bbox 1126 626 1275 664; x_wconf 83' lang='lat' dir='ltr'><strong>excitat</strong></span> <span class='ocrx_word' id='word_1_39' title='bbox 1304 631 1440 665; x_wconf 89' lang='lat' dir='ltr'><strong>aestus</strong></span> 
     </span>
     <span class='ocr_line' id='line_1_7' title="bbox 401 690 1526 743; baseline 0.002 -15"><span class='ocrx_word' id='word_1_40' title='bbox 401 690 508 728; x_wconf 92' lang='lat' dir='ltr'><strong>nube</strong></span> <span class='ocrx_word' id='word_1_41' title='bbox 537 690 633 728; x_wconf 89' lang='lat' dir='ltr'><strong>mali</strong></span> <span class='ocrx_word' id='word_1_42' title='bbox 659 703 874 741; x_wconf 90' lang='lat' dir='ltr'><strong>percussus</strong></span> <span class='ocrx_word' id='word_1_43' title='bbox 905 704 1025 738; x_wconf 88' lang='lat' dir='ltr'><strong>amor,</strong></span> <span class='ocrx_word' id='word_1_44' title='bbox 1057 691 1201 743; x_wconf 90' lang='lat' dir='ltr'><strong>quibus</strong></span> <span class='ocrx_word' id='word_1_45' title='bbox 1231 692 1407 730; x_wconf 85' lang='lat' dir='ltr'><strong>haeserit</strong></span> <span class='ocrx_word' id='word_1_46' title='bbox 1437 694 1526 739; x_wconf 87' lang='lat' dir='ltr'><strong>oris,</strong></span> 
     </span>
     <span class='ocr_line' id='line_1_8' title="bbox 403 755 1370 807; baseline 0.002 -14"><span class='ocrx_word' id='word_1_47' title='bbox 403 756 491 807; x_wconf 92' lang='lat' dir='ltr'><strong>quis</strong></span> <span class='ocrx_word' id='word_1_48' title='bbox 524 755 626 794; x_wconf 81' lang='lat' dir='ltr'><strong>tales</strong></span> <span class='ocrx_word' id='word_1_49' title='bbox 657 756 817 807; x_wconf 88' lang='lat' dir='ltr'><strong>impune</strong></span> <span class='ocrx_word' id='word_1_50' title='bbox 847 769 976 794; x_wconf 83' lang='lat' dir='ltr'><strong>moras</strong></span> <span class='ocrx_word' id='word_1_51' title='bbox 1008 770 1176 795; x_wconf 85' lang='lat' dir='ltr'><strong>casusve</strong></span> <span class='ocrx_word' id='word_1_52' title='bbox 1207 757 1370 796; x_wconf 84' lang='lat' dir='ltr'><strong>laborve</strong></span> 
     </span>
     <span class='ocr_line' id='line_1_9' title="bbox 404 820 1449 869; baseline 0.003 -11"><span class='ocrx_word' id='word_1_53' title='bbox 404 820 602 869; x_wconf 84' lang='lat' dir='ltr'><strong>attulerit3</strong></span> <span class='ocrx_word' id='word_1_54' title='bbox 635 820 800 859; x_wconf 89' lang='lat' dir='ltr'><strong>densam</strong></span> <span class='ocrx_word' id='word_1_55' title='bbox 829 822 984 860; x_wconf 88' lang='lat' dir='ltr'><strong>interea</strong></span> <span class='ocrx_word' id='word_1_56' title='bbox 1013 821 1259 861; x_wconf 87' lang='lat' dir='ltr'><strong>descendere</strong></span> <span class='ocrx_word' id='word_1_57' title='bbox 1290 828 1449 861; x_wconf 85' lang='lat' dir='ltr'><strong>noctem</strong></span> 
     </span>
     <span class='ocr_line' id='line_1_10' title="bbox 402 886 1521 938; baseline 0.002 -14"><span class='ocrx_word' id='word_1_58' title='bbox 402 887 480 924; x_wconf 87' lang='lat' dir='ltr'><strong>iam</strong></span> <span class='ocrx_word' id='word_1_59' title='bbox 511 886 660 925; x_wconf 85' lang='lat' dir='ltr'><strong>maiore</strong></span> <span class='ocrx_word' id='word_1_60' title='bbox 690 892 817 934; x_wconf 75' lang='lat' dir='ltr'><strong>metu3</strong></span> <span class='ocrx_word' id='word_1_61' title='bbox 848 892 932 924; x_wconf 86' lang='lat' dir='ltr'><strong>tum</strong></span> <span class='ocrx_word' id='word_1_62' title='bbox 961 900 1056 925; x_wconf 90' lang='lat' dir='ltr'><strong>vero</strong></span> <span class='ocrx_word' id='word_1_63' title='bbox 1088 893 1127 925; x_wconf 89' lang='lat' dir='ltr'><strong>et</strong></span> <span class='ocrx_word' id='word_1_64' title='bbox 1155 888 1286 938; x_wconf 90' lang='lat' dir='ltr'><strong>pallor</strong></span> <span class='ocrx_word' id='word_1_65' title='bbox 1314 894 1354 926; x_wconf 88' lang='lat' dir='ltr'><strong>et</strong></span> <span class='ocrx_word' id='word_1_66' title='bbox 1384 901 1521 926; x_wconf 89' lang='lat' dir='ltr'><strong>amens</strong></span> 
     </span>
     <span class='ocr_line' id='line_1_11' title="bbox 404 951 1442 1004; baseline 0.003 -15"><span class='ocrx_word' id='word_1_67' title='bbox 404 966 492 990; x_wconf 91' lang='lat' dir='ltr'><strong>cum</strong></span> <span class='ocrx_word' id='word_1_68' title='bbox 520 952 635 1003; x_wconf 90' lang='lat' dir='ltr'><strong>piceo</strong></span> <span class='ocrx_word' id='word_1_69' title='bbox 666 951 811 991; x_wconf 90' lang='lat' dir='ltr'><strong>sudore</strong></span> <span class='ocrx_word' id='word_1_70' title='bbox 841 953 957 1003; x_wconf 84' lang='lat' dir='ltr'><strong>rigor.</strong></span> <span class='ocrx_word' id='word_1_71' title='bbox 1017 966 1091 991; x_wconf 89' lang='lat' dir='ltr'><strong>ceu</strong></span> <span class='ocrx_word' id='word_1_72' title='bbox 1119 959 1283 1004; x_wconf 85' lang='lat' dir='ltr'><strong>pectora</strong></span> <span class='ocrx_word' id='word_1_73' title='bbox 1311 954 1442 992; x_wconf 87' lang='lat' dir='ltr'><strong>nautis</strong></span> 
     </span>
     <span class='ocr_line' id='line_1_12' title="bbox 403 1017 1358 1069; baseline 0.003 -15"><span class='ocrx_word' id='word_1_74' title='bbox 403 1017 592 1068; x_wconf 83' lang='lat' dir='ltr'><strong>congelat</strong></span> <span class='ocrx_word' id='word_1_75' title='bbox 620 1017 777 1056; x_wconf 90' lang='lat' dir='ltr'><strong>hiberni</strong></span> <span class='ocrx_word' id='word_1_76' title='bbox 806 1017 941 1055; x_wconf 88' lang='lat' dir='ltr'><strong>vultus</strong></span> <span class='ocrx_word' id='word_1_77' title='bbox 970 1017 1078 1056; x_wconf 88' lang='lat' dir='ltr'><strong>Iovis</strong></span> <span class='ocrx_word' id='word_1_78' title='bbox 1109 1018 1358 1069; x_wconf 80' lang='lat' dir='ltr'><strong>agricofisve,</strong></span> 
     </span>
    </p>

    <p class='ocr_par' dir='ltr' id='par_1_5' title="bbox 405 1082 1521 1130">
     <span class='ocr_line' id='line_1_13' title="bbox 405 1082 1521 1130; baseline 0.002 -10"><span class='ocrx_word' id='word_1_79' title='bbox 405 1095 496 1120; x_wconf 90' lang='lat' dir='ltr'><strong>cum</strong></span> <span class='ocrx_word' id='word_1_80' title='bbox 525 1083 603 1120; x_wconf 87' lang='lat' dir='ltr'><strong>coit</strong></span> <span class='ocrx_word' id='word_1_81' title='bbox 631 1082 772 1121; x_wconf 88' lang='lat' dir='ltr'><strong>umbra</strong></span> <span class='ocrx_word' id='word_1_82' title='bbox 800 1083 946 1130; x_wconf 86' lang='lat' dir='ltr'><strong>minax,</strong></span> <span class='ocrx_word' id='word_1_83' title='bbox 979 1083 1132 1121; x_wconf 88' lang='lat' dir='ltr'><strong>comitis</strong></span> <span class='ocrx_word' id='word_1_84' title='bbox 1164 1084 1220 1122; x_wconf 87' lang='lat' dir='ltr'><strong>sic</strong></span> <span class='ocrx_word' id='word_1_85' title='bbox 1250 1083 1382 1122; x_wconf 89' lang='lat' dir='ltr'><strong>adficit</strong></span> <span class='ocrx_word' id='word_1_86' title='bbox 1412 1097 1521 1122; x_wconf 87' lang='lat' dir='ltr'><strong>error</strong></span> 
     </span>
    </p>
   </div>
   <div class='ocr_carea' id='block_1_5' title="bbox 1788 830 1841 859">
    <p class='ocr_par' dir='ltr' id='par_1_6' title="bbox 1788 830 1841 859">
     <span class='ocr_line' id='line_1_14' title="bbox 1788 830 1841 859; baseline -0.019 0"><span class='ocrx_word' id='word_1_87' title='bbox 1788 830 1841 859; x_wconf 80' lang='lat'><strong>575</strong></span> 
     </span>
    </p>
   </div>
   <div class='ocr_carea' id='block_1_6' title="bbox 403 1147 1843 1200">
    <p class='ocr_par' dir='ltr' id='par_1_7' title="bbox 403 1147 1843 1200">
     <span class='ocr_line' id='line_1_15' title="bbox 403 1147 1843 1200; baseline 0.002 -15"><span class='ocrx_word' id='word_1_88' title='bbox 403 1147 578 1186; x_wconf 90' lang='lat' dir='ltr'><strong>Alciden</strong></span> <span class='ocrx_word' id='word_1_89' title='bbox 607 1161 837 1200; x_wconf 86' lang='lat' dir='ltr'><strong>saevaeque</strong></span> <span class='ocrx_word' id='word_1_90' title='bbox 866 1154 1002 1187; x_wconf 88' lang='lat' dir='ltr'><strong>monet</strong></span> <span class='ocrx_word' id='word_1_91' title='bbox 1031 1149 1261 1187; x_wconf 87' lang='lat' dir='ltr'><strong>meminisse</strong></span> <span class='ocrx_word' id='word_1_92' title='bbox 1290 1162 1500 1188; x_wconf 86' lang='lat' dir='ltr'><strong>novercae.</strong></span> <span class='ocrx_word' id='word_1_93' title='bbox 1787 1150 1843 1179; x_wconf 86' lang='lat'><strong>580</strong></span> 
     </span>
    </p>
   </div>
   <div class='ocr_carea' id='block_1_7' title="bbox 405 1213 1373 1265">
    <p class='ocr_par' dir='ltr' id='par_1_8' title="bbox 405 1213 1373 1265">
     <span class='ocr_line' id='line_1_16' title="bbox 405 1213 1373 1265; baseline 0.002 -14"><span class='ocrx_word' id='word_1_94' title='bbox 405 1214 603 1260; x_wconf 87' lang='lat' dir='ltr'><strong>continuo,</strong></span> <span class='ocrx_word' id='word_1_95' title='bbox 634 1213 788 1253; x_wconf 88' lang='lat' dir='ltr'><strong>volucri</strong></span> <span class='ocrx_word' id='word_1_96' title='bbox 817 1226 892 1252; x_wconf 90' lang='lat' dir='ltr'><strong>ceu</strong></span> <span class='ocrx_word' id='word_1_97' title='bbox 920 1219 1084 1265; x_wconf 85' lang='lat' dir='ltr'><strong>pectora</strong></span> <span class='ocrx_word' id='word_1_98' title='bbox 1112 1219 1242 1252; x_wconf 88' lang='lat' dir='ltr'><strong>tactus</strong></span> <span class='ocrx_word' id='word_1_99' title='bbox 1273 1214 1373 1253; x_wconf 89' lang='lat' dir='ltr'><strong>asilo</strong></span> 
     </span>
    </p>
   </div>
   <div class='ocr_carea' id='block_1_8' title="bbox 297 1294 580 1298">
    <p class='ocr_par' dir='ltr' id='par_1_9' title="bbox 297 1294 580 1298">
     <span class='ocr_line' id='line_1_17' title="bbox 297 1294 580 1298; baseline 0 0"><span class='ocrx_word' id='word_1_100' title='bbox 297 1294 580 1298; x_wconf 95' lang='lat' dir='ltr'><strong> </strong></span> 
     </span>
    </p>
   </div>
   <div class='ocr_carea' id='block_1_9' title="bbox 298 1337 1790 2334">
    <p class='ocr_par' dir='ltr' id='par_1_10' title="bbox 298 1337 1788 1493">
     <span class='ocr_line' id='line_1_18' title="bbox 393 1337 1788 1384; baseline 0.001 -12"><span class='ocrx_word' id='word_1_101' title='bbox 393 1337 475 1375; x_wconf 88' lang='grc'><strong>570.</strong></span> <span class='ocrx_word' id='word_1_102' title='bbox 525 1338 635 1383; x_wconf 87' lang='lat' dir='ltr'><strong>Apud</strong></span> <span class='ocrx_word' id='word_1_103' title='bbox 651 1338 889 1384; x_wconf 88' lang='lat' dir='ltr'><strong>Apollonium</strong></span> <span class='ocrx_word' id='word_1_104' title='bbox 915 1338 942 1378; x_wconf 90' lang='lat' dir='ltr'><strong>I,</strong></span> <span class='ocrx_word' id='word_1_105' title='bbox 971 1338 1060 1373; x_wconf 80' lang='lat'><strong>1257</strong></span> <span class='ocrx_word' id='word_1_106' title='bbox 1088 1350 1190 1384; x_wconf 86' lang='lat' dir='ltr'><strong>seqq.</strong></span> <span class='ocrx_word' id='word_1_107' title='bbox 1218 1350 1240 1373; x_wconf 87' lang='lat' dir='ltr'><strong>a</strong></span> <span class='ocrx_word' id='word_1_108' title='bbox 1265 1339 1506 1384; x_wconf 85' lang='lat' dir='ltr'><strong>Polyphemo,</strong></span> <span class='ocrx_word' id='word_1_109' title='bbox 1533 1338 1595 1383; x_wconf 89' lang='lat' dir='ltr'><strong>qui</strong></span> <span class='ocrx_word' id='word_1_110' title='bbox 1621 1338 1788 1374; x_wconf 88' lang='lat' dir='ltr'><strong>clamori-</strong></span> 
     </span>
     <span class='ocr_line' id='line_1_19' title="bbox 298 1398 1788 1444; baseline 0.001 -12"><span class='ocrx_word' id='word_1_111' title='bbox 298 1398 366 1433; x_wconf 85' lang='lat' dir='ltr'><strong>bus</strong></span> <span class='ocrx_word' id='word_1_112' title='bbox 405 1398 524 1443; x_wconf 83' lang='lat' dir='ltr'><strong>Hylae</strong></span> <span class='ocrx_word' id='word_1_113' title='bbox 562 1398 663 1443; x_wconf 87' lang='lat' dir='ltr'><strong>rapti</strong></span> <span class='ocrx_word' id='word_1_114' title='bbox 701 1398 837 1433; x_wconf 79' lang='lat' dir='ltr'><strong>auditis</strong></span> <span class='ocrx_word' id='word_1_115' title='bbox 876 1398 1017 1433; x_wconf 84' lang='lat' dir='ltr'><strong>frustra</strong></span> <span class='ocrx_word' id='word_1_116' title='bbox 1053 1410 1211 1444; x_wconf 87' lang='lat' dir='ltr'><strong>puerum</strong></span> <span class='ocrx_word' id='word_1_117' title='bbox 1249 1399 1499 1443; x_wconf 75' lang='lat' dir='ltr'><strong>quaesiverat,</strong></span> <span class='ocrx_word' id='word_1_118' title='bbox 1526 1398 1703 1434; x_wconf 88' lang='lat' dir='ltr'><strong>Hercules</strong></span> <span class='ocrx_word' id='word_1_119' title='bbox 1742 1398 1788 1434; x_wconf 88' lang='lat' dir='ltr'><strong>de</strong></span> 
     </span>
     <span class='ocr_line' id='line_1_20' title="bbox 298 1457 657 1493; baseline 0 -2"><span class='ocrx_word' id='word_1_120' title='bbox 298 1457 443 1492; x_wconf 86' lang='lat' dir='ltr'><strong>iactura</strong></span> <span class='ocrx_word' id='word_1_121' title='bbox 470 1457 657 1493; x_wconf 79' lang='lat' dir='ltr'><strong>edocetur.</strong></span> 
     </span>
    </p>

    <p class='ocr_par' dir='ltr' id='par_1_11' title="bbox 299 1516 1790 1800">
     <span class='ocr_line' id='line_1_21' title="bbox 395 1516 1790 1562; baseline 0 -11"><span class='ocrx_word' id='word_1_122' title='bbox 395 1516 473 1552; x_wconf 89' lang='grc'><strong>571.</strong></span> <span class='ocrx_word' id='word_1_123' title='bbox 523 1518 715 1552; x_wconf 77' lang='lat' dir='ltr'><strong>unanimus</strong></span> <span class='ocrx_word' id='word_1_124' title='bbox 741 1517 967 1553; x_wconf 74' lang='lat' dir='ltr'><strong>adjectivum</strong></span> <span class='ocrx_word' id='word_1_125' title='bbox 984 1518 1079 1553; x_wconf 88' lang='lat' dir='ltr'><strong>solet</strong></span> <span class='ocrx_word' id='word_1_126' title='bbox 1100 1517 1173 1552; x_wconf 90' lang='lat' dir='ltr'><strong>dici</strong></span> <span class='ocrx_word' id='word_1_127' title='bbox 1191 1517 1237 1553; x_wconf 90' lang='lat' dir='ltr'><strong>de</strong></span> <span class='ocrx_word' id='word_1_128' title='bbox 1257 1517 1435 1562; x_wconf 84' lang='lat' dir='ltr'><strong>pluribus,</strong></span> <span class='ocrx_word' id='word_1_129' title='bbox 1456 1517 1646 1552; x_wconf 88' lang='lat' dir='ltr'><strong>interdum</strong></span> <span class='ocrx_word' id='word_1_130' title='bbox 1663 1518 1790 1552; x_wconf 85' lang='lat' dir='ltr'><strong>autem</strong></span> 
     </span>
     <span class='ocr_line' id='line_1_22' title="bbox 300 1566 1789 1622; baseline 0 -11"><span class='ocrx_word' id='word_1_131' title='bbox 300 1576 347 1611; x_wconf 92' lang='lat' dir='ltr'><strong>de</strong></span> <span class='ocrx_word' id='word_1_132' title='bbox 371 1588 445 1612; x_wconf 92' lang='lat' dir='ltr'><strong>uno</strong></span> <span class='ocrx_word' id='word_1_133' title='bbox 471 1566 612 1611; x_wconf 84' lang='lat' dir='ltr'><strong>dictum</strong></span> <span class='ocrx_word' id='word_1_134' title='bbox 637 1577 831 1622; x_wconf 84' lang='lat' dir='ltr'><strong>reperitur,</strong></span> <span class='ocrx_word' id='word_1_135' title='bbox 874 1577 936 1622; x_wconf 89' lang='lat' dir='ltr'><strong>qui</strong></span> <span class='ocrx_word' id='word_1_136' title='bbox 961 1577 1071 1612; x_wconf 88' lang='lat' dir='ltr'><strong>alteri</strong></span> <span class='ocrx_word' id='word_1_137' title='bbox 1097 1577 1354 1612; x_wconf 80' lang='lat' dir='ltr'><strong>familiaritate</strong></span> <span class='ocrx_word' id='word_1_138' title='bbox 1380 1576 1442 1612; x_wconf 86' lang='lat' dir='ltr'><strong>vel</strong></span> <span class='ocrx_word' id='word_1_139' title='bbox 1467 1576 1591 1612; x_wconf 85' lang='lat' dir='ltr'><strong>animo</strong></span> <span class='ocrx_word' id='word_1_140' title='bbox 1617 1577 1675 1612; x_wconf 86' lang='lat' dir='ltr'><strong>est</strong></span> <span class='ocrx_word' id='word_1_141' title='bbox 1705 1587 1789 1612; x_wconf 91' lang='lat' dir='ltr'><strong>con-</strong></span> 
     </span>
     <span class='ocr_line' id='line_1_23' title="bbox 299 1635 1788 1681; baseline 0 -11"><span class='ocrx_word' id='word_1_142' title='bbox 299 1635 559 1680; x_wconf 86' lang='lat' dir='ltr'><strong>iunctissimus;</strong></span> <span class='ocrx_word' id='word_1_143' title='bbox 590 1635 642 1671; x_wconf 87' lang='lat' dir='ltr'><strong>sic</strong></span> <span class='ocrx_word' id='word_1_144' title='bbox 671 1635 732 1678; x_wconf 88' lang='lat' dir='ltr'><strong>IV,</strong></span> <span class='ocrx_word' id='word_1_145' title='bbox 760 1636 844 1678; x_wconf 74' lang='lat'><strong>1623</strong></span> <span class='ocrx_word' id='word_1_146' title='bbox 873 1636 980 1681; x_wconf 86' lang='lat' dir='ltr'><strong>Verg.</strong></span> <span class='ocrx_word' id='word_1_147' title='bbox 1007 1637 1100 1672; x_wconf 85' lang='lat' dir='ltr'><strong>Aen.</strong></span> <span class='ocrx_word' id='word_1_148' title='bbox 1125 1636 1186 1677; x_wconf 78' lang='lat' dir='ltr'><strong>IV,</strong></span> <span class='ocrx_word' id='word_1_149' title='bbox 1213 1636 1236 1671; x_wconf 88' lang='lat'>8</span> <span class='ocrx_word' id='word_1_150' title='bbox 1245 1649 1252 1678; x_wconf 94' lang='lat'>;</span> <span class='ocrx_word' id='word_1_151' title='bbox 1280 1635 1341 1671; x_wconf 82' lang='lat' dir='ltr'><strong>Sil.</strong></span> <span class='ocrx_word' id='word_1_152' title='bbox 1368 1635 1433 1677; x_wconf 85' lang='lat' dir='ltr'><strong>IX,</strong></span> <span class='ocrx_word' id='word_1_153' title='bbox 1459 1635 1546 1678; x_wconf 83' lang='lat'>4013</span> <span class='ocrx_word' id='word_1_154' title='bbox 1573 1635 1676 1677; x_wconf 87' lang='lat' dir='ltr'>XIII,</span> <span class='ocrx_word' id='word_1_155' title='bbox 1703 1635 1788 1677; x_wconf 85' lang='lat'><strong>651;</strong></span> 
     </span>
     <span class='ocr_line' id='line_1_24' title="bbox 302 1694 1788 1742; baseline 0 -13"><span class='ocrx_word' id='word_1_156' title='bbox 302 1695 397 1735; x_wconf 87' lang='lat' dir='ltr'>XVI,</span> <span class='ocrx_word' id='word_1_157' title='bbox 436 1695 523 1738; x_wconf 79' lang='lat'><strong>251;</strong></span> <span class='ocrx_word' id='word_1_158' title='bbox 563 1694 646 1731; x_wconf 82' lang='lat' dir='ltr'><strong>Sen.</strong></span> <span class='ocrx_word' id='word_1_159' title='bbox 686 1695 817 1741; x_wconf 79' lang='lat' dir='ltr'><strong>Oedjp.</strong></span> <span class='ocrx_word' id='word_1_160' title='bbox 844 1696 928 1738; x_wconf 83' lang='grc'><strong>773;</strong></span> <span class='ocrx_word' id='word_1_161' title='bbox 968 1695 1062 1731; x_wconf 86' lang='lat' dir='ltr'><strong>Stat.</strong></span> <span class='ocrx_word' id='word_1_162' title='bbox 1089 1695 1170 1731; x_wconf 88' lang='lat' dir='ltr'><strong>silv.</strong></span> <span class='ocrx_word' id='word_1_163' title='bbox 1196 1695 1237 1737; x_wconf 90' lang='lat' dir='ltr'><strong>V,</strong></span> <span class='ocrx_word' id='word_1_164' title='bbox 1267 1696 1297 1737; x_wconf 89' lang='lat'><strong>1,</strong></span> <span class='ocrx_word' id='word_1_165' title='bbox 1326 1695 1411 1742; x_wconf 78' lang='lat'><strong>1763</strong></span> <span class='ocrx_word' id='word_1_166' title='bbox 1454 1694 1571 1730; x_wconf 86' lang='lat' dir='ltr'><strong>Theb.</strong></span> <span class='ocrx_word' id='word_1_167' title='bbox 1605 1695 1668 1736; x_wconf 86' lang='lat' dir='ltr'><strong>IV,</strong></span> <span class='ocrx_word' id='word_1_168' title='bbox 1703 1694 1788 1736; x_wconf 77' lang='lat'><strong>3543</strong></span> 
     </span>
     <span class='ocr_line' id='line_1_25' title="bbox 301 1754 1186 1800; baseline 0.003 -12"><span class='ocrx_word' id='word_1_169' title='bbox 301 1754 483 1799; x_wconf 85' lang='lat' dir='ltr'><strong>1X,169;</strong></span> <span class='ocrx_word' id='word_1_170' title='bbox 519 1754 562 1796; x_wconf 87' lang='grc' dir='ltr'><strong>Χ,</strong></span> <span class='ocrx_word' id='word_1_171' title='bbox 595 1755 681 1794; x_wconf 83' lang='grc'><strong>727;</strong></span> <span class='ocrx_word' id='word_1_172' title='bbox 714 1755 847 1790; x_wconf 85' lang='lat' dir='ltr'><strong>Auson.</strong></span> <span class='ocrx_word' id='word_1_173' title='bbox 873 1756 1019 1800; x_wconf 87' lang='lat' dir='ltr'><strong>parent.</strong></span> <span class='ocrx_word' id='word_1_174' title='bbox 1049 1754 1101 1795; x_wconf 83' lang='lat'><strong>19,</strong></span> <span class='ocrx_word' id='word_1_175' title='bbox 1131 1755 1186 1791; x_wconf 85' lang='lat'><strong>11.</strong></span> 
     </span>
    </p>

    <p class='ocr_par' dir='ltr' id='par_1_12' title="bbox 303 1813 1788 1908">
     <span class='ocr_line' id='line_1_26' title="bbox 397 1813 1788 1859; baseline 0.001 -11"><span class='ocrx_word' id='word_1_176' title='bbox 397 1814 476 1849; x_wconf 84' lang='lat'><strong>573.</strong></span> <span class='ocrx_word' id='word_1_177' title='bbox 525 1814 616 1848; x_wconf 74' lang='lat' dir='ltr'><strong>nube</strong></span> <span class='ocrx_word' id='word_1_178' title='bbox 651 1815 749 1855; x_wconf 78' lang='lat' dir='ltr'><strong>mali3</strong></span> <span class='ocrx_word' id='word_1_179' title='bbox 790 1814 1030 1851; x_wconf 86' lang='lat' dir='ltr'><strong>obnubilatur</strong></span> <span class='ocrx_word' id='word_1_180' title='bbox 1063 1814 1218 1856; x_wconf 82' lang='lat' dir='ltr'><strong>animus,</strong></span> <span class='ocrx_word' id='word_1_181' title='bbox 1253 1826 1336 1849; x_wconf 90' lang='lat' dir='ltr'><strong>cum</strong></span> <span class='ocrx_word' id='word_1_182' title='bbox 1367 1813 1522 1855; x_wconf 78' lang='lat' dir='ltr'><strong>nesciat,</strong></span> <span class='ocrx_word' id='word_1_183' title='bbox 1557 1813 1644 1858; x_wconf 87' lang='lat' dir='ltr'><strong>quid</strong></span> <span class='ocrx_word' id='word_1_184' title='bbox 1671 1813 1788 1859; x_wconf 84' lang='lat' dir='ltr'><strong>Hylae</strong></span> 
     </span>
     <span class='ocr_line' id='line_1_27' title="bbox 303 1873 882 1915; baseline 0.002 -8"><span class='ocrx_word' id='word_1_185' title='bbox 303 1873 445 1908; x_wconf 82' lang='lat' dir='ltr'><strong>factum</strong></span> <span class='ocrx_word' id='word_1_186' title='bbox 471 1873 535 1915; x_wconf 86' lang='lat' dir='ltr'><strong>sit;</strong></span> <span class='ocrx_word' id='word_1_187' title='bbox 563 1873 629 1909; x_wconf 84' lang='lat' dir='ltr'><strong>cfr.</strong></span> <span class='ocrx_word' id='word_1_188' title='bbox 657 1874 705 1908; x_wconf 89' lang='lat' dir='ltr'><strong>ad</strong></span> <span class='ocrx_word' id='word_1_189' title='bbox 730 1873 797 1915; x_wconf 88' lang='lat' dir='ltr'>III,</span> <span class='ocrx_word' id='word_1_190' title='bbox 825 1873 882 1909; x_wconf 90' lang='lat'><strong>66.</strong></span> 
     </span>
    </p>

    <p class='ocr_par' dir='ltr' id='par_1_13' title="bbox 399 1907 1638 1978">
     <span class='ocr_line' id='line_1_28' title="bbox 399 1907 1638 1978; baseline 0 -11"><span class='ocrx_word' id='word_1_191' title='bbox 399 1932 479 1967; x_wconf 92' lang='lat'><strong>574.</strong></span> <span class='ocrx_word' id='word_1_192' title='bbox 527 1944 671 1968; x_wconf 77' lang='lat' dir='ltr'><strong>casusve</strong></span> <span class='ocrx_word' id='word_1_193' title='bbox 696 1934 850 1968; x_wconf 80' lang='lat' dir='ltr'><strong>laborve:</strong></span> <span class='ocrx_word' id='word_1_194' title='bbox 877 1934 988 1978; x_wconf 89' lang='lat' dir='ltr'><strong>Verg.</strong></span> <span class='ocrx_word' id='word_1_195' title='bbox 1015 1907 1108 1969; x_wconf 85' lang='lat' dir='ltr'><strong>Aen.</strong></span> <span class='ocrx_word' id='word_1_196' title='bbox 1134 1907 1197 1975; x_wconf 87' lang='lat' dir='ltr'><strong>IX,</strong></span> <span class='ocrx_word' id='word_1_197' title='bbox 1224 1933 1292 1967; x_wconf 83' lang='lat'><strong>211</strong></span> <span class='ocrx_word' id='word_1_198' title='bbox 1319 1943 1464 1968; x_wconf 64' lang='lat' dir='ltr'><strong>camme</strong></span> <span class='ocrx_word' id='word_1_199' title='bbox 1489 1932 1638 1969; x_wconf 74' lang='lat' dir='ltr'><strong>deusve.</strong></span> 
     </span>
    </p>

    <p class='ocr_par' dir='ltr' id='par_1_14' title="bbox 397 1991 1329 2038">
     <span class='ocr_line' id='line_1_29' title="bbox 397 1991 1329 2038; baseline 0.001 -13"><span class='ocrx_word' id='word_1_200' title='bbox 397 1991 478 2027; x_wconf 88' lang='lat'><strong>576.</strong></span> <span class='ocrx_word' id='word_1_201' title='bbox 528 1992 583 2027; x_wconf 85' lang='lat' dir='ltr'><strong>De</strong></span> <span class='ocrx_word' id='word_1_202' title='bbox 610 1992 730 2038; x_wconf 86' lang='lat' dir='ltr'><strong>ellipsi</strong></span> <span class='ocrx_word' id='word_1_203' title='bbox 755 1992 860 2028; x_wconf 82' lang='lat' dir='ltr'><strong>verbi</strong></span> <span class='ocrx_word' id='word_1_204' title='bbox 885 1994 1001 2028; x_wconf 74' lang='lat' dir='ltr'><strong>om&#39;twr</strong></span> <span class='ocrx_word' id='word_1_205' title='bbox 1027 1992 1093 2030; x_wconf 86' lang='lat' dir='ltr'><strong>cfr.</strong></span> <span class='ocrx_word' id='word_1_206' title='bbox 1120 1992 1170 2027; x_wconf 84' lang='lat' dir='ltr'><strong>ad</strong></span> <span class='ocrx_word' id='word_1_207' title='bbox 1195 1991 1222 2032; x_wconf 97' lang='grc' dir='ltr'>Ι,</span> <span class='ocrx_word' id='word_1_208' title='bbox 1249 1991 1329 2027; x_wconf 87' lang='grc'><strong>489.</strong></span> 
     </span>
    </p>

    <p class='ocr_par' dir='ltr' id='par_1_15' title="bbox 302 2050 1790 2212">
     <span class='ocr_line' id='line_1_30' title="bbox 397 2050 1790 2097; baseline 0.001 -12"><span class='ocrx_word' id='word_1_209' title='bbox 397 2051 478 2087; x_wconf 88' lang='grc'><strong>577.</strong></span> <span class='ocrx_word' id='word_1_210' title='bbox 522 2052 647 2096; x_wconf 74' lang='lat' dir='ltr'><strong>piceus</strong></span> <span class='ocrx_word' id='word_1_211' title='bbox 682 2053 738 2088; x_wconf 85' lang='lat' dir='ltr'><strong>est</strong></span> <span class='ocrx_word' id='word_1_212' title='bbox 769 2052 880 2087; x_wconf 86' lang='lat' dir='ltr'><strong>sudor</strong></span> <span class='ocrx_word' id='word_1_213' title='bbox 911 2053 1048 2087; x_wconf 84' lang='lat' dir='ltr'><strong>mixtus</strong></span> <span class='ocrx_word' id='word_1_214' title='bbox 1082 2064 1160 2087; x_wconf 86' lang='lat' dir='ltr'><strong>cum</strong></span> <span class='ocrx_word' id='word_1_215' title='bbox 1188 2052 1353 2097; x_wconf 88' lang='lat' dir='ltr'><strong>pulvere,</strong></span> <span class='ocrx_word' id='word_1_216' title='bbox 1388 2052 1431 2086; x_wconf 88' lang='lat' dir='ltr'><strong>ut</strong></span> <span class='ocrx_word' id='word_1_217' title='bbox 1455 2052 1567 2096; x_wconf 89' lang='lat' dir='ltr'><strong>Verg.</strong></span> <span class='ocrx_word' id='word_1_218' title='bbox 1598 2051 1689 2086; x_wconf 90' lang='lat' dir='ltr'><strong>Aen.</strong></span> <span class='ocrx_word' id='word_1_219' title='bbox 1728 2050 1790 2092; x_wconf 78' lang='lat' dir='ltr'><strong>IX,</strong></span> 
     </span>
     <span class='ocr_line' id='line_1_31' title="bbox 302 2103 1790 2152; baseline 0 -7"><span class='ocrx_word' id='word_1_220' title='bbox 302 2110 389 2152; x_wconf 85' lang='lat'><strong>813;</strong></span> <span class='ocrx_word' id='word_1_221' title='bbox 428 2113 622 2146; x_wconf 70' lang='lat' dir='ltr'><strong>caemcleum</strong></span> <span class='ocrx_word' id='word_1_222' title='bbox 661 2112 830 2147; x_wconf 88' lang='lat' dir='ltr'><strong>sudorem</strong></span> <span class='ocrx_word' id='word_1_223' title='bbox 871 2111 1037 2147; x_wconf 84' lang='lat' dir='ltr'><strong>Herculis</strong></span> <span class='ocrx_word' id='word_1_224' title='bbox 1075 2112 1263 2147; x_wconf 86' lang='lat' dir='ltr'><strong>venenata</strong></span> <span class='ocrx_word' id='word_1_225' title='bbox 1301 2112 1406 2147; x_wconf 88' lang='lat' dir='ltr'><strong>veste</strong></span> <span class='ocrx_word' id='word_1_226' title='bbox 1443 2109 1602 2146; x_wconf 84' lang='lat' dir='ltr'><strong>lacerati</strong></span> <span class='ocrx_word' id='word_1_227' title='bbox 1640 2103 1790 2146; x_wconf 76' lang='lat' dir='ltr'><strong>Ovidius</strong></span> 
     </span>
     <span class='ocr_line' id='line_1_32' title="bbox 305 2170 711 2212; baseline 0.005 -8"><span class='ocrx_word' id='word_1_228' title='bbox 305 2170 399 2204; x_wconf 75' lang='lat' dir='ltr'><strong>dixit</strong></span> <span class='ocrx_word' id='word_1_229' title='bbox 425 2171 514 2208; x_wconf 89' lang='lat' dir='ltr'><strong>met.</strong></span> <span class='ocrx_word' id='word_1_230' title='bbox 541 2170 603 2212; x_wconf 82' lang='lat' dir='ltr'><strong>IX,</strong></span> <span class='ocrx_word' id='word_1_231' title='bbox 631 2170 711 2206; x_wconf 85' lang='lat'><strong>173.</strong></span> 
     </span>
    </p>

    <p class='ocr_par' dir='ltr' id='par_1_16' title="bbox 303 2228 1790 2334">
     <span class='ocr_line' id='line_1_33' title="bbox 398 2228 1790 2275; baseline 0.001 -12"><span class='ocrx_word' id='word_1_232' title='bbox 398 2228 479 2265; x_wconf 89' lang='lat'><strong>578.</strong></span> <span class='ocrx_word' id='word_1_233' title='bbox 530 2228 627 2264; x_wconf 86' lang='lat' dir='ltr'><strong>Iovis</strong></span> <span class='ocrx_word' id='word_1_234' title='bbox 653 2230 776 2264; x_wconf 84' lang='lat' dir='ltr'><strong>vultus</strong></span> <span class='ocrx_word' id='word_1_235' title='bbox 803 2230 926 2265; x_wconf 88' lang='lat' dir='ltr'><strong>nautis</strong></span> <span class='ocrx_word' id='word_1_236' title='bbox 954 2242 998 2266; x_wconf 81' lang='lat' dir='ltr'><strong>ex</strong></span> <span class='ocrx_word' id='word_1_237' title='bbox 1024 2230 1185 2265; x_wconf 88' lang='lat' dir='ltr'><strong>nubibus</strong></span> <span class='ocrx_word' id='word_1_238' title='bbox 1212 2229 1317 2275; x_wconf 82' lang='lat' dir='ltr'><strong>quasi</strong></span> <span class='ocrx_word' id='word_1_239' title='bbox 1341 2229 1527 2273; x_wconf 64' lang='lat' dir='ltr'><strong>minatur,-</strong></span> <span class='ocrx_word' id='word_1_240' title='bbox 1551 2230 1709 2275; x_wconf 63' lang='lat' dir='ltr'><strong>congelat</strong></span> <span class='ocrx_word' id='word_1_241' title='bbox 1741 2242 1790 2265; x_wconf 82' lang='lat' dir='ltr'><strong>sc.</strong></span> 
     </span>
     <span class='ocr_line' id='line_1_34' title="bbox 303 2288 1653 2334; baseline 0.001 -12"><span class='ocrx_word' id='word_1_242' title='bbox 303 2289 416 2328; x_wconf 84' lang='lat' dir='ltr'><strong>metu,</strong></span> <span class='ocrx_word' id='word_1_243' title='bbox 443 2288 590 2333; x_wconf 86' lang='lat' dir='ltr'><strong>saepius</strong></span> <span class='ocrx_word' id='word_1_244' title='bbox 616 2289 668 2323; x_wconf 83' lang='lat' dir='ltr'><strong>sic</strong></span> <span class='ocrx_word' id='word_1_245' title='bbox 691 2289 848 2334; x_wconf 65' lang='lat' dir='ltr'><strong>fhiyidus</strong></span> <span class='ocrx_word' id='word_1_246' title='bbox 873 2289 1099 2325; x_wconf 85' lang='lat' dir='ltr'><strong>adiectivum</strong></span> <span class='ocrx_word' id='word_1_247' title='bbox 1123 2289 1272 2334; x_wconf 85' lang='lat' dir='ltr'><strong>legitur,</strong></span> <span class='ocrx_word' id='word_1_248' title='bbox 1300 2288 1366 2324; x_wconf 80' lang='lat' dir='ltr'><strong>cfr.</strong></span> <span class='ocrx_word' id='word_1_249' title='bbox 1394 2289 1444 2324; x_wconf 86' lang='lat' dir='ltr'><strong>ad.</strong></span> <span class='ocrx_word' id='word_1_250' title='bbox 1467 2288 1548 2331; x_wconf 89' lang='lat' dir='ltr'>VII,</span> <span class='ocrx_word' id='word_1_251' title='bbox 1574 2289 1653 2324; x_wconf 86' lang='lat'><strong>530.</strong></span> 
     </span>
    </p>
   </div>
   <div class='ocr_carea' id='block_1_10' title="bbox 303 2359 1792 2634">
    <p class='ocr_par' dir='ltr' id='par_1_17' title="bbox 303 2359 1792 2634">
     <span class='ocr_line' id='line_1_35' title="bbox 399 2359 1792 2403; baseline 0.001 -9"><span class='ocrx_word' id='word_1_252' title='bbox 399 2359 478 2396; x_wconf 85' lang='lat'><strong>579.</strong></span> <span class='ocrx_word' id='word_1_253' title='bbox 527 2361 653 2395; x_wconf 77' lang='lat' dir='ltr'><strong>umbra</strong></span> <span class='ocrx_word' id='word_1_254' title='bbox 690 2361 759 2396; x_wconf 90' lang='lat' dir='ltr'><strong>hoc</strong></span> <span class='ocrx_word' id='word_1_255' title='bbox 796 2361 878 2396; x_wconf 87' lang='lat' dir='ltr'><strong>loco</strong></span> <span class='ocrx_word' id='word_1_256' title='bbox 917 2363 973 2396; x_wconf 84' lang='lat' dir='ltr'><strong>est</strong></span> <span class='ocrx_word' id='word_1_257' title='bbox 1016 2362 1099 2395; x_wconf 88' lang='lat' dir='ltr'><strong>atra</strong></span> <span class='ocrx_word' id='word_1_258' title='bbox 1142 2360 1277 2403; x_wconf 81' lang='lat' dir='ltr'><strong>nubes3</strong></span> <span class='ocrx_word' id='word_1_259' title='bbox 1322 2359 1425 2395; x_wconf 83' lang='lat' dir='ltr'><strong>varie</strong></span> <span class='ocrx_word' id='word_1_260' title='bbox 1472 2359 1653 2395; x_wconf 81' lang='lat' dir='ltr'><strong>adhibent</strong></span> <span class='ocrx_word' id='word_1_261' title='bbox 1694 2361 1792 2395; x_wconf 86' lang='lat' dir='ltr'><strong>hanc</strong></span> 
     </span>
     <span class='ocr_line' id='line_1_36' title="bbox 303 2418 1791 2465; baseline -0.001 -10"><span class='ocrx_word' id='word_1_262' title='bbox 303 2430 435 2455; x_wconf 82' lang='lat' dir='ltr'><strong>vocem</strong></span> <span class='ocrx_word' id='word_1_263' title='bbox 458 2421 596 2465; x_wconf 89' lang='lat' dir='ltr'><strong>poetae</strong></span> <span class='ocrx_word' id='word_1_264' title='bbox 622 2420 670 2455; x_wconf 88' lang='lat' dir='ltr'><strong>ad.</strong></span> <span class='ocrx_word' id='word_1_265' title='bbox 694 2431 753 2456; x_wconf 87' lang='lat' dir='ltr'><strong>res</strong></span> <span class='ocrx_word' id='word_1_266' title='bbox 779 2420 1033 2456; x_wconf 85' lang='lat' dir='ltr'><strong>tenebricosas</strong></span> <span class='ocrx_word' id='word_1_267' title='bbox 1059 2420 1119 2456; x_wconf 84' lang='lat' dir='ltr'><strong>vel</strong></span> <span class='ocrx_word' id='word_1_268' title='bbox 1145 2431 1239 2464; x_wconf 90' lang='lat' dir='ltr'><strong>quae</strong></span> <span class='ocrx_word' id='word_1_269' title='bbox 1278 2419 1450 2454; x_wconf 87' lang='lat' dir='ltr'><strong>umbram</strong></span> <span class='ocrx_word' id='word_1_270' title='bbox 1481 2418 1624 2454; x_wconf 83' lang='lat' dir='ltr'><strong>faciant</strong></span> <span class='ocrx_word' id='word_1_271' title='bbox 1654 2419 1791 2465; x_wconf 83' lang='lat' dir='ltr'><strong>signifi-</strong></span> 
     </span>
     <span class='ocr_line' id='line_1_37' title="bbox 306 2477 1791 2525; baseline -0.001 -11"><span class='ocrx_word' id='word_1_272' title='bbox 306 2479 455 2525; x_wconf 84' lang='lat' dir='ltr'><strong>candas,</strong></span> <span class='ocrx_word' id='word_1_273' title='bbox 482 2479 586 2514; x_wconf 91' lang='lat' dir='ltr'><strong>velut</strong></span> <span class='ocrx_word' id='word_1_274' title='bbox 610 2479 771 2515; x_wconf 86' lang='lat' dir='ltr'><strong>taberna</strong></span> <span class='ocrx_word' id='word_1_275' title='bbox 795 2479 955 2514; x_wconf 86' lang='lat' dir='ltr'><strong>tonsoris</strong></span> <span class='ocrx_word' id='word_1_276' title='bbox 980 2479 1217 2515; x_wconf 88' lang='lat' dir='ltr'><strong>tenebricosa</strong></span> <span class='ocrx_word' id='word_1_277' title='bbox 1242 2478 1329 2514; x_wconf 87' lang='lat' dir='ltr'><strong>Hor.</strong></span> <span class='ocrx_word' id='word_1_278' title='bbox 1357 2489 1413 2523; x_wconf 84' lang='lat' dir='ltr'><strong>ep.</strong></span> <span class='ocrx_word' id='word_1_279' title='bbox 1451 2477 1479 2519; x_wconf 92' lang='lat' dir='ltr'><strong>I,</strong></span> <span class='ocrx_word' id='word_1_280' title='bbox 1513 2478 1544 2519; x_wconf 86' lang='lat'><strong>7,</strong></span> <span class='ocrx_word' id='word_1_281' title='bbox 1578 2478 1640 2520; x_wconf 89' lang='grc'><strong>50;</strong></span> <span class='ocrx_word' id='word_1_282' title='bbox 1672 2478 1791 2513; x_wconf 83' lang='lat' dir='ltr'><strong>barba</strong></span> 
     </span>
     <span class='ocr_line' id='line_1_38' title="bbox 306 2536 1792 2583; baseline -0.001 -9"><span class='ocrx_word' id='word_1_283' title='bbox 306 2539 423 2574; x_wconf 85' lang='lat' dir='ltr'><strong>densa</strong></span> <span class='ocrx_word' id='word_1_284' title='bbox 448 2538 542 2573; x_wconf 85' lang='lat' dir='ltr'><strong>Stat</strong></span> <span class='ocrx_word' id='word_1_285' title='bbox 569 2538 684 2573; x_wconf 85' lang='lat' dir='ltr'><strong>Theb.</strong></span> <span class='ocrx_word' id='word_1_286' title='bbox 711 2537 772 2579; x_wconf 78' lang='lat' dir='ltr'><strong>IV,</strong></span> <span class='ocrx_word' id='word_1_287' title='bbox 800 2538 884 2580; x_wconf 81' lang='lat'><strong>336;</strong></span> <span class='ocrx_word' id='word_1_288' title='bbox 912 2538 1000 2583; x_wconf 89' lang='lat' dir='ltr'><strong>quin</strong></span> <span class='ocrx_word' id='word_1_289' title='bbox 1026 2538 1140 2573; x_wconf 85' lang='lat' dir='ltr'><strong>etiam</strong></span> <span class='ocrx_word' id='word_1_290' title='bbox 1166 2538 1249 2573; x_wconf 89' lang='lat' dir='ltr'><strong>alae</strong></span> <span class='ocrx_word' id='word_1_291' title='bbox 1277 2537 1466 2583; x_wconf 83' lang='lat' dir='ltr'><strong>Cupidinis</strong></span> <span class='ocrx_word' id='word_1_292' title='bbox 1491 2537 1571 2572; x_wconf 86' lang='lat' dir='ltr'><strong>silv.</strong></span> <span class='ocrx_word' id='word_1_293' title='bbox 1599 2536 1667 2578; x_wconf 83' lang='grc' dir='ltr'>ΙΙΙ,</span> <span class='ocrx_word' id='word_1_294' title='bbox 1685 2537 1718 2579; x_wconf 88' lang='lat'><strong>4,</strong></span> <span class='ocrx_word' id='word_1_295' title='bbox 1745 2537 1792 2572; x_wconf 88' lang='lat'><strong>30</strong></span> 
     </span>
     <span class='ocr_line' id='line_1_39' title="bbox 307 2597 715 2634; baseline -0.008 0"><span class='ocrx_word' id='word_1_296' title='bbox 307 2599 440 2634; x_wconf 89' lang='lat' dir='ltr'><strong>umbra</strong></span> <span class='ocrx_word' id='word_1_297' title='bbox 465 2597 715 2634; x_wconf 86' lang='lat' dir='ltr'><strong>nominantur.</strong></span> 
     </span>
    </p>
   </div>
   <div class='ocr_carea' id='block_1_11' title="bbox 402 2625 1789 2702">
    <p class='ocr_par' dir='ltr' id='par_1_18' title="bbox 402 2625 1789 2702">
     <span class='ocr_line' id='line_1_40' title="bbox 402 2625 1789 2702; baseline -0.001 -10"><span class='ocrx_word' id='word_1_298' title='bbox 402 2657 481 2692; x_wconf 82' lang='lat'><strong>581.</strong></span> <span class='ocrx_word' id='word_1_299' title='bbox 532 2657 695 2702; x_wconf 84' lang='lat' dir='ltr'><strong>Sumpsit</strong></span> <span class='ocrx_word' id='word_1_300' title='bbox 722 2625 1039 2701; x_wconf 86' lang='lat' dir='ltr'><strong>comparationem</strong></span> <span class='ocrx_word' id='word_1_301' title='bbox 1065 2656 1233 2692; x_wconf 83' lang='lat' dir='ltr'><strong>Valerius</strong></span> <span class='ocrx_word' id='word_1_302' title='bbox 1269 2667 1314 2692; x_wconf 84' lang='lat' dir='ltr'><strong>ex</strong></span> <span class='ocrx_word' id='word_1_303' title='bbox 1337 2655 1458 2701; x_wconf 84' lang='lat' dir='ltr'><strong>Apoll.</strong></span> <span class='ocrx_word' id='word_1_304' title='bbox 1490 2655 1519 2696; x_wconf 84' lang='lat' dir='ltr'><strong>I,</strong></span> <span class='ocrx_word' id='word_1_305' title='bbox 1554 2655 1646 2690; x_wconf 84' lang='lat'><strong>1265</strong></span> <span class='ocrx_word' id='word_1_306' title='bbox 1678 2666 1789 2700; x_wconf 68' lang='lat' dir='ltr'><strong>seqq„</strong></span> 
     </span>
    </p>
   </div>
   <div class='ocr_carea' id='block_1_12' title="bbox 308 2714 1869 2761">
    <p class='ocr_par' dir='ltr' id='par_1_19' title="bbox 308 2714 1869 2761">
     <span class='ocr_line' id='line_1_41' title="bbox 308 2714 1869 2761; baseline -0.002 -9"><span class='ocrx_word' id='word_1_307' title='bbox 308 2717 437 2752; x_wconf 83' lang='lat' dir='ltr'><strong>sedin</strong></span> <span class='ocrx_word' id='word_1_308' title='bbox 462 2717 611 2753; x_wconf 82' lang='lat' dir='ltr'><strong>brevius</strong></span> <span class='ocrx_word' id='word_1_309' title='bbox 638 2716 824 2752; x_wconf 82' lang='lat' dir='ltr'><strong>contraxit</strong></span> <span class='ocrx_word' id='word_1_310' title='bbox 848 2726 969 2760; x_wconf 90' lang='lat' dir='ltr'><strong>neque</strong></span> <span class='ocrx_word' id='word_1_311' title='bbox 993 2727 1083 2751; x_wconf 83' lang='lat' dir='ltr'><strong>vero</strong></span> <span class='ocrx_word' id='word_1_312' title='bbox 1113 2726 1156 2751; x_wconf 91' lang='lat' dir='ltr'><strong>eo</strong></span> <span class='ocrx_word' id='word_1_313' title='bbox 1181 2714 1433 2761; x_wconf 83' lang='lat' dir='ltr'><strong>pulchriorem</strong></span> <span class='ocrx_word' id='word_1_314' title='bbox 1463 2714 1645 2757; x_wconf 84' lang='lat' dir='ltr'><strong>reddidit;</strong></span> <span class='ocrx_word' id='word_1_315' title='bbox 1677 2714 1790 2760; x_wconf 88' lang='lat' dir='ltr'><strong>pluri·</strong></span> <span class='ocrx_word' id='word_1_316' title='bbox 1846 2730 1869 2750; x_wconf 45' lang='lat' dir='ltr'><strong>v.</strong></span> 
     </span>
    </p>
   </div>
   <div class='ocr_carea' id='block_1_13' title="bbox 1844 1857 1890 3100">
    <p class='ocr_par' dir='ltr' id='par_1_20' title="bbox 1844 1857 1890 3100">
     <span class='ocr_line' id='line_1_42' title="bbox 1844 1857 1890 3100; baseline 0 0"><span class='ocrx_word' id='word_1_317' title='bbox 1844 1857 1890 3100; x_wconf 95' lang='lat' dir='ltr'><strong>  </strong></span> 
     </span>
    </p>
   </div>
   <div class='ocr_carea' id='block_1_14' title="bbox 1840 2770 1866 2847">
    <p class='ocr_par' dir='ltr' id='par_1_21' title="bbox 1840 2770 1866 2847">
     <span class='ocr_line' id='line_1_43' title="bbox 1840 2770 1866 2847; baseline 0 0"><span class='ocrx_word' id='word_1_318' title='bbox 1840 2770 1866 2847; x_wconf 58' lang='lat'><strong>{³³³</strong></span> 
     </span>
    </p>
   </div>
  </div>
 </body>
</html>
