1890 3100
615 215 1002 253 ARGONAVTICON
1025 215 1173 251 LIBER
1196 215 1274 252 VII.
1582 217 1668 260 489

302 337 388 376 sola
414 337 481 375 fui.
538 337 671 375 tristes
698 337 895 375 thalamos
922 335 1149 388 infestaque
1177 347 1298 373 cerno

302 402 444 449 omnia,
473 402 658 454 vipereos
686 402 764 454 ipsi
790 401 863 439 tibi
891 413 1056 452 surgere
1085 399 1241 438 crines’.
1674 419 1728 448 250

299 466 397 505 talia
423 467 547 505 verba
575 465 696 505 dabat
723 467 993 518 conlapsaque
1020 465 1143 503 flebat
1174 464 1335 516 iniquae

299 532 342 569 in
368 531 538 571 Veneris
567 531 714 570 Medea
741 531 851 569 sinus
877 535 1115 582 pestemque
1143 529 1336 567 latentem

301 596 456 635 ossibus
485 603 605 649 atque
633 596 701 634 imi
727 595 973 634 monstrabat
999 594 1172 646 pectoris
1201 594 1347 644 ignem.

354 661 535 713 Occupat
563 661 750 713 amplexu
777 661 916 699 Venus
944 665 986 698 et
1012 657 1170 697 furialia
1195 658 1283 709 figit

300 726 437 765 oscula
463 727 782 778 permixtumque
811 724 911 769 odiis
938 725 1105 776 inspirat
1133 736 1319 762 amorem.
1674 744 1729 774 255

300 791 473 844 dumque
501 791 612 830 illam
637 792 758 830 variis
786 796 1032 829 maerentem
1059 789 1225 828 vocibus
1254 789 1378 827 ambit

299 857 420 909 inque
449 856 527 895 alio
555 869 739 895 sermone
767 862 891 903 tenet,
922 856 1030 908 ‘quin
1058 854 1145 893 hoc’
1175 855 1231 893 ait
1260 853 1365 892 ‘audi

299 927 420 974 atque
448 921 587 960 attolle
616 921 768 973 genas‘,
797 921 1052 973 lacrimisque
1080 920 1182 959 haee
1209 919 1296 958 infit
1324 919 1492 958 obortis:

300 991 402 1025 ‘cum
428 986 530 1025 levis
560 986 768 1038 Hesperiis
798 986 849 1025 ad
875 991 916 1024 te
945 985 1063 1024 modo
1091 985 1251 1025 laberer
1279 981 1369 1032 oris,

298 1052 401 1091 forte
428 1057 555 1091 ratem
582 1052 708 1103 primo
736 1051 959 1103 fugientem
985 1051 1103 1089 litore
1131 1063 1263 1096 cerno,
1670 1065 1726 1095 2⁰0

298 1117 457 1170 qualem
474 1123 611 1156 nostra
638 1130 710 1155 suo
738 1129 954 1168 numquam
981 1115 1178 1155 dimittere
1205 1121 1322 1167 portu
1423 1121 1428 1124 ’

285 1254 366 1290 252.
420 1253 536 1298 pestis
587 1253 634 1288 de
688 1251 842 1288 exitioso
895 1262 1019 1288 amore
1076 1251 1215 1297 legitur
1269 1251 1383 1287 etiam
1423 1251 1522 1296 apud
1562 1251 1672 1297 Verg.

190 1313 282 1348 Aen.
307 1313 336 1354 Ι,
362 1312 448 1354 712;
474 1311 607 1348 Catull.
633 1311 689 1353 76,
715 1311 772 1346 20.

285 1371 365 1407 254.
411 1371 565 1414 timialia
590 1388 634 1398 —-
660 1371 798 1413 multu
837 1371 883 1406 de
921 1370 1107 1406 adiectivo
1142 1370 1217 1407 vid„
1256 1371 1305 1406 ad
1339 1370 1403 1416 VI,
1440 1370 1511 1406 670
1547 1372 1587 1407 et
1624 1371 1673 1407 de

191 1430 379 1466 sententia
402 1431 487 1466 tota
510 1430 623 1475 Verg.
647 1430 739 1466 Aen.
764 1429 794 1471 L
819 1429 900 1465 687.

284 1489 366 1525 255.
407 1490 691 1534 permixtumque
727 1489 818 1524 odiis
854 1500 903 1523 sc.
937 1488 977 1523 in
1014 1488 1148 1531 omnia,
1185 1500 1280 1534 quae
1320 1489 1440 1525 adhuc
1464 1491 1668 1532 amaverat,

193 1547 419 1595 ὡραία-ἰωῇ
444 1549 483 1584 et
506 1549 701 1594 parentem
725 1548 765 1584 et
789 1559 975 1593 sponsum.

285 1604 366 1644 256.
414 1608 557 1643 vocibus
581 1608 708 1643 ambit:
734 1607 845 1652 Verg.
872 1607 964 1645 Aen.
988 1607 1052 1649 IV,
1078 1607 1159 1643 283.

286 1666 366 1703 258.
416 1666 535 1703 attolle
568 1678 694 1712 yma-33
731 1677 850 1712 genae
885 1667 955 1702 hoc
991 1667 1072 1703 loco
1107 1679 1176 1713 pro
1201 1668 1283 1704 toto
1321 1668 1442 1714 capite
1464 1669 1671 1714 ponuntur3

193 1725 304 1762 aliter
326 1737 366 1762 se
389 1737 450 1762 res
473 1726 591 1762 habet
614 1725 718 1773 VIII,
744 1725 830 1768 1643
857 1725 923 1761 cfr.
954 1726 1020 1762 Ov.
1042 1727 1130 1762 met.
1148 1726 1213 1772 IV,
1242 1727 1312 1762 144
1343 1727 1528 1772 vultusqae
1552 1729 1671 1764 attolle

190 1786 353 1821 iacentes.

285 1833 371 1868 haec
410 1831 508 1874 inst&
561 1831 640 1867 fere
697 1843 844 1878 semper
888 1832 970 1875 infit
1016 1832 1095 1868 sine
1146 1833 1359 1869 accusativo
1408 1834 1577 1878 ponitur;
1618 1838 1672 1870 ta—

191 1891 284 1927 libus
317 1890 398 1933 infit
437 1890 467 1932 Ι,
508 1890 593 1932 666;
642 1890 692 1931 Π,
730 1891 817 1938 611;
863 1891 964 1933 vm,
1002 1892 1087 1934 414;
1119 1891 1230 1937 Verg.
1267 1893 1359 1928 Aen.
1394 1892 1437 1934 Χ,
1474 1893 1566 1935 86Ο;
1608 1893 1671 1930 Sil.

190 1948 287 1995 XVI,
313 1948 398 1991 1393
437 1948 504 1985 cfr.
537 1949 650 1985 etiam
683 1949 747 1986 Sil.
772 1949 802 1995 1,
845 1951 933 1993 477;
971 1950 1055 1996 XII,
1094 1951 1157 1993 67;
1200 1951 1413 1987 accusativo
1439 1952 1673 1989 coniunctum

190 2007 327 2054 legitur
350 2008 519 2044 hocloco
538 2010 695 2054 excepto
720 2009 820 2054 apud
851 2009 946 2045 solos
962 2009 1188 2055 posteriores
1212 2011 1364 2055 poetas:
1406 2010 1517 2048 Prud„
1543 2013 1671 2058 apoth.

190 2066 271 2110 6863
310 2066 436 2104 Claud.
461 2067 554 2103 Mar.
579 2067 675 2104 Vict.
700 2067 824 2105 Aleth.
850 2068 920 2114 111,
947 2068 1033 2111 246;
1065 2069 1213 2104 Iuvenc.
1239 2069 1269 2111 L
1295 2069 1358 2115 573
1401 2069 1545 2116 Coripp.
1569 2071 1672 2110 laud.

190 2125 282 2162 lunt.
306 2126 357 2168 Π,
382 2127 440 2163 51.

283 2184 364 2224 259.
413 2186 550 2230 asperis
574 2185 671 2227 Vat„
710 2186 897 2231 Hesperiis
920 2187 1097 2223 Koestlin.
1134 2188 1230 2223 Phil.
1254 2187 1311 2230 39,
1347 2187 1416 2235 603
1449 2190 1551 2225 auris
1573 2189 1671 2231 Vah,

191 2254 266 2279 om
296 2255 378 2290 ego.

284 2302 365 2339 260.
411 2303 604 2349 fuyientem
627 2303 652 2340 i.
678 2314 709 2339 e.
735 2315 830 2348 quae
855 2303 1038 2350 fugiebat,
1064 2305 1112 2341 de
1137 2307 1274 2341 conatu
1298 2306 1456 2343 dictum:
1494 2307 1547 2342 sic
1572 2307 1672 2343 enim

191 2361 300 2408 fingit
324 2361 429 2398 Circe
453 2363 645 2405 simulatam
681 2362 748 2399 cfr.
775 2364 820 2398 ad
843 2363 906 2405 VI,
931 2363 1013 2399 409.

284 2420 353 2456 261
378 2432 454 2467 seq.
507 2422 613 2467 gravi
664 2421 891 2458 dubitationi
937 2423 1086 2460 obnoxii
1133 2426 1230 2462 sunt.
1306 2424 1391 2461 Non
1441 2424 1564 2460 dicam
1605 2428 1672 2461 Ar·-

191 2489 327 2525 gonem
375 2480 524 2517 omuino
572 2481 733 2526 primam
781 2492 917 2518 navem
964 2482 1089 2525 fuisse,
1138 2483 1178 2518 id
1218 2484 1318 2529 quod
1356 2484 1529 2520 Valerius
1570 2485 1671 2521 nullo

192 2537 267 2574 alio
315 2538 396 2575 loeo
450 2539 586 2575 oblitus
640 2542 697 2575 est
710 2567 718 2580 ,
780 2551 899 2586 neque
953 2541 1044 2578 alios
1091 2544 1173 2578 tum
1218 2544 1354 2578 nautas
1427 2543 1541 2580 fnisse
1600 2544 1673 2580 nisi

190 2597 290 2643 ipsos
329 2598 566 2644 Argonautas
580 2625 589 2639 ,
639 2599 820 2644 quomodo
860 2611 994 2645 quaeso
1042 2601 1142 2638 inter
1189 2613 1229 2638 se
1278 2603 1465 2639 conciliari
1505 2605 1670 2649 possunt,

193 2667 287 2702 quae
311 2657 403 2693 dicit
429 2656 543 2697 Circe,
575 2659 672 2695 velle
703 2659 872 2701 insulam,
918 2671 1010 2704 quae
1047 2671 1201 2697 omnes
1238 2664 1405 2698 nautas
1441 2663 1668 2704 detineat,
