1890 3100
298 196 387 241 534
848 197 886 234 c.
911 197 1094 234 VALERI
1119 199 1294 235 FLACCI

410 314 706 369 adsuetumque
734 322 878 369 petunt
905 318 1093 370 plaustris
1121 318 1384 370 migrantibus
1413 332 1573 372 aequor.

461 381 602 433 Puppe
631 382 771 434 procul
801 396 954 421 summa
981 383 1114 435 vigilis
1142 389 1234 436 post
1261 389 1376 435 terga
1403 385 1583 437 magistri

404 446 595 485 haeserat
624 453 786 487 auratae
816 449 986 500 genibus
1015 448 1163 488 Medea
1189 449 1414 498 Minervae3

405 517 526 564 atque
556 512 612 551 ibi
641 512 798 552 deiecta
825 513 1006 553 residens
1035 515 1078 553 in
1104 514 1256 553 lumina
1283 515 1393 567 palla

403 577 529 616 flebat
559 577 702 626 adhue,
734 593 975 632 quamquam
1003 580 1238 619 Haemoniis
1269 593 1358 619 cum
1386 581 1548 632 regibus
1576 582 1663 631 iret,
1789 604 1843 634 205

400 642 487 681 sola
514 648 649 682 tamen
677 657 753 682 nec
782 645 954 696 coniugii
984 658 1126 683 secura
1153 645 1287 683 futuri.

397 707 514 746 illam
545 708 755 748 Sarmatici
782 710 1023 748 miserantur
1050 710 1167 749 litora
1194 711 1316 762 ponti,

397 773 469 811 illa
497 773 734 813 Thoanteae
762 775 905 813 transit
934 775 1080 814 defleta
1108 776 1277 815 Dianae.

402 838 515 877 nulla
542 838 672 891 palus,
702 839 837 878 nullus
868 839 1060 892 Scythiae
1089 854 1169 879 non
1197 848 1350 880 maeret
1379 848 1540 882 euntem

403 905 548 953 amnis3
577 904 867 956 Hyperboreas
896 907 1022 944 movit
1050 912 1266 959 conspecta
1292 908 1467 959 pruinas,
1785 924 1840 954 210

391 975 453 1007 tot
481 969 600 1008 modo
635 983 763 1021 regna
789 976 952 1020 tenens3
981 971 1059 1023 ipsi
1088 985 1247 1024 quoque
1275 986 1477 1012 murmura
1503 979 1657 1026 ponunt

404 1035 483 1072 iam
511 1034 689 1086 Minyae,
718 1036 797 1074 iam
826 1036 930 1075 ferre
959 1036 1110 1075 volunt.
1168 1037 1237 1075 vix
1265 1038 1414 1077 allevat
1442 1052 1511 1078 ora

284 1182 451 1223 rediisse,
479 1183 546 1219 sed
570 1184 732 1230 fuerunt,
760 1184 822 1230 qui
846 1184 1044 1221 traderent
1070 1185 1203 1222 eadem
1225 1186 1287 1221 via
1311 1197 1373 1222 eos
1399 1197 1473 1231 qua
1487 1187 1648 1232 profecti
1673 1190 1782 1225 erant

287 1242 440 1278 domum
465 1243 675 1285 revertisse,
704 1243 770 1279 cfr.
799 1243 865 1280 Ov.
892 1255 963 1279 am.
990 1244 1038 1286 II,
1079 1245 1134 1286 11,
1160 1245 1197 1288 4;
1241 1244 1324 1282 Sen.
1351 1246 1450 1283 Med.
1474 1246 1561 1289 456;
1599 1247 1779 1284 Herodor.

284 1302 385 1347 apud
410 1302 522 1338 schol.
549 1302 671 1348 Apoll.
696 1302 760 1349 IV,
786 1303 873 1346 2593
908 1303 1078 1340 Muelleri
1103 1304 1191 1340 Min.
1216 1317 1253 1351 p.
1279 1305 1366 1348 295;
1393 1305 1574 1351 Groegeri
1599 1306 1645 1343 de
1665 1309 1781 1353 Argo-

285 1361 523 1396 nauticarum
549 1361 764 1397 fabularum
789 1363 874 1399 hist.
902 1364 1045 1408 quaest.
1070 1376 1106 1409 p.
1132 1364 1177 1398 41
1203 1375 1303 1410 seqq.

373 1421 522 1464 flectunt
538 1421 637 1467 Vat.‚
662 1422 757 1465 flexu
773 1421 867 1458 Phil.
885 1422 1054 1468 Wagner
1073 1423 1206 1460 Philol.
1232 1423 1288 1465 20,
1315 1423 1383 1459 647
1393 1437 1401 1467 ;
1424 1425 1568 1468 flectunt
1590 1436 1688 1472 reyes
1703 1437 1777 1462 non

281 1479 356 1515 dici
383 1491 489 1526 posse
514 1482 608 1526 puto
634 1493 703 1527 pro
732 1493 776 1517 eo
803 1482 902 1527 quod
929 1483 986 1518 est
1010 1483 1066 1517 ad
1088 1493 1186 1528 reyes
1206 1483 1362 1526 flectunt.

381 1539 462 1575 201.
514 1540 560 1576 Se
586 1541 742 1576 vertunt
767 1541 815 1576 ad
841 1542 1154 1587 septentrionales
1179 1542 1291 1578 Ponti
1326 1544 1471 1588 partes,
1498 1555 1594 1588 quae
1624 1556 1668 1580 ex
1693 1556 1778 1581 sen-

283 1598 413 1634 tentia
436 1600 575 1645 poetae
601 1599 724 1636 hieme
750 1600 838 1646 gelu
864 1601 1088 1637 constrictae
1115 1612 1194 1637 esse
1220 1602 1351 1640 solent.

372 1658 562 1693 202—216
587 1670 663 1694 non
702 1671 767 1695 suo
806 1660 887 1696 loco
925 1672 1023 1696 nunc
1049 1661 1236 1705 leguntur.
1286 1661 1338 1697 Ut
1361 1663 1517 1704 taceam,
1543 1674 1619 1698 non
1645 1664 1776 1710 aptum

278 1729 360 1754 esse
386 1719 469 1753 tum
495 1718 656 1761 demum,
686 1719 789 1764 quali
816 1720 939 1756 animo
964 1720 1013 1755 sit
1030 1720 1166 1756 Medea
1183 1720 1342 1766 fugiens,
1368 1722 1658 1766 commemorari,
1676 1724 1775 1769 quod

274 1777 406 1813 statim
430 1778 470 1813 in
495 1778 602 1814 initio
651 1778 767 1824 fugae
806 1779 1013 1825 descriptae
1053 1780 1133 1815 fien'
1169 1780 1345 1823 debebat,
1379 1793 1530 1827 prorsus
1568 1793 1591 1817 a
1626 1782 1774 1819 ratione

270 1838 409 1883 poetae
436 1837 560 1873 aliena
580 1839 636 1874 est
655 1839 798 1875 mentio
820 1838 1011 1874 Carambis
1031 1839 1223 1876 nubiferae
1250 1841 1288 1876 et
1312 1851 1513 1886 regnorum
1537 1841 1627 1887 Lyci
1650 1853 1685 1879 v.
1703 1842 1772 1877 214

272 1897 312 1933 et
336 1897 416 1939 215,
445 1909 528 1933 cum
553 1899 681 1944 paullo
709 1911 822 1945 supra
849 1900 899 1935 ad
925 1899 1043 1936 alios
1068 1912 1176 1946 reges
1201 1901 1374 1947 locosque
1398 1901 1422 1937 i.
1449 1912 1480 1938 e.
1506 1913 1610 1938 oram
1623 1903 1774 1948 septen-

274 1955 478 1993 trionalem
502 1958 616 1994 Ponti
645 1958 885 2004 Argonautas
911 1971 950 1995 se
975 1959 1133 1996 vertisse
1159 1960 1309 2005 dixerit;
1346 1961 1413 1996 has
1448 1962 1575 1997 autem
1598 1961 1773 2008 regiones

269 2015 341 2050 viri
361 2016 477 2052 etiam
501 2017 540 2052 in
565 2017 688 2062 priore
711 2018 847 2054 itinere
871 2019 1123 2064 praetervecti
1157 2021 1275 2061 erant,
1310 2019 1385 2055 vid.
1410 2020 1474 2062 IV,
1501 2020 1587 2064 599;
1613 2021 1656 2063 V,
1684 2020 1751 2056 107
1759 2035 1768 2065 ;

270 2074 333 2117 IV,
360 2075 440 2119 589,
468 2076 537 2111 733
563 2088 662 2123 seqq.
712 2076 848 2122 Itaque
881 2077 934 2113 sic
961 2078 1205 2114 statuendum
1227 2079 1339 2125 puto:
1370 2082 1483 2125 poeta
1505 2091 1633 2116 versus
1656 2092 1771 2126 supra

268 2133 455 2171 indicatos
472 2137 559 2181 post
581 2136 650 2171 174
672 2136 918 2172 collocaturus
936 2149 1018 2173 cum
1035 2137 1200 2173 nondum
1227 2149 1417 2180 conexum,
1445 2138 1508 2186 qui
1533 2139 1623 2175 satis
1647 2139 1767 2185 place·

271 2194 341 2235 ret,
367 2194 607 2240 repperisset,
633 2195 672 2230 in
699 2196 901 2242 exemplari
919 2208 984 2232 suo
1003 2208 1078 2232 non
1098 2198 1199 2233 certo
1217 2197 1299 2233 loco
1318 2197 1530 2243 assignavit,
1555 2198 1654 2234 unde
1672 2198 1766 2234 falso

271 2252 344 2288 huc
368 2254 544 2289 translati
568 2256 665 2290 sunt.

365 2311 447 2348 203.
498 2318 651 2349 auratae
674 2334 720 2341 —
747 2314 947 2351 Minervae:
975 2316 1038 2351 cfr.
1067 2315 1115 2350 ad
1141 2315 1168 2357 1,
1195 2315 1275 2352 301.

363 2371 443 2408 204.
495 2372 577 2408 Vid.
604 2373 633 2414 Ι,
661 2373 742 2412 132.

364 2430 445 2466 207.
509 2431 699 2467 Litoribus
752 2444 881 2469 sensus
924 2434 1127 2470 miserandi
1169 2435 1366 2477 tribuitur3
1423 2433 1489 2472 cfr.
1515 2434 1626 2480 Verg.
1670 2435 1762 2474 Aen.

263 2490 347 2532 VII,
375 2491 454 2526 759.

361 2550 441 2585 208.
494 2550 628 2593 deflexo
654 2550 753 2594 Vat„
780 2552 905 2594 defleta
931 2552 1010 2588 cod.
1037 2564 1132 2599 reg.;
1159 2553 1224 2589 cfr.
1253 2553 1312 2595 VI,
1339 2553 1420 2589 495.

361 2609 442 2646 211.
494 2610 738 2656 Argonautas
763 2621 838 2646 non
862 2611 982 2647 laetos
1008 2612 1180 2648 Medeam
1206 2613 1292 2647 navi
1317 2612 1504 2658 accepisse
1531 2624 1575 2648 ex
1600 2613 1670 2649 hoc
1696 2614 1760 2650 de-

262 2681 366 2704 mum
391 2669 474 2705 loco
500 2669 684 2712 discimus
710 2669 784 2705 vid.
809 2670 929 2716 praef.
957 2682 1035 2716 cap.
1062 2671 1092 2708 Ι.
