1890 3100
597 218 985 257 ARGONAVTICON
1009 218 1157 253 LIBER
1181 217 1252 253 111.
1567 218 1654 261 213

279 357 389 381 arma
414 356 546 381 manu.
600 342 786 393 princeps
814 338 972 390 galeam
1002 337 1236 387 constringit
1262 336 1384 374 Iason

278 408 503 447 vociferans
531 407 708 459 ‘primam
735 406 839 443 hanc
866 404 961 451 nati,
989 408 1114 455 pater,
1145 402 1282 452 accipe
1310 413 1499 452 pugnam,

278 486 443 526 vosque,
471 473 557 519 viri,
587 476 742 523 optatos
770 470 850 508 huc
878 468 1016 507 adfore
1045 466 1196 506 credite
1226 465 1428 505 Colchos!

277 538 465 577 Bistonas
491 538 534 576 in
560 536 713 575 medios
742 549 817 574 ceu
843 535 1010 574 Martius
1040 533 1175 573 exsilit
1203 533 1320 571 astris

280 617 429 650 currus,
457 603 527 641 ubi
553 603 740 653 ingentes
769 602 926 640 animae
955 600 1183 651 clamorque
1211 597 1416 649 tubaeque

279 669 524 720 sanguineae
551 668 691 706 iuvere
719 666 850 714 deum,
878 680 960 704 non
989 665 1152 716 segnius
1180 663 1250 702 ille

279 739 447 786 occupat
473 746 570 772 arva
594 733 751 781 furens3
781 732 962 784 sequitur
988 731 1049 769 vis
1078 730 1205 769 omnis
1233 728 1444 767 Achivum.

278 798 554 850 adglomerant
580 797 719 844 latera,
749 803 791 836 et
819 796 954 836 densis
981 795 1212 834 thoracibus
1240 794 1408 832 horrens

279 869 359 902 stat
384 876 538 910 manus,
569 863 760 914 aegisono
789 875 908 914 quam
936 875 1012 900 nec
1039 861 1127 899 fera
1153 865 1318 912 pectore
1345 859 1460 909 virgo

279 928 488 980 dispulerit
514 941 590 966 nec
620 927 762 966 dextra
787 927 896 965 Iovis
925 927 1154 978 Terrorque
1181 925 1407 976 Pavorque,

276 993 416 1031 Martis
445 993 550 1045 equi.
607 993 664 1031 sic
693 993 891 1031 contextis
919 991 1160 1030 umbonibus
1188 995 1375 1041 urguent,

279 1058 464 1097 caeruleo
492 1058 620 1096 veluti
649 1072 738 1096 cum
766 1057 947 1109 Iuppiter
975 1057 1134 1108 agmine
1163 1055 1311 1094 nubem

280 1123 501 1171 constituit3
531 1128 686 1162 certant
714 1123 882 1174 zephyri
910 1122 1137 1174 frustraque
1165 1121 1363 1172 rigentem

172 1237 284 1272 nocte
307 1235 361 1276 fit,
386 1236 498 1281 Verg.
523 1236 615 1271 Aen.
641 1234 690 1276 Π,
716 1235 805 1277 335;
831 1246 858 1270 c.
884 1235 953 1269 iter
975 1234 999 1269 i.
1018 1245 1050 1271 e.
1066 1234 1292 1269 nocturnum
1312 1232 1377 1268 Ov.
1395 1232 1486 1267 met.
1504 1231 1548 1276 X,
1569 1230 1659 1273 456;

172 1306 200 1330 c.
226 1295 306 1330 viae
329 1294 411 1332 le.
436 1294 484 1335 H.
511 1295 543 1336 1,
570 1294 627 1330 78.

267 1353 324 1390 82.
373 1354 498 1396 adfore
522 1355 593 1389 hoc
617 1354 699 1389 loco
723 1353 787 1388 vix
817 1365 886 1398 pro
917 1352 1045 1388 futuro
1079 1363 1159 1388 esse
1189 1353 1327 1398 potest,
1364 1351 1512 1386 videtur
1544 1350 1661 1396 igitur

173 1414 270 1448 hanc
305 1412 375 1448 sibi
411 1413 605 1449 licentiam
641 1413 840 1458 sumpsisse
877 1412 1057 1452 Valerius,
1090 1413 1134 1446 ut
1162 1423 1232 1457 pro
1262 1410 1454 1457 praesenti
1490 1411 1659 1455 poneret,

173 1472 274 1518 quod
298 1473 468 1518 exemplo
494 1473 608 1514 caret;
634 1483 723 1507 nam
747 1483 842 1517 quae
868 1472 998 1507 attulit
1021 1471 1224 1516 Burmann,
1250 1470 1348 1505 falsa
1373 1471 1470 1505 sunt.

250 1531 324 1567 '84.
373 1531 544 1576 maeque
567 1532 799 1577 sanguineam
826 1543 872 1567 ea
897 1531 1074 1567 adiectivi
1098 1530 1214 1572 notio,
1233 1541 1329 1575 quae
1349 1529 1494 1564 indicat
1510 1528 1660 1574 sangui-

173 1590 230 1626 nis
261 1590 447 1636 cupidum,
484 1590 713 1627 transfertur
749 1591 798 1626 ad
833 1602 922 1626 rem.
971 1590 1162 1625 Hannibal
1196 1589 1252 1624 ita
1289 1589 1506 1624 nominatur
1530 1587 1593 1624 Sil.
1630 1587 1658 1629 L

173 1649 236 1693 40;
261 1649 362 1686 Mars
397 1650 477 1696 ipse
504 1650 570 1686 Ov.
607 1650 747 1688 remed.
785 1650 855 1685 153
892 1651 931 1685 et
961 1649 1072 1695 Verg.
1097 1650 1189 1685 Aen.
1216 1648 1299 1690 ΧΠ,
1339 1648 1419 1690 332,
1459 1648 1522 1693 qui
1556 1647 1660 1683 locus

173 1708 328 1745 Valerio
354 1709 571 1746 obversatus
596 1709 758 1757 videm-3
783 1721 869 1745 nam
893 1709 947 1744 ibi
972 1709 1117 1744 Turnus
1142 1709 1182 1744 in
1205 1709 1333 1744 hostes
1357 1708 1566 1753 irrumpens
1597 1707 1660 1742 de-

173 1768 350 1804 scribitur
374 1769 488 1814 atque
513 1779 598 1804 cum
622 1769 745 1804 Marte
771 1769 1019 1815 comparatur.

267 1827 325 1864 87.
350 1829 593 1874 adqlomercmt
617 1830 739 1871 latera,
766 1830 831 1867 cfr.
858 1829 907 1863 ad
931 1828 979 1870 Π,
1007 1829 1086 1864 171.

267 1887 326 1924 88.
373 1887 499 1923 Nimia
523 1900 648 1923 rursus
673 1888 877 1934 superlatio
902 1888 963 1923 hic
995 1889 1169 1933 apparet;
1206 1888 1373 1932 aegisono
1392 1890 1534 1931 pectore
1565 1885 1660 1920 indi-

175 1948 291 1989 catur,
316 1945 507 1983 Valerium
532 1948 603 1983 hoc
628 1947 710 1983 loco
742 1947 916 1993 aegidem
947 1947 1104 1982 loricam
1129 1946 1321 1982 Minervae
1346 1945 1587 1987 intellexisse,
1618 1946 1662 1979 ut

173 2005 286 2052 Verg.
309 2006 403 2043 Aen.
428 2006 529 2047 vm,
555 2007 642 2049 435;
669 2006 731 2042 Sil.
762 2006 826 2049 IX,
864 2007 950 2048 441;
984 2006 1027 2049 Χ,
1065 2006 1136 2041 434
1169 2006 1227 2048 al.;
1261 2005 1327 2042 cfr.
1353 2005 1511 2041 Prelleri
1542 2005 1659 2050 myth.

176 2064 309 2102 Graec.
333 2065 369 2100 1⁴
394 2066 459 2108 76;
485 2065 565 2102 230.

274 2124 330 2160 89.
386 2125 567 2160 Terrorem
591 2125 832 2170 Pavoremque
867 2125 999 2160 Martis
1044 2136 1158 2170 equos
1201 2124 1292 2160 dicit
1323 2124 1494 2160 Valerius
1532 2135 1661 2159 secun-

182 2183 271 2219 dum
294 2184 412 2220 verba
428 2184 581 2220 Homeri
603 2183 648 2219 Il.
664 2184 741 2226 XV.
761 2184 830 2219 119
854 2184 953 2219 male
978 2184 1182 2226 intellecta,
1208 2183 1273 2219 nbi
1298 2185 1414 2230 Δεῖμόν
1439 2198 1474 2220 τε
1499 2184 1608 2229 Φόβον
1625 2196 1662 2219 τε

181 2242 352 2279 subiecta
385 2245 473 2278 sunt
504 2243 554 2278 ad
590 2245 776 2289 ζευγνύμεν,
815 2255 898 2279 cum
933 2244 1049 2289 poeta
1079 2243 1269 2278 Romanus
1302 2244 1457 2288 putaret
1488 2242 1661 2288 apposita

176 2311 257 2338 esse
282 2301 331 2337 ad
356 2302 544 2338 obiectum
564 2300 699 2346 ἵππους;
733 2303 785 2338 sic
809 2302 958 2339 Servius
983 2314 1129 2348 quoque
1154 2303 1204 2338 ad
1227 2302 1339 2348 Verg.
1365 2313 1491 2347 georg.
1518 2301 1589 2343 ΙΠ,
1615 2301 1660 2336 91

177 2361 217 2396 et
240 2360 399 2397 fortasse
423 2362 609 2408 Vergilius
641 2362 732 2408 ipse,
759 2363 872 2407 atque
904 2362 999 2398 adeo
1031 2362 1107 2397 iam
1139 2362 1381 2397 Antimachus
1412 2363 1512 2397 teste
1546 2361 1660 2397 schol.

176 2418 218 2455 11.
244 2419 307 2463 IV,
332 2420 414 2457 440.
464 2421 508 2456 In
532 2421 667 2462 eodem
692 2433 817 2457 errore
843 2421 959 2457 etiam
982 2421 1152 2457 nonnulli
1177 2421 1426 2457 recentiorum
1452 2422 1659 2456 versantur.

270 2490 328 2529 90.
376 2495 547 2528 conte-‘ntis
570 2493 794 2528 umbonibus
820 2493 935 2529 etiam
960 2492 1093 2528 fortius
1118 2504 1198 2528 rem
1224 2492 1398 2538 exprimit
1430 2503 1542 2537 quam
1574 2503 1659 2527 con-

178 2548 295 2593 fertis,
321 2551 427 2596 quasi
450 2551 550 2588 inter
574 2563 614 2587 se
640 2551 771 2588 conexi
795 2551 870 2587 sint
894 2552 1075 2588 umbones
1099 2552 1162 2587 vel
1188 2551 1307 2597 clipei.

271 2620 328 2658 91.
376 2623 534 2658 caeruleo
569 2644 617 2649 —
652 2624 790 2668 aomina
827 2624 884 2659 est
921 2623 1119 2664 ablativus,
1164 2622 1227 2668 qui
1271 2622 1406 2658 dicitur
1450 2621 1659 2667 qualitatis;

179 2678 401 2716 documento
426 2680 529 2717 locus
555 2683 613 2717 est
638 2681 801 2718 Lucretii
824 2681 887 2722 VI,
914 2682 983 2717 100
1019 2693 1139 2718 verum
1172 2683 1370 2726 ubieunque
1406 2682 1519 2726 nmqis
1552 2681 1658 2716 denso
