<?xml version="1.0" encoding="UTF-8"?>
<!DOCTYPE html PUBLIC "-//W3C//DTD XHTML 1.0 Transitional//EN"
    "http://www.w3.org/TR/xhtml1/DTD/xhtml1-transitional.dtd">
<html xmlns="http://www.w3.org/1999/xhtml" xml:lang="en" lang="en">
 <head>
  <title>
</title>
<meta http-equiv="Content-Type" content="text/html;charset=utf-8" />
  <meta name='ocr-system' content='tesseract 3.04.00' />
  <meta name='ocr-capabilities' content='ocr_page ocr_carea ocr_par ocr_line ocrx_word'/>
</head>
<body>
  <div class='ocr_page' id='page_1' title='image "argonauticonlibr00valeuoft_0178.png"; bbox 0 0 1890 3100; ppageno 0'>
   <div class='ocr_carea' id='block_1_1' title="bbox 260 208 1221 252">
    <p class='ocr_par' dir='ltr' id='par_1_1' title="bbox 260 208 1221 252">
     <span class='ocr_line' id='line_1_1' title="bbox 260 208 1221 252; baseline -0.006 0"><span class='ocrx_word' id='word_1_1' title='bbox 260 209 345 252; x_wconf 88' lang='lat'>168</span> <span class='ocrx_word' id='word_1_2' title='bbox 779 208 817 245; x_wconf 81' lang='lat' dir='ltr'>o,</span> <span class='ocrx_word' id='word_1_3' title='bbox 843 208 1022 244; x_wconf 85' lang='lat' dir='ltr'>VALERI</span> <span class='ocrx_word' id='word_1_4' title='bbox 1047 210 1221 246; x_wconf 83' lang='lat' dir='ltr'>FLACOI</span> 
     </span>
    </p>
   </div>
   <div class='ocr_carea' id='block_1_2' title="bbox 367 326 1479 446">
    <p class='ocr_par' dir='ltr' id='par_1_2' title="bbox 367 326 1479 446">
     <span class='ocr_line' id='line_1_2' title="bbox 367 326 1479 369; baseline 0.004 -5"><span class='ocrx_word' id='word_1_5' title='bbox 367 332 435 364; x_wconf 83' lang='lat' dir='ltr'>aut</span> <span class='ocrx_word' id='word_1_6' title='bbox 462 326 569 365; x_wconf 84' lang='lat' dir='ltr'>unde</span> <span class='ocrx_word' id='word_1_7' title='bbox 598 327 848 366; x_wconf 81' lang='lat' dir='ltr'>Haemoniae</span> <span class='ocrx_word' id='word_1_8' title='bbox 877 328 1022 367; x_wconf 91' lang='lat' dir='ltr'>molem</span> <span class='ocrx_word' id='word_1_9' title='bbox 1050 329 1163 367; x_wconf 85' lang='lat' dir='ltr'>ratis:</span> <span class='ocrx_word' id='word_1_10' title='bbox 1193 330 1309 368; x_wconf 82' lang='lat' dir='ltr'>unius</span> <span class='ocrx_word' id='word_1_11' title='bbox 1338 330 1479 369; x_wconf 84' lang='lat' dir='ltr'><strong>haeret</strong></span> 
     </span>
     <span class='ocr_line' id='line_1_3' title="bbox 367 390 1360 446; baseline 0.004 -17"><span class='ocrx_word' id='word_1_12' title='bbox 367 390 553 444; x_wconf 83' lang='lat' dir='ltr'>adloquio</span> <span class='ocrx_word' id='word_1_13' title='bbox 584 397 624 430; x_wconf 88' lang='lat' dir='ltr'>et</span> <span class='ocrx_word' id='word_1_14' title='bbox 651 392 820 431; x_wconf 82' lang='lat' dir='ltr'>blandos</span> <span class='ocrx_word' id='word_1_15' title='bbox 848 393 1039 444; x_wconf 84' lang='lat' dir='ltr'>paulatim</span> <span class='ocrx_word' id='word_1_16' title='bbox 1069 394 1220 446; x_wconf 82' lang='lat' dir='ltr'>colligit</span> <span class='ocrx_word' id='word_1_17' title='bbox 1247 395 1360 446; x_wconf 85' lang='lat' dir='ltr'>ignes</span> 
     </span>
    </p>
   </div>
   <div class='ocr_carea' id='block_1_3' title="bbox 365 456 1799 511">
    <p class='ocr_par' dir='ltr' id='par_1_3' title="bbox 365 456 1799 511">
     <span class='ocr_line' id='line_1_4' title="bbox 365 456 1799 511; baseline 0.004 -17"><span class='ocrx_word' id='word_1_18' title='bbox 365 458 444 495; x_wconf 85' lang='lat' dir='ltr'>iam</span> <span class='ocrx_word' id='word_1_19' title='bbox 472 471 552 495; x_wconf 90' lang='lat' dir='ltr'>non</span> <span class='ocrx_word' id='word_1_20' title='bbox 582 456 681 496; x_wconf 86' lang='lat' dir='ltr'>dura</span> <span class='ocrx_word' id='word_1_21' title='bbox 707 458 804 496; x_wconf 86' lang='lat' dir='ltr'>toris</span> <span class='ocrx_word' id='word_1_22' title='bbox 832 458 981 497; x_wconf 89' lang='lat' dir='ltr'>Veneri</span> <span class='ocrx_word' id='word_1_23' title='bbox 1009 472 1084 497; x_wconf 92' lang='lat' dir='ltr'>nec</span> <span class='ocrx_word' id='word_1_24' title='bbox 1112 460 1248 511; x_wconf 91' lang='lat' dir='ltr'>iniqua</span> <span class='ocrx_word' id='word_1_25' title='bbox 1275 473 1474 501; x_wconf 85' lang='lat' dir='ltr'>reversae.</span> <span class='ocrx_word' id='word_1_26' title='bbox 1742 481 1799 511; x_wconf 80' lang='lat'>355</span> 
     </span>
    </p>
   </div>
   <div class='ocr_carea' id='block_1_4' title="bbox 364 522 1475 771">
    <p class='ocr_par' dir='ltr' id='par_1_4' title="bbox 364 522 1475 771">
     <span class='ocr_line' id='line_1_5' title="bbox 367 522 1463 577; baseline 0.005 -17"><span class='ocrx_word' id='word_1_27' title='bbox 367 528 407 560; x_wconf 87' lang='lat' dir='ltr'>et</span> <span class='ocrx_word' id='word_1_28' title='bbox 436 522 535 561; x_wconf 88' lang='lat' dir='ltr'>deus</span> <span class='ocrx_word' id='word_1_29' title='bbox 563 523 650 574; x_wconf 86' lang='lat' dir='ltr'>ipse</span> <span class='ocrx_word' id='word_1_30' title='bbox 678 536 808 562; x_wconf 85' lang='lat' dir='ltr'>moras</span> <span class='ocrx_word' id='word_1_31' title='bbox 838 524 1090 576; x_wconf 87' lang='lat' dir='ltr'>spatiumque</span> <span class='ocrx_word' id='word_1_32' title='bbox 1118 524 1301 577; x_wconf 82' lang='lat' dir='ltr'>indulget</span> <span class='ocrx_word' id='word_1_33' title='bbox 1329 527 1463 567; x_wconf 87' lang='lat' dir='ltr'>amori.</span> 
     </span>
     <span class='ocr_line' id='line_1_6' title="bbox 365 587 1372 639; baseline 0.005 -14"><span class='ocrx_word' id='word_1_34' title='bbox 365 587 506 626; x_wconf 89' lang='lat' dir='ltr'>Pliada</span> <span class='ocrx_word' id='word_1_35' title='bbox 533 587 626 639; x_wconf 86' lang='lat' dir='ltr'>lege</span> <span class='ocrx_word' id='word_1_36' title='bbox 654 588 736 639; x_wconf 90' lang='lat' dir='ltr'>poli</span> <span class='ocrx_word' id='word_1_37' title='bbox 764 588 986 628; x_wconf 88' lang='lat' dir='ltr'>nimbosum</span> <span class='ocrx_word' id='word_1_38' title='bbox 1015 596 1193 629; x_wconf 79' lang='lat' dir='ltr'>moverat</span> <span class='ocrx_word' id='word_1_39' title='bbox 1223 597 1372 630; x_wconf 85' lang='lat' dir='ltr'>astrum</span> 
     </span>
     <span class='ocr_line' id='line_1_7' title="bbox 364 653 1475 706; baseline 0.005 -16"><span class='ocrx_word' id='word_1_40' title='bbox 364 653 544 704; x_wconf 87' lang='lat' dir='ltr'>Iuppiter</span> <span class='ocrx_word' id='word_1_41' title='bbox 572 658 779 692; x_wconf 87' lang='lat' dir='ltr'>aeternum</span> <span class='ocrx_word' id='word_1_42' title='bbox 806 654 973 693; x_wconf 86' lang='lat' dir='ltr'>volvens</span> <span class='ocrx_word' id='word_1_43' title='bbox 1004 668 1115 706; x_wconf 84' lang='lat' dir='ltr'>opus,</span> <span class='ocrx_word' id='word_1_44' title='bbox 1147 662 1187 694; x_wconf 87' lang='lat' dir='ltr'>et</span> <span class='ocrx_word' id='word_1_45' title='bbox 1216 657 1331 694; x_wconf 89' lang='lat' dir='ltr'>simul</span> <span class='ocrx_word' id='word_1_46' title='bbox 1360 657 1475 696; x_wconf 85' lang='lat' dir='ltr'>undis</span> 
     </span>
     <span class='ocr_line' id='line_1_8' title="bbox 367 719 1371 771; baseline 0.004 -15"><span class='ocrx_word' id='word_1_47' title='bbox 367 724 510 756; x_wconf 87' lang='lat' dir='ltr'>cuncta</span> <span class='ocrx_word' id='word_1_48' title='bbox 537 724 656 757; x_wconf 89' lang='lat' dir='ltr'>ruunt</span> <span class='ocrx_word' id='word_1_49' title='bbox 683 732 843 771; x_wconf 89' lang='lat' dir='ltr'>unoque</span> <span class='ocrx_word' id='word_1_50' title='bbox 873 719 938 758; x_wconf 90' lang='lat' dir='ltr'>dei</span> <span class='ocrx_word' id='word_1_51' title='bbox 966 720 1155 771; x_wconf 87' lang='lat' dir='ltr'>Pangaea</span> <span class='ocrx_word' id='word_1_52' title='bbox 1188 721 1261 760; x_wconf 89' lang='lat' dir='ltr'>sub</span> <span class='ocrx_word' id='word_1_53' title='bbox 1290 723 1371 760; x_wconf 90' lang='lat' dir='ltr'>ictu</span> 
     </span>
    </p>
   </div>
   <div class='ocr_carea' id='block_1_5' title="bbox 258 798 470 802">
    <p class='ocr_par' dir='ltr' id='par_1_5' title="bbox 258 798 470 802">
     <span class='ocr_line' id='line_1_9' title="bbox 258 798 470 802; baseline 0 0"><span class='ocrx_word' id='word_1_54' title='bbox 258 798 470 802; x_wconf 95' lang='lat' dir='ltr'> </span> 
     </span>
    </p>
   </div>
   <div class='ocr_carea' id='block_1_6' title="bbox 259 835 1743 1002">
    <p class='ocr_par' dir='ltr' id='par_1_6' title="bbox 259 835 1743 1002">
     <span class='ocr_line' id='line_1_10' title="bbox 354 835 1742 884; baseline 0.004 -13"><span class='ocrx_word' id='word_1_55' title='bbox 354 835 435 872; x_wconf 86' lang='lat'>353.</span> <span class='ocrx_word' id='word_1_56' title='bbox 485 836 542 872; x_wconf 90' lang='lat' dir='ltr'>De</span> <span class='ocrx_word' id='word_1_57' title='bbox 568 836 688 882; x_wconf 87' lang='lat' dir='ltr'>ellipsi</span> <span class='ocrx_word' id='word_1_58' title='bbox 713 837 819 873; x_wconf 89' lang='lat' dir='ltr'>verbi</span> <span class='ocrx_word' id='word_1_59' title='bbox 836 838 1003 873; x_wconf 83' lang='lat' dir='ltr'>habendi</span> <span class='ocrx_word' id='word_1_60' title='bbox 1027 838 1086 874; x_wconf 90' lang='lat' dir='ltr'>vel</span> <span class='ocrx_word' id='word_1_61' title='bbox 1111 839 1239 875; x_wconf 83' lang='lat' dir='ltr'>similis</span> <span class='ocrx_word' id='word_1_62' title='bbox 1262 840 1423 876; x_wconf 84' lang='lat' dir='ltr'>notionis</span> <span class='ocrx_word' id='word_1_63' title='bbox 1449 840 1516 877; x_wconf 86' lang='lat' dir='ltr'>cfr.</span> <span class='ocrx_word' id='word_1_64' title='bbox 1543 841 1590 877; x_wconf 87' lang='lat' dir='ltr'>ad</span> <span class='ocrx_word' id='word_1_65' title='bbox 1607 841 1635 884; x_wconf 92' lang='grc' dir='ltr'>Ι,</span> <span class='ocrx_word' id='word_1_66' title='bbox 1661 842 1742 878; x_wconf 85' lang='lat'>489.</span> 
     </span>
     <span class='ocr_line' id='line_1_11' title="bbox 259 895 1742 947; baseline 0.005 -17"><span class='ocrx_word' id='word_1_67' title='bbox 259 895 343 931; x_wconf 88' lang='lat' dir='ltr'>Non</span> <span class='ocrx_word' id='word_1_68' title='bbox 369 896 621 941; x_wconf 86' lang='lat' dir='ltr'>comparanda</span> <span class='ocrx_word' id='word_1_69' title='bbox 660 907 743 931; x_wconf 86' lang='lat' dir='ltr'>cum</span> <span class='ocrx_word' id='word_1_70' title='bbox 780 897 851 932; x_wconf 88' lang='lat' dir='ltr'>hac</span> <span class='ocrx_word' id='word_1_71' title='bbox 883 897 1034 933; x_wconf 85' lang='lat' dir='ltr'>insolita</span> <span class='ocrx_word' id='word_1_72' title='bbox 1071 900 1178 934; x_wconf 89' lang='lat' dir='ltr'>sueta</span> <span class='ocrx_word' id='word_1_73' title='bbox 1208 899 1273 935; x_wconf 88' lang='lat' dir='ltr'>illa</span> <span class='ocrx_word' id='word_1_74' title='bbox 1306 900 1444 946; x_wconf 80' lang='lat' dir='ltr'>ellipsis</span> <span class='ocrx_word' id='word_1_75' title='bbox 1469 901 1575 937; x_wconf 89' lang='lat' dir='ltr'>verbi</span> <span class='ocrx_word' id='word_1_76' title='bbox 1598 901 1742 947; x_wconf 83' lang='lat' dir='ltr'>primae</span> 
     </span>
     <span class='ocr_line' id='line_1_12' title="bbox 259 955 1743 1002; baseline 0.003 -10"><span class='ocrx_word' id='word_1_77' title='bbox 259 966 442 1001; x_wconf 81' lang='lat' dir='ltr'>personae</span> <span class='ocrx_word' id='word_1_78' title='bbox 479 955 518 990; x_wconf 90' lang='lat' dir='ltr'>in</span> <span class='ocrx_word' id='word_1_79' title='bbox 553 955 910 1001; x_wconf 71' lang='lat' dir='ltr'>interrogationibus</span> <span class='ocrx_word' id='word_1_80' title='bbox 947 957 1052 992; x_wconf 86' lang='lat' dir='ltr'>velut</span> <span class='ocrx_word' id='word_1_81' title='bbox 1088 958 1175 995; x_wconf 91' lang='lat' dir='ltr'>Hor.</span> <span class='ocrx_word' id='word_1_82' title='bbox 1207 960 1276 996; x_wconf 89' lang='lat' dir='ltr'>sat.</span> <span class='ocrx_word' id='word_1_83' title='bbox 1302 959 1349 1002; x_wconf 87' lang='lat' dir='ltr'>II,</span> <span class='ocrx_word' id='word_1_84' title='bbox 1376 960 1407 1002; x_wconf 93' lang='lat'>5,</span> <span class='ocrx_word' id='word_1_85' title='bbox 1436 960 1503 996; x_wconf 86' lang='lat'>103</span> <span class='ocrx_word' id='word_1_86' title='bbox 1539 961 1633 996; x_wconf 79' lang='lat' dir='ltr'>unde</span> <span class='ocrx_word' id='word_1_87' title='bbox 1656 961 1743 996; x_wconf 76' lang='lat' dir='ltr'>mihi</span> 
     </span>
    </p>
   </div>
   <div class='ocr_carea' id='block_1_7' title="bbox 259 1014 1745 1119">
    <p class='ocr_par' dir='ltr' id='par_1_7' title="bbox 259 1014 1745 1119">
     <span class='ocr_line' id='line_1_13' title="bbox 259 1014 1745 1063; baseline 0.005 -14"><span class='ocrx_word' id='word_1_88' title='bbox 259 1019 333 1050; x_wconf 81' lang='lat' dir='ltr'>tam</span> <span class='ocrx_word' id='word_1_89' title='bbox 355 1015 482 1057; x_wconf 76' lang='lat' dir='ltr'>fortem</span> <span class='ocrx_word' id='word_1_90' title='bbox 509 1018 647 1059; x_wconf 79' lang='lat' dir='ltr'>tamque</span> <span class='ocrx_word' id='word_1_91' title='bbox 670 1014 831 1057; x_wconf 67' lang='lat' dir='ltr'>fidelem?</span> <span class='ocrx_word' id='word_1_92' title='bbox 853 1015 914 1051; x_wconf 88' lang='lat' dir='ltr'>vel</span> <span class='ocrx_word' id='word_1_93' title='bbox 941 1015 1005 1051; x_wconf 89' lang='lat' dir='ltr'>Ov.</span> <span class='ocrx_word' id='word_1_94' title='bbox 1033 1017 1109 1052; x_wconf 89' lang='lat' dir='ltr'>her.</span> <span class='ocrx_word' id='word_1_95' title='bbox 1136 1016 1220 1063; x_wconf 85' lang='lat' dir='ltr'>XII,</span> <span class='ocrx_word' id='word_1_96' title='bbox 1244 1018 1290 1053; x_wconf 87' lang='grc'>84</span> <span class='ocrx_word' id='word_1_97' title='bbox 1320 1018 1382 1053; x_wconf 71' lang='lat' dir='ltr'>sed</span> <span class='ocrx_word' id='word_1_98' title='bbox 1411 1019 1498 1055; x_wconf 79' lang='lat' dir='ltr'>mihi</span> <span class='ocrx_word' id='word_1_99' title='bbox 1523 1023 1595 1055; x_wconf 79' lang='lat' dir='ltr'>tam</span> <span class='ocrx_word' id='word_1_100' title='bbox 1617 1020 1745 1063; x_wconf 74' lang='lat' dir='ltr'>faciles</span> 
     </span>
     <span class='ocr_line' id='line_1_14' title="bbox 261 1073 664 1119; baseline -0.002 -9"><span class='ocrx_word' id='word_1_101' title='bbox 261 1075 354 1111; x_wconf 75' lang='lat' dir='ltr'>unde</span> <span class='ocrx_word' id='word_1_102' title='bbox 377 1085 536 1119; x_wconf 74' lang='lat' dir='ltr'>meosque</span> <span class='ocrx_word' id='word_1_103' title='bbox 559 1073 664 1110; x_wconf 76' lang='lat' dir='ltr'>deos?</span> 
     </span>
    </p>
   </div>
   <div class='ocr_carea' id='block_1_8' title="bbox 213 1133 1742 2721">
    <p class='ocr_par' dir='ltr' id='par_1_8' title="bbox 354 1133 1520 1180">
     <span class='ocr_line' id='line_1_15' title="bbox 354 1133 1520 1180; baseline 0.003 -10"><span class='ocrx_word' id='word_1_104' title='bbox 354 1134 433 1170; x_wconf 82' lang='lat'>355.</span> <span class='ocrx_word' id='word_1_105' title='bbox 483 1133 540 1169; x_wconf 93' lang='lat' dir='ltr'>De</span> <span class='ocrx_word' id='word_1_106' title='bbox 566 1133 810 1169; x_wconf 73' lang='lat' dir='ltr'>collocatione</span> <span class='ocrx_word' id='word_1_107' title='bbox 835 1145 898 1169; x_wconf 78' lang='lat' dir='ltr'>nee</span> <span class='ocrx_word' id='word_1_108' title='bbox 924 1134 1192 1171; x_wconf 87' lang='lat' dir='ltr'>coniunctionis</span> <span class='ocrx_word' id='word_1_109' title='bbox 1219 1136 1285 1172; x_wconf 88' lang='lat' dir='ltr'>cfr.</span> <span class='ocrx_word' id='word_1_110' title='bbox 1313 1137 1361 1171; x_wconf 87' lang='lat' dir='ltr'>ad</span> <span class='ocrx_word' id='word_1_111' title='bbox 1385 1137 1412 1180; x_wconf 87' lang='lat' dir='ltr'>I,</span> <span class='ocrx_word' id='word_1_112' title='bbox 1439 1137 1520 1175; x_wconf 82' lang='lat'>261.</span> 
     </span>
    </p>

    <p class='ocr_par' dir='ltr' id='par_1_9' title="bbox 262 1193 1742 1299">
     <span class='ocr_line' id='line_1_16' title="bbox 354 1193 1742 1243; baseline 0.004 -15"><span class='ocrx_word' id='word_1_113' title='bbox 354 1193 434 1231; x_wconf 85' lang='lat'>356.</span> <span class='ocrx_word' id='word_1_114' title='bbox 484 1193 553 1229; x_wconf 87' lang='lat' dir='ltr'>Hic</span> <span class='ocrx_word' id='word_1_115' title='bbox 579 1204 708 1229; x_wconf 86' lang='lat' dir='ltr'>versus</span> <span class='ocrx_word' id='word_1_116' title='bbox 734 1194 944 1239; x_wconf 85' lang='lat' dir='ltr'>explicatur</span> <span class='ocrx_word' id='word_1_117' title='bbox 970 1195 1033 1241; x_wconf 86' lang='lat' dir='ltr'>eis,</span> <span class='ocrx_word' id='word_1_118' title='bbox 1068 1206 1161 1242; x_wconf 87' lang='lat' dir='ltr'>quae</span> <span class='ocrx_word' id='word_1_119' title='bbox 1187 1197 1399 1242; x_wconf 87' lang='lat' dir='ltr'>sequuntur,</span> <span class='ocrx_word' id='word_1_120' title='bbox 1437 1198 1521 1233; x_wconf 79' lang='lat' dir='ltr'>deus</span> <span class='ocrx_word' id='word_1_121' title='bbox 1544 1197 1659 1243; x_wconf 87' lang='lat' dir='ltr'>igitur</span> <span class='ocrx_word' id='word_1_122' title='bbox 1685 1199 1742 1234; x_wconf 78' lang='lat' dir='ltr'>est</span> 
     </span>
     <span class='ocr_line' id='line_1_17' title="bbox 262 1252 442 1299; baseline 0.011 -11"><span class='ocrx_word' id='word_1_123' title='bbox 262 1252 442 1299; x_wconf 87' lang='lat' dir='ltr'>Iuppiter.</span> 
     </span>
    </p>

    <p class='ocr_par' dir='ltr' id='par_1_10' title="bbox 261 1311 1742 1475">
     <span class='ocr_line' id='line_1_18' title="bbox 357 1311 1741 1363; baseline 0.006 -18"><span class='ocrx_word' id='word_1_124' title='bbox 357 1311 436 1347; x_wconf 82' lang='lat'>357.</span> <span class='ocrx_word' id='word_1_125' title='bbox 489 1311 777 1348; x_wconf 85' lang='lat' dir='ltr'>Excusationem</span> <span class='ocrx_word' id='word_1_126' title='bbox 802 1312 984 1357; x_wconf 82' lang='lat' dir='ltr'>segnitiae</span> <span class='ocrx_word' id='word_1_127' title='bbox 1012 1313 1179 1349; x_wconf 86' lang='lat' dir='ltr'>Valerius</span> <span class='ocrx_word' id='word_1_128' title='bbox 1204 1314 1296 1351; x_wconf 81' lang='lat' dir='ltr'>scite</span> <span class='ocrx_word' id='word_1_129' title='bbox 1331 1315 1482 1361; x_wconf 85' lang='lat' dir='ltr'>paravit</span> <span class='ocrx_word' id='word_1_130' title='bbox 1512 1317 1741 1363; x_wconf 82' lang='lat' dir='ltr'>tempestate</span> 
     </span>
     <span class='ocr_line' id='line_1_19' title="bbox 262 1370 1742 1421; baseline 0.003 -15"><span class='ocrx_word' id='word_1_131' title='bbox 262 1372 400 1412; x_wconf 86' lang='lat' dir='ltr'>coorta,</span> <span class='ocrx_word' id='word_1_132' title='bbox 438 1382 520 1406; x_wconf 91' lang='lat' dir='ltr'>cum</span> <span class='ocrx_word' id='word_1_133' title='bbox 546 1371 646 1416; x_wconf 86' lang='lat' dir='ltr'>apud</span> <span class='ocrx_word' id='word_1_134' title='bbox 668 1372 820 1416; x_wconf 87' lang='lat' dir='ltr'>poetam</span> <span class='ocrx_word' id='word_1_135' title='bbox 846 1370 1028 1407; x_wconf 86' lang='lat' dir='ltr'>Graecum</span> <span class='ocrx_word' id='word_1_136' title='bbox 1053 1373 1184 1409; x_wconf 87' lang='lat' dir='ltr'>heroes</span> <span class='ocrx_word' id='word_1_137' title='bbox 1218 1385 1258 1409; x_wconf 92' lang='lat' dir='ltr'>se</span> <span class='ocrx_word' id='word_1_138' title='bbox 1283 1374 1376 1409; x_wconf 87' lang='lat' dir='ltr'>dant</span> <span class='ocrx_word' id='word_1_139' title='bbox 1399 1374 1568 1411; x_wconf 89' lang='lat' dir='ltr'>mollitiei</span> <span class='ocrx_word' id='word_1_140' title='bbox 1591 1387 1742 1421; x_wconf 85' lang='lat' dir='ltr'>prorsus</span> 
     </span>
     <span class='ocr_line' id='line_1_20' title="bbox 261 1430 449 1475; baseline 0 -11"><span class='ocrx_word' id='word_1_141' title='bbox 261 1430 449 1475; x_wconf 86' lang='lat' dir='ltr'>indignae.</span> 
     </span>
    </p>

    <p class='ocr_par' dir='ltr' id='par_1_11' title="bbox 256 1488 1740 2065">
     <span class='ocr_line' id='line_1_21' title="bbox 355 1488 1739 1536; baseline 0.004 -13"><span class='ocrx_word' id='word_1_142' title='bbox 355 1488 435 1524; x_wconf 83' lang='lat'>357.</span> <span class='ocrx_word' id='word_1_143' title='bbox 486 1488 621 1523; x_wconf 80' lang='lat' dir='ltr'>Pliada</span> <span class='ocrx_word' id='word_1_144' title='bbox 638 1489 707 1534; x_wconf 75' lang='lat' dir='ltr'>leye</span> <span class='ocrx_word' id='word_1_145' title='bbox 719 1489 1002 1533; x_wconf 76' lang='lat' dir='ltr'>poli—moverat</span> <span class='ocrx_word' id='word_1_146' title='bbox 1016 1489 1039 1526; x_wconf 90' lang='lat' dir='ltr'>i.</span> <span class='ocrx_word' id='word_1_147' title='bbox 1060 1501 1090 1526; x_wconf 90' lang='lat' dir='ltr'>e.</span> <span class='ocrx_word' id='word_1_148' title='bbox 1110 1501 1154 1526; x_wconf 87' lang='lat' dir='ltr'>ex</span> <span class='ocrx_word' id='word_1_149' title='bbox 1171 1491 1256 1536; x_wconf 88' lang='lat' dir='ltr'>lege</span> <span class='ocrx_word' id='word_1_150' title='bbox 1277 1493 1431 1528; x_wconf 87' lang='lat' dir='ltr'>aeterna</span> <span class='ocrx_word' id='word_1_151' title='bbox 1449 1494 1488 1529; x_wconf 90' lang='lat' dir='ltr'>et</span> <span class='ocrx_word' id='word_1_152' title='bbox 1504 1493 1739 1535; x_wconf 83' lang='lat' dir='ltr'>immutabili,</span> 
     </span>
     <span class='ocr_line' id='line_1_22' title="bbox 263 1546 1738 1598; baseline 0.003 -15"><span class='ocrx_word' id='word_1_153' title='bbox 263 1559 333 1595; x_wconf 86' lang='lat' dir='ltr'>qua</span> <span class='ocrx_word' id='word_1_154' title='bbox 363 1547 470 1593; x_wconf 90' lang='lat' dir='ltr'>polus</span> <span class='ocrx_word' id='word_1_155' title='bbox 506 1546 676 1591; x_wconf 84' lang='lat' dir='ltr'>vertitur,</span> <span class='ocrx_word' id='word_1_156' title='bbox 715 1546 859 1583; x_wconf 88' lang='lat' dir='ltr'>fecerat</span> <span class='ocrx_word' id='word_1_157' title='bbox 884 1547 1062 1593; x_wconf 90' lang='lat' dir='ltr'>Iuppiter,</span> <span class='ocrx_word' id='word_1_158' title='bbox 1100 1550 1143 1583; x_wconf 90' lang='lat' dir='ltr'>ut</span> <span class='ocrx_word' id='word_1_159' title='bbox 1167 1549 1339 1586; x_wconf 84' lang='lat' dir='ltr'>Pleiades</span> <span class='ocrx_word' id='word_1_160' title='bbox 1379 1551 1607 1595; x_wconf 85' lang='lat' dir='ltr'>occiderent;</span> <span class='ocrx_word' id='word_1_161' title='bbox 1657 1552 1738 1598; x_wconf 89' lang='lat' dir='ltr'>ipse</span> 
     </span>
     <span class='ocr_line' id='line_1_23' title="bbox 262 1606 1737 1657; baseline 0.003 -15"><span class='ocrx_word' id='word_1_162' title='bbox 262 1606 410 1653; x_wconf 84' lang='lat' dir='ltr'>quidem</span> <span class='ocrx_word' id='word_1_163' title='bbox 435 1607 629 1642; x_wconf 85' lang='lat' dir='ltr'>aeternum</span> <span class='ocrx_word' id='word_1_164' title='bbox 653 1606 771 1641; x_wconf 88' lang='lat' dir='ltr'>volvit</span> <span class='ocrx_word' id='word_1_165' title='bbox 803 1617 903 1651; x_wconf 90' lang='lat' dir='ltr'>opus,</span> <span class='ocrx_word' id='word_1_166' title='bbox 941 1607 1040 1653; x_wconf 87' lang='lat' dir='ltr'>regit</span> <span class='ocrx_word' id='word_1_167' title='bbox 1076 1608 1254 1643; x_wconf 86' lang='lat' dir='ltr'>mundum</span> <span class='ocrx_word' id='word_1_168' title='bbox 1291 1609 1486 1652; x_wconf 86' lang='lat' dir='ltr'>volvendo,</span> <span class='ocrx_word' id='word_1_169' title='bbox 1524 1611 1590 1647; x_wconf 87' lang='lat' dir='ltr'>sed</span> <span class='ocrx_word' id='word_1_170' title='bbox 1613 1611 1737 1657; x_wconf 87' lang='lat' dir='ltr'>legem</span> 
     </span>
     <span class='ocr_line' id='line_1_24' title="bbox 259 1665 1738 1711; baseline 0.003 -10"><span class='ocrx_word' id='word_1_171' title='bbox 259 1665 507 1702; x_wconf 85' lang='lat' dir='ltr'>necessariam</span> <span class='ocrx_word' id='word_1_172' title='bbox 544 1666 693 1701; x_wconf 79' lang='lat' dir='ltr'>secutus</span> <span class='ocrx_word' id='word_1_173' title='bbox 701 1678 709 1708; x_wconf 93' lang='lat'>;</span> <span class='ocrx_word' id='word_1_174' title='bbox 747 1665 829 1711; x_wconf 89' lang='lat' dir='ltr'>ipsa</span> <span class='ocrx_word' id='word_1_175' title='bbox 859 1667 985 1702; x_wconf 88' lang='lat' dir='ltr'>autem</span> <span class='ocrx_word' id='word_1_176' title='bbox 1013 1666 1113 1702; x_wconf 88' lang='lat' dir='ltr'>Plias</span> <span class='ocrx_word' id='word_1_177' title='bbox 1139 1668 1196 1703; x_wconf 91' lang='lat' dir='ltr'>est</span> <span class='ocrx_word' id='word_1_178' title='bbox 1226 1669 1366 1704; x_wconf 89' lang='lat' dir='ltr'>astrum</span> <span class='ocrx_word' id='word_1_179' title='bbox 1391 1669 1609 1706; x_wconf 87' lang='lat' dir='ltr'>nimbosum.</span> <span class='ocrx_word' id='word_1_180' title='bbox 1635 1670 1738 1705; x_wconf 87' lang='lat' dir='ltr'>abla-</span> 
     </span>
     <span class='ocr_line' id='line_1_25' title="bbox 256 1725 1739 1774; baseline 0.004 -14"><span class='ocrx_word' id='word_1_181' title='bbox 256 1725 376 1760; x_wconf 85' lang='lat' dir='ltr'>tivum</span> <span class='ocrx_word' id='word_1_182' title='bbox 399 1725 556 1762; x_wconf 78' lang='lat' dir='ltr'>nimboso</span> <span class='ocrx_word' id='word_1_183' title='bbox 581 1729 689 1771; x_wconf 79' lang='lat' dir='ltr'>astro,</span> <span class='ocrx_word' id='word_1_184' title='bbox 728 1726 788 1772; x_wconf 90' lang='lat' dir='ltr'>qui</span> <span class='ocrx_word' id='word_1_185' title='bbox 826 1726 865 1761; x_wconf 89' lang='lat' dir='ltr'>in</span> <span class='ocrx_word' id='word_1_186' title='bbox 895 1726 982 1763; x_wconf 80' lang='lat' dir='ltr'>Vat.</span> <span class='ocrx_word' id='word_1_187' title='bbox 1018 1728 1190 1774; x_wconf 80' lang='lat' dir='ltr'>traditur,</span> <span class='ocrx_word' id='word_1_188' title='bbox 1230 1728 1370 1764; x_wconf 86' lang='lat' dir='ltr'>frustra</span> <span class='ocrx_word' id='word_1_189' title='bbox 1409 1730 1502 1765; x_wconf 87' lang='lat' dir='ltr'>alius</span> <span class='ocrx_word' id='word_1_190' title='bbox 1540 1731 1590 1766; x_wconf 87' lang='lat' dir='ltr'>ad</span> <span class='ocrx_word' id='word_1_191' title='bbox 1625 1730 1739 1766; x_wconf 83' lang='lat' dir='ltr'>aliam</span> 
     </span>
     <span class='ocr_line' id='line_1_26' title="bbox 257 1783 1737 1835; baseline 0.005 -16"><span class='ocrx_word' id='word_1_192' title='bbox 257 1783 448 1820; x_wconf 87' lang='lat' dir='ltr'>notionem</span> <span class='ocrx_word' id='word_1_193' title='bbox 472 1784 672 1820; x_wconf 87' lang='lat' dir='ltr'>referendo</span> <span class='ocrx_word' id='word_1_194' title='bbox 698 1785 885 1830; x_wconf 85' lang='lat' dir='ltr'>explicare</span> <span class='ocrx_word' id='word_1_195' title='bbox 919 1786 1042 1822; x_wconf 88' lang='lat' dir='ltr'>conati</span> <span class='ocrx_word' id='word_1_196' title='bbox 1068 1788 1154 1822; x_wconf 85' lang='lat' dir='ltr'>sunt</span> <span class='ocrx_word' id='word_1_197' title='bbox 1187 1787 1257 1822; x_wconf 87' lang='lat' dir='ltr'>viri</span> <span class='ocrx_word' id='word_1_198' title='bbox 1291 1788 1407 1832; x_wconf 83' lang='lat' dir='ltr'>docti3</span> <span class='ocrx_word' id='word_1_199' title='bbox 1445 1789 1570 1835; x_wconf 88' lang='lat' dir='ltr'>recepi</span> <span class='ocrx_word' id='word_1_200' title='bbox 1595 1790 1737 1826; x_wconf 88' lang='lat' dir='ltr'>coniec-</span> 
     </span>
     <span class='ocr_line' id='line_1_27' title="bbox 257 1842 1739 1885; baseline 0.005 -8"><span class='ocrx_word' id='word_1_201' title='bbox 257 1844 381 1878; x_wconf 86' lang='lat' dir='ltr'>turam</span> <span class='ocrx_word' id='word_1_202' title='bbox 407 1842 651 1879; x_wconf 86' lang='lat' dir='ltr'>Slothouweri</span> <span class='ocrx_word' id='word_1_203' title='bbox 675 1844 870 1879; x_wconf 60' lang='lat' dir='ltr'>nimbosam</span> <span class='ocrx_word' id='word_1_204' title='bbox 895 1848 1040 1883; x_wconf 78' lang='lat' dir='ltr'>astrum.</span> <span class='ocrx_word' id='word_1_205' title='bbox 1098 1845 1267 1882; x_wconf 84' lang='lat' dir='ltr'>Pliadem</span> <span class='ocrx_word' id='word_1_206' title='bbox 1300 1859 1321 1882; x_wconf 85' lang='lat' dir='ltr'>a</span> <span class='ocrx_word' id='word_1_207' title='bbox 1345 1847 1434 1884; x_wconf 88' lang='lat' dir='ltr'>Iove</span> <span class='ocrx_word' id='word_1_208' title='bbox 1459 1848 1600 1884; x_wconf 84' lang='lat' dir='ltr'>moveri</span> <span class='ocrx_word' id='word_1_209' title='bbox 1626 1849 1739 1885; x_wconf 86' lang='lat' dir='ltr'>etiam</span> 
     </span>
     <span class='ocr_line' id='line_1_28' title="bbox 257 1901 1740 1950; baseline 0.006 -15"><span class='ocrx_word' id='word_1_210' title='bbox 257 1902 300 1943; x_wconf 92' lang='lat' dir='ltr'>V,</span> <span class='ocrx_word' id='word_1_211' title='bbox 326 1901 397 1936; x_wconf 84' lang='lat'>305</span> <span class='ocrx_word' id='word_1_212' title='bbox 420 1901 623 1944; x_wconf 86' lang='lat' dir='ltr'>invenitur;</span> <span class='ocrx_word' id='word_1_213' title='bbox 649 1903 692 1937; x_wconf 87' lang='lat' dir='ltr'>ut</span> <span class='ocrx_word' id='word_1_214' title='bbox 716 1903 787 1938; x_wconf 89' lang='lat' dir='ltr'>hoc</span> <span class='ocrx_word' id='word_1_215' title='bbox 811 1903 893 1939; x_wconf 88' lang='lat' dir='ltr'>loco</span> <span class='ocrx_word' id='word_1_216' title='bbox 920 1906 1230 1940; x_wconf 87' lang='lat' dir='ltr'>commemoratur</span> <span class='ocrx_word' id='word_1_217' title='bbox 1265 1906 1319 1941; x_wconf 73' lang='lat' dir='ltr'>lex</span> <span class='ocrx_word' id='word_1_218' title='bbox 1337 1907 1425 1950; x_wconf 74' lang='lat' dir='ltr'>poli,</span> <span class='ocrx_word' id='word_1_219' title='bbox 1463 1906 1516 1942; x_wconf 86' lang='lat' dir='ltr'>sic</span> <span class='ocrx_word' id='word_1_220' title='bbox 1545 1907 1606 1944; x_wconf 85' lang='lat' dir='ltr'>lex</span> <span class='ocrx_word' id='word_1_221' title='bbox 1631 1908 1740 1944; x_wconf 76' lang='lat' dir='ltr'>Erebi</span> 
     </span>
     <span class='ocr_line' id='line_1_29' title="bbox 259 1960 1738 2009; baseline 0.006 -14"><span class='ocrx_word' id='word_1_222' title='bbox 259 1960 353 1996; x_wconf 84' lang='lat' dir='ltr'>Stat.</span> <span class='ocrx_word' id='word_1_223' title='bbox 386 1961 503 1997; x_wconf 90' lang='lat' dir='ltr'>Theb.</span> <span class='ocrx_word' id='word_1_224' title='bbox 528 1961 558 2004; x_wconf 92' lang='grc' dir='ltr'>Ι,</span> <span class='ocrx_word' id='word_1_225' title='bbox 585 1961 671 2009; x_wconf 83' lang='grc'><strong>298;</strong></span> <span class='ocrx_word' id='word_1_226' title='bbox 703 1962 764 1998; x_wconf 84' lang='lat' dir='ltr'>lex</span> <span class='ocrx_word' id='word_1_227' title='bbox 789 1963 944 1998; x_wconf 77' lang='lat' dir='ltr'>siderum</span> <span class='ocrx_word' id='word_1_228' title='bbox 970 1963 1035 1999; x_wconf 87' lang='lat' dir='ltr'>Ov.</span> <span class='ocrx_word' id='word_1_229' title='bbox 1061 1966 1149 2000; x_wconf 87' lang='lat' dir='ltr'>met.</span> <span class='ocrx_word' id='word_1_230' title='bbox 1175 1965 1250 2007; x_wconf 91' lang='lat' dir='ltr'>XV,</span> <span class='ocrx_word' id='word_1_231' title='bbox 1279 1966 1339 2008; x_wconf 75' lang='lat'>713</span> <span class='ocrx_word' id='word_1_232' title='bbox 1373 1966 1433 2002; x_wconf 81' lang='lat' dir='ltr'>lex</span> <span class='ocrx_word' id='word_1_233' title='bbox 1468 1969 1579 2003; x_wconf 74' lang='lat' dir='ltr'>maris</span> <span class='ocrx_word' id='word_1_234' title='bbox 1602 1967 1738 2004; x_wconf 89' lang='lat' dir='ltr'>Auson.</span> 
     </span>
     <span class='ocr_line' id='line_1_30' title="bbox 262 2019 492 2065; baseline 0.004 -10"><span class='ocrx_word' id='word_1_235' title='bbox 262 2019 376 2065; x_wconf 87' lang='lat' dir='ltr'>epigr.</span> <span class='ocrx_word' id='word_1_236' title='bbox 401 2020 433 2064; x_wconf 86' lang='lat'>3,</span> <span class='ocrx_word' id='word_1_237' title='bbox 459 2020 492 2056; x_wconf 88' lang='lat'>9.</span> 
     </span>
    </p>

    <p class='ocr_par' dir='ltr' id='par_1_12' title="bbox 257 2079 1740 2183">
     <span class='ocr_line' id='line_1_31' title="bbox 353 2079 1740 2122; baseline 0.006 -8"><span class='ocrx_word' id='word_1_238' title='bbox 353 2079 432 2115; x_wconf 84' lang='lat'><strong>358.</strong></span> <span class='ocrx_word' id='word_1_239' title='bbox 481 2080 589 2116; x_wconf 75' lang='lat' dir='ltr'>undis</span> <span class='ocrx_word' id='word_1_240' title='bbox 613 2085 740 2116; x_wconf 76' lang='lat' dir='ltr'>cancta</span> <span class='ocrx_word' id='word_1_241' title='bbox 764 2086 876 2117; x_wconf 76' lang='lat' dir='ltr'>ruunt</span> <span class='ocrx_word' id='word_1_242' title='bbox 898 2082 921 2117; x_wconf 90' lang='lat' dir='ltr'>i.</span> <span class='ocrx_word' id='word_1_243' title='bbox 942 2093 972 2118; x_wconf 90' lang='lat' dir='ltr'>e.</span> <span class='ocrx_word' id='word_1_244' title='bbox 998 2083 1283 2119; x_wconf 85' lang='lat' dir='ltr'>vehementibus</span> <span class='ocrx_word' id='word_1_245' title='bbox 1306 2084 1486 2120; x_wconf 82' lang='lat' dir='ltr'>imbribus</span> <span class='ocrx_word' id='word_1_246' title='bbox 1513 2085 1637 2121; x_wconf 87' lang='lat' dir='ltr'>omnia</span> <span class='ocrx_word' id='word_1_247' title='bbox 1661 2097 1740 2122; x_wconf 87' lang='lat' dir='ltr'>ma-</span> 
     </span>
     <span class='ocr_line' id='line_1_32' title="bbox 257 2137 1580 2183; baseline 0.006 -11"><span class='ocrx_word' id='word_1_248' title='bbox 257 2139 366 2183; x_wconf 82' lang='lat' dir='ltr'>nant;</span> <span class='ocrx_word' id='word_1_249' title='bbox 393 2137 458 2174; x_wconf 85' lang='lat' dir='ltr'>cfr.</span> <span class='ocrx_word' id='word_1_250' title='bbox 475 2139 585 2174; x_wconf 89' lang='lat' dir='ltr'>Mart.</span> <span class='ocrx_word' id='word_1_251' title='bbox 610 2140 675 2181; x_wconf 81' lang='lat'>111,</span> <span class='ocrx_word' id='word_1_252' title='bbox 703 2139 781 2182; x_wconf 87' lang='lat'>100,</span> <span class='ocrx_word' id='word_1_253' title='bbox 808 2140 830 2175; x_wconf 87' lang='lat'><strong>3</strong></span> <span class='ocrx_word' id='word_1_254' title='bbox 854 2141 1025 2177; x_wconf 79' lang='lat' dir='ltr'>imbribus</span> <span class='ocrx_word' id='word_1_255' title='bbox 1049 2142 1243 2178; x_wconf 73' lang='lat' dir='ltr'>immodicis</span> <span class='ocrx_word' id='word_1_256' title='bbox 1267 2143 1580 2180; x_wconf 64' lang='lat' dir='ltr'>caelum-melam.</span> 
     </span>
    </p>

    <p class='ocr_par' dir='ltr' id='par_1_13' title="bbox 213 2197 1742 2721">
     <span class='ocr_line' id='line_1_33' title="bbox 352 2197 1736 2250; baseline 0.004 -17"><span class='ocrx_word' id='word_1_257' title='bbox 352 2197 431 2233; x_wconf 83' lang='lat'>359.</span> <span class='ocrx_word' id='word_1_258' title='bbox 481 2199 653 2244; x_wconf 70' lang='lat' dir='ltr'>Panqaea</span> <span class='ocrx_word' id='word_1_259' title='bbox 682 2212 787 2235; x_wconf 87' lang='lat' dir='ltr'>mons</span> <span class='ocrx_word' id='word_1_260' title='bbox 812 2200 1023 2237; x_wconf 83' lang='lat' dir='ltr'>notissimus</span> <span class='ocrx_word' id='word_1_261' title='bbox 1049 2201 1249 2250; x_wconf 87' lang='lat' dir='ltr'>Thraciae,</span> <span class='ocrx_word' id='word_1_262' title='bbox 1278 2202 1446 2248; x_wconf 64' lang='lat' dir='ltr'>Gargara</span> <span class='ocrx_word' id='word_1_263' title='bbox 1469 2202 1621 2249; x_wconf 79' lang='lat' dir='ltr'>Mysiae,</span> <span class='ocrx_word' id='word_1_264' title='bbox 1661 2203 1736 2238; x_wconf 83' lang='lat' dir='ltr'>vid.</span> 
     </span>
     <span class='ocr_line' id='line_1_34' title="bbox 260 2255 1739 2308; baseline 0.005 -18"><span class='ocrx_word' id='word_1_265' title='bbox 260 2255 382 2293; x_wconf 85' lang='lat' dir='ltr'>Strab.</span> <span class='ocrx_word' id='word_1_266' title='bbox 409 2256 511 2299; x_wconf 87' lang='lat' dir='ltr'>XIII,</span> <span class='ocrx_word' id='word_1_267' title='bbox 540 2258 571 2304; x_wconf 87' lang='lat'>1,</span> <span class='ocrx_word' id='word_1_268' title='bbox 598 2259 620 2293; x_wconf 84' lang='lat'>5</span> <span class='ocrx_word' id='word_1_269' title='bbox 629 2272 636 2301; x_wconf 92' lang='grc'>;</span> <span class='ocrx_word' id='word_1_270' title='bbox 662 2258 756 2296; x_wconf 90' lang='lat' dir='ltr'>Plin.</span> <span class='ocrx_word' id='word_1_271' title='bbox 782 2260 826 2305; x_wconf 88' lang='lat' dir='ltr'>V,</span> <span class='ocrx_word' id='word_1_272' title='bbox 854 2260 941 2303; x_wconf 82' lang='lat'>122;</span> <span class='ocrx_word' id='word_1_273' title='bbox 979 2272 1082 2296; x_wconf 90' lang='lat' dir='ltr'>more</span> <span class='ocrx_word' id='word_1_274' title='bbox 1114 2261 1259 2306; x_wconf 89' lang='lat' dir='ltr'>poetico</span> <span class='ocrx_word' id='word_1_275' title='bbox 1289 2262 1442 2308; x_wconf 86' lang='lat' dir='ltr'>propria</span> <span class='ocrx_word' id='word_1_276' title='bbox 1471 2261 1623 2298; x_wconf 87' lang='lat' dir='ltr'>nomina</span> <span class='ocrx_word' id='word_1_277' title='bbox 1650 2262 1739 2298; x_wconf 88' lang='lat' dir='ltr'>affe-</span> 
     </span>
     <span class='ocr_line' id='line_1_35' title="bbox 258 2317 1739 2366; baseline 0.003 -16"><span class='ocrx_word' id='word_1_278' title='bbox 258 2317 390 2351; x_wconf 88' lang='lat' dir='ltr'>runtur</span> <span class='ocrx_word' id='word_1_279' title='bbox 413 2328 481 2362; x_wconf 89' lang='lat' dir='ltr'>pro</span> <span class='ocrx_word' id='word_1_280' title='bbox 505 2318 693 2353; x_wconf 87' lang='lat' dir='ltr'>montibus</span> <span class='ocrx_word' id='word_1_281' title='bbox 718 2318 903 2366; x_wconf 84' lang='lat' dir='ltr'>silvisque.</span> <span class='ocrx_word' id='word_1_282' title='bbox 956 2319 1029 2355; x_wconf 84' lang='lat' dir='ltr'>Sed</span> <span class='ocrx_word' id='word_1_283' title='bbox 1053 2320 1113 2356; x_wconf 87' lang='lat' dir='ltr'>vel</span> <span class='ocrx_word' id='word_1_284' title='bbox 1146 2321 1192 2356; x_wconf 92' lang='lat' dir='ltr'>ob</span> <span class='ocrx_word' id='word_1_285' title='bbox 1225 2322 1321 2357; x_wconf 86' lang='lat' dir='ltr'>hanc</span> <span class='ocrx_word' id='word_1_286' title='bbox 1347 2333 1495 2357; x_wconf 82' lang='lat' dir='ltr'>causam</span> <span class='ocrx_word' id='word_1_287' title='bbox 1520 2322 1677 2357; x_wconf 64' lang='lat' dir='ltr'>lucorum</span> <span class='ocrx_word' id='word_1_288' title='bbox 1700 2320 1739 2356; x_wconf 91' lang='lat' dir='ltr'>in</span> 
     </span>
     <span class='ocr_line' id='line_1_36' title="bbox 258 2375 1741 2422; baseline 0.003 -12"><span class='ocrx_word' id='word_1_289' title='bbox 258 2375 471 2411; x_wconf 85' lang='lat' dir='ltr'>universum</span> <span class='ocrx_word' id='word_1_290' title='bbox 495 2376 635 2412; x_wconf 85' lang='lat' dir='ltr'>mentio</span> <span class='ocrx_word' id='word_1_291' title='bbox 660 2388 734 2412; x_wconf 89' lang='lat' dir='ltr'>non</span> <span class='ocrx_word' id='word_1_292' title='bbox 761 2378 851 2422; x_wconf 90' lang='lat' dir='ltr'>apta</span> <span class='ocrx_word' id='word_1_293' title='bbox 868 2377 1017 2413; x_wconf 84' lang='lat' dir='ltr'>videtur</span> <span class='ocrx_word' id='word_1_294' title='bbox 1041 2379 1079 2414; x_wconf 91' lang='lat' dir='ltr'>in</span> <span class='ocrx_word' id='word_1_295' title='bbox 1105 2391 1138 2416; x_wconf 85' lang='lat' dir='ltr'>v.</span> <span class='ocrx_word' id='word_1_296' title='bbox 1158 2378 1237 2421; x_wconf 86' lang='lat'>360,</span> <span class='ocrx_word' id='word_1_297' title='bbox 1263 2379 1329 2414; x_wconf 90' lang='lat' dir='ltr'>ubi</span> <span class='ocrx_word' id='word_1_298' title='bbox 1344 2379 1429 2416; x_wconf 87' lang='lat' dir='ltr'>Vat.</span> <span class='ocrx_word' id='word_1_299' title='bbox 1455 2379 1573 2415; x_wconf 87' lang='lat' dir='ltr'>habet</span> <span class='ocrx_word' id='word_1_300' title='bbox 1597 2380 1741 2414; x_wconf 70' lang='lat' dir='ltr'>maestis</span> 
     </span>
     <span class='ocr_line' id='line_1_37' title="bbox 260 2433 1740 2484; baseline 0.003 -16"><span class='ocrx_word' id='word_1_301' title='bbox 260 2437 292 2469; x_wconf 81' lang='lat' dir='ltr'>et</span> <span class='ocrx_word' id='word_1_302' title='bbox 325 2438 426 2469; x_wconf 79' lang='lat' dir='ltr'>erant</span> <span class='ocrx_word' id='word_1_303' title='bbox 467 2433 502 2480; x_wconf 92' lang='lat' dir='ltr'>(i.</span> <span class='ocrx_word' id='word_1_304' title='bbox 530 2445 559 2470; x_wconf 92' lang='lat' dir='ltr'>e.</span> <span class='ocrx_word' id='word_1_305' title='bbox 586 2438 778 2479; x_wconf 74' lang='lat' dir='ltr'>steterant),</span> <span class='ocrx_word' id='word_1_306' title='bbox 818 2447 936 2482; x_wconf 90' lang='lat' dir='ltr'>neque</span> <span class='ocrx_word' id='word_1_307' title='bbox 975 2437 1122 2473; x_wconf 85' lang='lat' dir='ltr'>omnino</span> <span class='ocrx_word' id='word_1_308' title='bbox 1162 2449 1288 2473; x_wconf 88' lang='lat' dir='ltr'>omnes</span> <span class='ocrx_word' id='word_1_309' title='bbox 1325 2437 1399 2474; x_wconf 90' lang='lat' dir='ltr'>luci</span> <span class='ocrx_word' id='word_1_310' title='bbox 1438 2438 1491 2474; x_wconf 89' lang='lat' dir='ltr'>sic</span> <span class='ocrx_word' id='word_1_311' title='bbox 1522 2438 1740 2484; x_wconf 88' lang='lat' dir='ltr'>simpliciter</span> 
     </span>
     <span class='ocr_line' id='line_1_38' title="bbox 213 2492 1738 2543; baseline 0.003 -16"><span class='ocrx_word' id='word_1_312' title='bbox 213 2529 215 2531; x_wconf 69' lang='grc'><em>,</em></span> <span class='ocrx_word' id='word_1_313' title='bbox 260 2492 456 2528; x_wconf 86' lang='lat' dir='ltr'>formidine</span> <span class='ocrx_word' id='word_1_314' title='bbox 493 2494 593 2529; x_wconf 88' lang='lat' dir='ltr'>stare</span> <span class='ocrx_word' id='word_1_315' title='bbox 629 2494 732 2529; x_wconf 90' lang='lat' dir='ltr'>recte</span> <span class='ocrx_word' id='word_1_316' title='bbox 770 2493 843 2529; x_wconf 87' lang='lat' dir='ltr'>dici</span> <span class='ocrx_word' id='word_1_317' title='bbox 878 2496 1048 2539; x_wconf 89' lang='lat' dir='ltr'>possunt;</span> <span class='ocrx_word' id='word_1_318' title='bbox 1088 2507 1169 2531; x_wconf 87' lang='lat' dir='ltr'>cum</span> <span class='ocrx_word' id='word_1_319' title='bbox 1205 2496 1418 2533; x_wconf 85' lang='lat' dir='ltr'>Baehrente</span> <span class='ocrx_word' id='word_1_320' title='bbox 1459 2496 1574 2542; x_wconf 82' lang='lat' dir='ltr'>igitur</span> <span class='ocrx_word' id='word_1_321' title='bbox 1611 2497 1738 2543; x_wconf 78' lang='lat' dir='ltr'>scripsi</span> 
     </span>
     <span class='ocr_line' id='line_1_39' title="bbox 264 2551 1738 2602; baseline 0.003 -15"><span class='ocrx_word' id='word_1_322' title='bbox 264 2551 394 2588; x_wconf 65' lang='lat' dir='ltr'>Moesi:</span> <span class='ocrx_word' id='word_1_323' title='bbox 433 2551 839 2598; x_wconf 84' lang='lat' dir='ltr'>plusquamperfectum</span> <span class='ocrx_word' id='word_1_324' title='bbox 872 2557 1049 2594; x_wconf 77' lang='lat' dir='ltr'>steterant,</span> <span class='ocrx_word' id='word_1_325' title='bbox 1077 2555 1174 2599; x_wconf 87' lang='lat' dir='ltr'>quod</span> <span class='ocrx_word' id='word_1_326' title='bbox 1200 2556 1258 2591; x_wconf 89' lang='lat' dir='ltr'>est</span> <span class='ocrx_word' id='word_1_327' title='bbox 1282 2555 1320 2590; x_wconf 89' lang='lat' dir='ltr'>in</span> <span class='ocrx_word' id='word_1_328' title='bbox 1347 2555 1434 2592; x_wconf 82' lang='lat' dir='ltr'>edit.</span> <span class='ocrx_word' id='word_1_329' title='bbox 1460 2555 1552 2593; x_wconf 91' lang='lat' dir='ltr'>Bon.</span> <span class='ocrx_word' id='word_1_330' title='bbox 1580 2557 1619 2592; x_wconf 92' lang='lat' dir='ltr'>et</span> <span class='ocrx_word' id='word_1_331' title='bbox 1641 2557 1738 2602; x_wconf 84' lang='lat' dir='ltr'>Ald.,</span> 
     </span>
     <span class='ocr_line' id='line_1_40' title="bbox 265 2611 1742 2660; baseline 0.003 -14"><span class='ocrx_word' id='word_1_332' title='bbox 265 2612 350 2656; x_wconf 89' lang='lat' dir='ltr'>apte</span> <span class='ocrx_word' id='word_1_333' title='bbox 377 2611 607 2647; x_wconf 82' lang='lat' dir='ltr'>celeritatem</span> <span class='ocrx_word' id='word_1_334' title='bbox 633 2612 788 2647; x_wconf 86' lang='lat' dir='ltr'>actionis</span> <span class='ocrx_word' id='word_1_335' title='bbox 812 2613 1004 2658; x_wconf 83' lang='lat' dir='ltr'>perfectae</span> <span class='ocrx_word' id='word_1_336' title='bbox 1027 2613 1180 2656; x_wconf 85' lang='lat' dir='ltr'>indicat,</span> <span class='ocrx_word' id='word_1_337' title='bbox 1205 2615 1248 2649; x_wconf 88' lang='lat' dir='ltr'>ut</span> <span class='ocrx_word' id='word_1_338' title='bbox 1272 2625 1395 2660; x_wconf 88' lang='lat' dir='ltr'>saepe.</span> <span class='ocrx_word' id='word_1_339' title='bbox 1430 2615 1621 2657; x_wconf 75' lang='lat' dir='ltr'>formidine</span> <span class='ocrx_word' id='word_1_340' title='bbox 1644 2619 1742 2651; x_wconf 73' lang='lat' dir='ltr'>stare</span> 
     </span>
     <span class='ocr_line' id='line_1_41' title="bbox 263 2669 1741 2721; baseline 0.003 -16"><span class='ocrx_word' id='word_1_341' title='bbox 263 2671 390 2706; x_wconf 88' lang='lat' dir='ltr'>autem</span> <span class='ocrx_word' id='word_1_342' title='bbox 405 2669 505 2706; x_wconf 86' lang='lat' dir='ltr'>idem</span> <span class='ocrx_word' id='word_1_343' title='bbox 520 2671 577 2706; x_wconf 86' lang='lat' dir='ltr'>est</span> <span class='ocrx_word' id='word_1_344' title='bbox 597 2671 709 2716; x_wconf 92' lang='lat' dir='ltr'>atque</span> <span class='ocrx_word' id='word_1_345' title='bbox 730 2671 1031 2717; x_wconf 80' lang='lat' dir='ltr'>obstupefactum</span> <span class='ocrx_word' id='word_1_346' title='bbox 1049 2683 1138 2713; x_wconf 86' lang='lat' dir='ltr'>esse,</span> <span class='ocrx_word' id='word_1_347' title='bbox 1156 2673 1307 2708; x_wconf 86' lang='lat' dir='ltr'>horrere</span> <span class='ocrx_word' id='word_1_348' title='bbox 1325 2673 1538 2718; x_wconf 87' lang='lat' dir='ltr'>formidine;</span> <span class='ocrx_word' id='word_1_349' title='bbox 1556 2686 1668 2721; x_wconf 90' lang='lat' dir='ltr'>saepe</span> <span class='ocrx_word' id='word_1_350' title='bbox 1687 2676 1741 2711; x_wconf 87' lang='lat' dir='ltr'>sic</span> 
     </span>
    </p>
   </div>
   <div class='ocr_carea' id='block_1_9' title="bbox 1866 1808 1890 2364">
    <p class='ocr_par' dir='ltr' id='par_1_14' title="bbox 1866 1808 1890 2364">
     <span class='ocr_line' id='line_1_42' title="bbox 1866 1808 1890 2364; baseline 0 736"><span class='ocrx_word' id='word_1_351' title='bbox 1866 1808 1890 2364; x_wconf 95' lang='lat' dir='ltr'> </span> 
     </span>
    </p>
   </div>
   <div class='ocr_carea' id='block_1_10' title="bbox 1799 2836 1890 2901">
    <p class='ocr_par' dir='ltr' id='par_1_15' title="bbox 1799 2836 1890 2901">
     <span class='ocr_line' id='line_1_43' title="bbox 1799 2836 1890 2901; textangle 90"><span class='ocrx_word' id='word_1_352' title='bbox 1799 2836 1890 2901; x_wconf 39' lang='lat' dir='ltr'>icil,</span> 
     </span>
    </p>
   </div>
   <div class='ocr_carea' id='block_1_11' title="bbox 1887 2860 1890 2970">
    <p class='ocr_par' dir='ltr' id='par_1_16' title="bbox 1887 2860 1890 2970">
     <span class='ocr_line' id='line_1_44' title="bbox 1887 2860 1890 2970; baseline 0 0"><span class='ocrx_word' id='word_1_353' title='bbox 1887 2860 1890 2970; x_wconf 95' lang='lat' dir='ltr'> </span> 
     </span>
    </p>
   </div>
  </div>
 </body>
</html>
