1890 3100
638 267 1025 305 ARGONAVTICON
1051 266 1198 301 LIBER
1223 266 1287 301 IV.
1610 266 1697 309 285

319 395 479 442 torquet
506 402 650 440 agens3
680 388 742 426 sin
767 387 895 425 forma
921 386 1015 424 viris
1043 385 1311 438 praestantior
1338 383 1454 430 adsit,

319 460 405 493 tum
431 454 570 506 legere
598 466 708 491 arma
734 452 848 490 iubet
876 452 1125 503 sumptisque
1155 462 1364 488 occurrere
1393 454 1532 487 contra

321 519 540 567 caestibus;
570 518 670 556 haec
698 517 852 556 miseris
881 530 967 555 sors
996 522 1059 555 est
1086 516 1330 568 aequissima
1356 515 1440 553 leti.

320 585 398 623 huc
426 583 495 622 ubi
523 582 732 622 devectam
759 582 974 633 Neptunus
1003 581 1161 633 gurgite
1190 593 1365 632 puppem

321 649 447 689 sensit
474 654 515 688 et
543 654 766 687 extremum
793 647 878 685 nati
903 647 1108 699 prospexit
1135 646 1177 684 in
1206 659 1295 684 oras

322 721 362 753 et
391 713 589 766 quondam
617 712 746 751 laetos
775 711 924 750 domini
952 712 1171 750 certamine
1200 723 1373 762 campos,

320 779 486 830 ingemit
514 792 561 816 ac
588 778 692 816 tales
722 777 872 816 evolvit
899 782 1062 829 pectore
1092 782 1278 828 questus:

323 844 477 883 ‘infelix
504 844 603 882 imas
633 842 834 895 quondam
862 842 959 880 mihi
986 847 1102 894 rapta
1130 841 1204 880 sub
1234 840 1375 887 undas,

321 922 397 948 nec
423 909 556 960 potius
585 922 743 959 magno,
772 907 908 954 Melie,
937 913 1022 945 tum
1049 907 1175 944 mixta
1200 905 1394 944 Tonanti!

320 987 448 1027 usque
478 973 634 1012 adeone
662 986 794 1012 meam
822 985 1074 1024 quacumque
1103 971 1154 1010 ab
1185 971 1338 1023 origine
1367 971 1519 1023 prolem

321 1040 451 1078 tristia
477 1039 561 1077 fata
588 1038 780 1077 manent?
810 1039 866 1076 sic
895 1044 934 1076 te
965 1037 1059 1076 olim
1086 1049 1256 1089 pergere
1286 1037 1406 1083 sensi,

322 1105 514 1156 Iuppiter,
544 1105 716 1142 iniustae
746 1103 906 1156 quando
935 1103 1032 1141 mihi
1059 1103 1225 1154 virginis
1254 1103 1374 1140 armis

323 1169 496 1208 concidit
524 1169 666 1207 infelix
695 1175 735 1207 et
762 1182 868 1207 nunc
898 1169 1019 1207 chaos
1047 1167 1186 1219 implet
1217 1166 1354 1206 Orion.

322 1248 398 1273 nec
424 1235 499 1273 tibi
526 1248 632 1272 nunc
660 1235 787 1272 virtus
817 1240 886 1272 aut
915 1233 983 1272 det
1011 1232 1158 1271 fiducia
1185 1234 1323 1280 nostri,

1702 657 1754 685 115

1704 975 1757 1005 lm

322 1305 427 1347 nate,
458 1300 609 1338 animos
640 1299 862 1352 opibusque
891 1299 996 1337 ultro
1025 1311 1076 1337 ne
1106 1297 1225 1337 crede
1254 1299 1443 1350 paternis,
1701 1308 1756 1338 125

321 1365 400 1404 iam
428 1365 507 1403 iam
535 1364 638 1403 aliae
666 1365 773 1403 vires
801 1364 1031 1416 maioraque
1061 1364 1256 1415 sanguine
1285 1369 1421 1402 nostro

311 1490 390 1525 111.
439 1492 576 1534 torquet
612 1499 735 1534 agen&
778 1488 1019 1534 participium
1055 1498 1174 1533 aym,
1218 1487 1318 1532 quod
1362 1487 1470 1523 nobis
1507 1487 1702 1521 abundare

215 1548 374 1589 videtur,
413 1548 566 1583 additur
599 1547 648 1583 ad
679 1547 836 1583 actionis
868 1547 1059 1583 notionem
1096 1547 1377 1586 intendendam,
1415 1547 1459 1581 ut
1489 1545 1574 1586 VII,
1614 1546 1701 1585 1512

215 1607 327 1653 Verg.
351 1607 443 1643 Aen.
468 1606 497 1647 1,
531 1607 615 1649 117;
648 1606 733 1648 191;
766 1606 827 1648 IV,
860 1606 923 1648 71;
955 1606 1052 1642 Stat.
1079 1606 1195 1642 Theb.
1221 1605 1285 1647 VI,
1320 1605 1407 1647 87&
1446 1605 1591 1651 Coripp.
1622 1604 1701 1640 Ioh.

215 1666 286 1712 ΠΙ,
309 1666 396 1708 431;
422 1665 484 1707 IV,
511 1666 580 1700 262
589 1679 597 1708 ;
623 1665 784 1702 Venant.
801 1666 904 1702 Fort.
929 1665 991 1707 XL
1017 1666 1051 1706 4,
1069 1666 1110 1707 3;
1137 1665 1185 1701 de
1203 1665 1283 1701 vita
1300 1665 1412 1700 Mart.
1429 1664 1458 1704 Ι,
1487 1664 1566 1699 153.
1591 1663 1703 1709 Apud

215 1725 449 1771 Apollonium
475 1736 603 1761 omnes
627 1725 793 1771 hospites
820 1736 904 1760 cum
928 1725 1069 1770 Amyco
1093 1736 1263 1770 pugnare
1294 1725 1489 1769 coguntur,
1514 1723 1582 1759 cfr.
1606 1723 1703 1768 Hyg.

216 1784 291 1820 fab.
319 1785 375 1820 17.

312 1843 391 1879 116.
440 1843 593 1880 Poetice
616 1843 788 1880 Valerius
821 1844 937 1880 etiam
971 1843 1112 1889 campis
1149 1843 1238 1889 ipsis
1279 1854 1428 1879 sensum
1466 1842 1702 1878 crudelitatis

215 1902 360 1938 tribuit.

312 1961 392 1997 119.
441 1961 498 1997 De
525 1962 638 1997 Melia
667 1964 791 1998 matre
825 1962 958 2007 Amyci
987 1962 1062 1998 vid.
1094 1962 1215 2007 Apoll.
1248 1961 1296 1999 11.
1321 1962 1362 2003 4;
1400 1961 1496 2006 Hyg.
1531 1960 1608 1997 fab.
1640 1960 1702 2002 17;
1768 1989 1773 1992 .

217 2022 344 2056 amata
378 2022 436 2057 est
461 2021 576 2056 etiam
602 2021 650 2056 ab
676 2021 827 2062 Inacho,
856 2022 924 2057 Ov.
951 2033 1021 2056 am.
1046 2021 1118 2069 ³111,
1150 2021 1182 2061 6,
1215 2021 1278 2062 25;
1313 2020 1485 2066 Apollod.
1516 2020 1566 2061 Π,
1600 2021 1630 2058 1,
1665 2021 1702 2062 1;

216 2080 331 2116 schol.
365 2079 408 2115 11.
440 2080 469 2122 Ι,
501 2080 559 2116 22.
608 2080 770 2116 Matrem
794 2081 925 2125 Amyci
949 2080 1192 2125 Bithynidem
1216 2079 1386 2115 nominat
1410 2079 1580 2125 Apollod.
1615 2080 1642 2119 1,
1669 2079 1701 2119 9,

216 2138 274 2184 20,
301 2140 332 2179 1,
359 2150 432 2184 qua
457 2139 504 2174 de
529 2150 571 2175 re
597 2139 663 2174 cfr.
690 2139 805 2175 schol.
830 2139 953 2185 Apoll.
979 2139 1028 2179 II.
1054 2140 1088 2175 4.

312 2198 392 2233 121.
441 2198 523 2234 olim
554 2198 578 2234 i.
613 2210 643 2234 e.
676 2198 904 2244 iamdudum,
941 2198 1015 2234 vid.
1049 2198 1098 2233 ad
1129 2198 1156 2242 1,
1189 2198 1252 2244 353
1287 2198 1335 2234 de
1364 2198 1549 2243 pergendi
1586 2198 1702 2234 verbo

220 2257 269 2292 ad
293 2256 322 2302 1,
346 2258 404 2293 31.

315 2316 394 2354 123.
443 2317 560 2357 chaos,
600 2316 667 2352 cfr.
705 2317 755 2351 ad
790 2317 820 2357 Ι,
858 2316 938 2352 831.
977 2316 1082 2359 Quod
1109 2316 1305 2363 Neptunus
1330 2317 1492 2352 Dianam
1528 2317 1703 2352 iniustam

216 2374 395 2414 nominat,
434 2386 530 2420 quae
561 2375 710 2421 sagittis
742 2375 918 2412 Orionem
947 2376 1150 2415 interfecit.
1182 2387 1409 2421 quamquam
1431 2378 1560 2422 potest
1588 2378 1703 2422 poeta

217 2433 303 2470 ideo
328 2433 470 2475 fecisse.
504 2436 547 2470 ut
572 2434 787 2480 Neptunum
818 2435 874 2470 ira
905 2435 1106 2481 abreptum
1129 2435 1316 2471 immerito
1342 2435 1511 2477 Dianam,
1545 2436 1604 2471 cui
1627 2436 1701 2470 vim

218 2491 355 2528 afferre
386 2493 506 2529 voluit
531 2493 655 2535 Orion,
687 2493 859 2530 incusare
889 2494 1019 2540 fingat,
1050 2496 1180 2530 tamen
1210 2495 1443 2540 probabilius
1476 2496 1534 2530 est
1564 2497 1703 2540 poetae

218 2551 336 2587 menti
361 2551 599 2588 obversatam
626 2564 707 2588 esse
732 2553 987 2589 narrationem
1010 2553 1164 2590 Homeri
1190 2553 1258 2589 Od.
1284 2554 1327 2590 V.
1356 2554 1423 2588 121
1449 2565 1550 2599 seqq.

311 2610 481 2655 implendi
504 2611 660 2647 verbum
684 2611 905 2648 immensam
930 2612 1075 2648 Orionis
1100 2613 1398 2658 magnitudinem
1424 2613 1610 2659 designat.

316 2669 395 2705 125.
444 2671 636 2715 opibusque
661 2691 704 2696 —
730 2682 775 2706 ne
797 2671 915 2713 παίω
940 2671 1014 2706 vid.
1042 2672 1092 2707 ad
1116 2671 1165 2713 IL
1191 2672 1224 2708 5.

316 2727 394 2762 126.
447 2728 495 2764 Ut
517 2729 636 2765 maior
659 2732 840 2776 potestas,
866 2730 918 2766 sie
944 2730 1025 2765 fata
1050 2731 1193 2767 maiora
1217 2731 1240 2767 i.
1260 2743 1290 2768 e.
1309 2731 1500 2776 superiora
1518 2731 1702 2766 dicuntur.
