1890 3100
0 2560 42 3025 *smswstv

51 2574 63 2579 Χ

561 237 950 277 ARGONAVTIGON
973 237 1120 272 LIBER
1145 236 1174 271 Ι.
1560 235 1616 277 75

79 382 135 413 402
238 371 323 403 tum
351 364 505 402 caelata
532 366 662 399 metus
691 359 790 397 alios
820 358 923 409 gerit
951 368 1061 394 arma
1087 353 1277 391 Eribotes
1468 394 1471 395 ⁷
1614 374 1671 403 410

239 437 281 469 et
300 443 426 482 (quem
453 428 560 466 fama
587 437 715 477 genus
743 437 825 462 non
852 428 915 461 est
944 420 1115 471 decepta
1141 418 1269 469 Lyaei

238 495 374 534 Phlias
402 492 600 531 immissus
627 490 778 542 patrios
807 488 858 526 de
886 486 1040 525 vertice
1071 485 1213 523 crines.

238 573 314 599 nec
339 560 453 598 timet
480 558 689 596 Ancaeum
718 554 903 606 genetrix
936 551 1185 590 commit-tere
1213 554 1347 600 ponto,

237 626 358 678 plena
384 624 475 662 tulit
503 635 623 674 quem
649 633 747 671 rege
774 619 907 656 maris.
964 627 1129 655 securus
1157 615 1199 652 in
1228 626 1379 664 aequor

237 691 336 729 haut
361 690 490 727 minus
519 687 707 738 Erginus,
736 683 870 736 proles
898 682 1113 734 Neptunia,
1142 679 1279 725 fertur,
1620 698 1675 727 415

240 756 308 808 qui
334 754 453 792 maris
481 751 663 797 insidias,
688 750 820 788 clarae
850 748 919 800 qui
947 747 1080 786 sidera
1106 745 1235 783 noctis

240 819 345 858 norit
373 824 413 857 et
441 830 463 856 e
493 816 638 854 clausis
670 827 789 867 quem
818 810 1166 856 destineteAeolus
1196 809 1331 854 antris,

1142 928 1181 976 Ἄ,
1204 930 1262 951 a..

226 1004 308 1040 402.
344 1002 480 1037 Mirum
505 1000 604 1045 quod
622 998 792 1034 Valerius
817 1009 893 1032 non
918 994 1127 1036 accuratius
1144 992 1322 1031 narravit,
1349 991 1410 1037 qui
1436 991 1474 1026 hi
1498 991 1621 1025 metus

134 1063 294 1110 fuerint3
320 1073 370 1098 an
392 1061 660 1107 praeterquam
684 1057 783 1103 quod
809 1056 899 1092 ordo
924 1066 1100 1090 versuum
1124 1053 1185 1088 hic
1209 1052 1385 1087 turbatus
1412 1051 1479 1091 est,
1506 1050 1622 1086 etiam

137 1122 279 1168 aliquid
312 1120 472 1158 excidit?
521 1119 689 1154 Eribotes
718 1117 758 1152 in
783 1116 901 1161 Libya
934 1114 1155 1150 interfectus
1188 1114 1247 1148 est
1277 1111 1482 1147 secundum
1506 1109 1621 1154 Hygi-

138 1194 228 1217 num
251 1181 328 1216 fab.
354 1179 451 1216 XIV.
1512 1195 1515 1197 -

230 1259 312 1294 411.
358 1258 459 1300 fama
486 1277 527 1282 —
554 1266 627 1291 mm
651 1258 703 1290 est
726 1254 883 1298 decepta,
901 1264 987 1288 eum
1003 1262 1121 1296 genus
1146 1249 1169 1285 i.
1196 1260 1226 1285 e.
1253 1247 1371 1283 filium
1389 1245 1505 1291 Lyaei
1525 1255 1623 1286 esse;

138 1320 240 1362 fama
264 1318 392 1352 autem
415 1327 491 1351 non
515 1315 554 1349 in
579 1325 743 1350 errorem
767 1313 922 1348 inducta
947 1311 1008 1346 vel
1040 1310 1201 1355 decepta
1233 1309 1290 1344 est
1315 1307 1380 1347 ita,
1418 1307 1462 1340 ut
1487 1304 1624 1339 falsum

140 1377 328 1418 traderem
353 1375 449 1410 filius
475 1375 533 1410 est
556 1373 694 1408 Bacchi
719 1374 758 1408 et
783 1371 965 1407 Ariadnes
990 1369 1195 1406 secundum
1219 1367 1314 1412 Hyg.

230 1453 312 1490 412.
363 1451 547 1497 Capillum
571 1450 690 1485 habet
713 1448 933 1494 promissum
958 1448 997 1483 et
1032 1446 1165 1491 longos
1199 1443 1388 1480 cincinnos
1426 1443 1469 1476 ut
1504 1441 1625 1486 pater,

137 1513 214 1549 vid.
250 1512 357 1548 Pind.
394 1511 523 1546 Isthm.
549 1509 633 1550 VII,
673 1508 755 1553 (VI)
790 1508 823 1545 4.
858 1506 923 1542 ubi
959 1506 1130 1541 Bacchus
1167 1503 1358 1551 εὖρυχαίτας
1394 1500 1625 1540 nominatum

138 1570 319 1608 Roucheri
342 1570 414 1606 lex.
439 1569 469 1610 Ι,
494 1581 531 1614 p.
558 1567 661 1602 1098.

231 1647 314 1684 413.
363 1646 543 1682 Genetrix
575 1645 683 1680 huius
715 1644 853 1679 Ancaei
885 1644 942 1679 est
976 1641 1195 1687 Astypaleia
1226 1639 1348 1685 Apoll.
1375 1638 1422 1679 ΙΙ,
1449 1637 1529 1677 868,
1558 1635 1626 1671 cfr.

137 1707 252 1744 schol.
289 1707 340 1742 ad
374 1707 474 1741 hunc
511 1705 651 1745 locum;
694 1703 790 1749 Hyg.
830 1702 906 1738 fab.
947 1702 1030 1743 157;
1073 1701 1232 1735 Pausan.
1257 1698 1340 1740 VII.
1375 1698 1408 1738 4,
1447 1698 1485 1738 1;
1526 1696 1628 1731 idem

136 1777 274 1803 nomen
295 1766 447 1801 videtur
470 1761 745 1800 restituendum
768 1763 852 1798 loco
878 1762 1053 1806 corrupto
1078 1759 1213 1805 Hygin.
1241 1759 1314 1794 fab.
1342 1758 1398 1792 14.

230 1837 312 1873 414.
355 1837 466 1882 plena
489 1835 511 1870 i.
539 1847 571 1871 e.
597 1834 772 1880 gravida;
810 1833 999 1868 interdum
1024 1831 1195 1867 absolute
1219 1830 1372 1876 ponitur
1397 1829 1445 1864 ab
1473 1823 1625 1863 ovidio:

137 1898 227 1934 met.
252 1896 296 1938 X,
322 1895 409 1937 469;
444 1895 527 1930 fast.
552 1894 615 1935 IV,
642 1894 734 1936 634;
755 1894 901 1938 plenam
920 1895 1035 1936 partu
1060 1890 1154 1925 djxit
1179 1890 1315 1924 Lucan.
1341 1889 1371 1929 I.
1397 1888 1484 1929 377;
1518 1897 1626 1932 prae-

137 1958 200 1993 ter
233 1954 540 1992 consuetudinem
563 1953 604 1995 is,
632 1965 677 1989 ex
702 1964 774 1998 quo
800 1951 957 1998 gravida
983 1952 1049 1991 est.
1085 1950 1163 1985 solo
1190 1948 1358 1984 ablativo
1385 1946 1546 1985 additur.
1585 1947 1628 1980 ut

138 2014 261 2050 Plaut.
286 2014 420 2060 Amph.
444 2013 515 2048 878
541 2012 633 2048 dicit
657 2012 751 2057 quod
772 2011 958 2057 gravidast
983 2010 1059 2044 viro
1085 2013 1118 2044 et
1141 2019 1194 2043 me
1217 2008 1313 2053 quod
1334 2006 1530 2053 yravz‘daSt.

159 2097 167 2102 ‘
232 2091 314 2127 415.
364 2091 526 2136 Erqinue
561 2089 657 2124 filius
687 2088 854 2134 Neptuni
884 2087 1006 2133 Apoll.
1032 2086 1060 2127 L
1088 2086 1156 2121 185
1188 2097 1296 2130 seqq;
1334 2085 1430 2129 Hyg.
1459 2083 1535 2118 fab.
1562 2082 1626 2120 14:

141 2151 256 2188 schol.
280 2151 387 2187 Pind.
412 2150 522 2195 Pyth.
547 2149 609 2190 IV,
636 2149 691 2183 61.
742 2148 798 2183 De
823 2149 894 2183 hoc
920 2148 959 2182 et
983 2147 1134 2181 Ancaeo
1159 2144 1327 2191 Neptuni
1350 2143 1435 2178 filiis
1460 2141 1629 2177 breviter

139 2209 338 2256 praedicat
376 2209 499 2255 Apoll.
535 2206 645 2254 ἴστορε
685 2206 822 2252 δ’ἄμφω
863 2206 945 2252 ἠμὲν
986 2205 1146 2250 ναυτιλίης
1186 2203 1240 2250 ἧδ’
1282 2203 1378 2249 ἄρεος
1418 2202 1627 2249 εὖχετὸωντο.

140 2267 227 2306 Sine
251 2269 365 2305 dubio
389 2267 559 2304 Valerius
591 2267 708 2302 tantis
742 2265 916 2301 laudibus
952 2264 1127 2310 peritiam
1151 2263 1281 2309 Ergini
1313 2262 1503 2308 regendae
1537 2260 1628 2296 ratis

138 2328 251 2370 tollit,
276 2327 364 2374 quia
387 2327 532 2373 Tiphye
555 2327 703 2362 mortuo
728 2326 960 2371 gubernator
985 2324 1108 2359 factus
1134 2324 1192 2359 est
1215 2322 1258 2359 V.
1286 2322 1341 2357 65.

156 2445 161 2448 ,
232 2405 315 2442 417.
363 2404 558 2440 Brevitate
582 2402 733 2438 Valerio
769 2413 845 2437 non
881 2401 1032 2437 insolita
1069 2400 1209 2435 dictum
1244 2411 1313 2445 pro
1352 2410 1396 2434 eo
1434 2397 1534 2443 quod
1573 2398 1629 2432 est

141 2474 250 2512 quem
282 2463 456 2505 destinet,
492 2464 537 2509 ut
562 2463 743 2508 erumpat,
783 2462 1001 2506 erupturum
1035 2471 1055 2496 e
1090 2459 1223 2495 clausis
1258 2458 1386 2494 antris.
1425 2459 1467 2491 ut
1500 2456 1629 2491 statim

142 2523 282 2560 studere
312 2524 444 2559 caelum
481 2534 530 2558 sc.
565 2520 841 2558 observandum
873 2521 913 2556 et
945 2519 1016 2554 419
1049 2520 1204 2554 lassatus
1237 2519 1281 2553 ab
1315 2517 1424 2553 Arcto
1459 2527 1507 2551 sc.
1545 2527 1628 2550 con-

144 2582 380 2629 templanda;
404 2583 560 2618 ventum
577 2582 704 2616 autem
722 2591 812 2620 esse,
838 2591 914 2615 non
930 2578 1129 2619 hominem,
1157 2578 1218 2623 qui
1245 2578 1443 2622 erupturus
1468 2575 1526 2610 sit.
1554 2585 1628 2609 non

145 2652 236 2688 opus
277 2643 360 2678 erat
399 2642 470 2677 hoc
510 2641 592 2676 loco
634 2639 785 2675 addere.
839 2637 941 2673 Nihil
982 2637 1096 2682 igitur
1137 2636 1368 2672 mutandum.
1426 2633 1628 2669 Providere

144 2701 272 2746 potest
302 2700 471 2746 Erginus.
509 2699 572 2744 qui
604 2699 739 2734 ventus
772 2709 857 2733 mox
891 2696 1100 2733 exoriturus
1134 2696 1198 2735 sit;
1237 2695 1284 2730 de
1317 2695 1378 2739 qm·
1409 2692 1628 2739 pronomine
