1890 3100
272 204 358 249 484
787 202 824 239 Ο.
850 202 1032 238 VALERI
1057 201 1231 239 FLACOI

377 327 421 360 tu
449 321 539 360 face
567 321 758 363 luciferae
788 321 887 364 citus
917 321 969 360 ad
997 321 1165 361 delubra
1192 322 1350 361 Dianae

378 387 577 434 deveniat,
609 400 742 426 sacras
773 387 889 426 solita
918 392 979 426 est
1007 387 1076 425 ubi
1103 386 1271 426 fundere
1301 387 1440 426 taedas
1760 402 1813 433 180

382 452 544 491 Colchis
575 458 615 491 et
644 451 807 504 aequali
836 452 1019 490 dominae
1048 452 1219 495 lustrare
1249 459 1420 492 caterva.

378 531 454 556 nec
482 523 523 556 te
552 531 658 556 nunc
686 518 864 556 Hecates
895 517 1038 556 subeat
1066 522 1208 565 metus,
1239 523 1307 556 aut
1335 531 1426 557 mea
1453 517 1557 556 forte

377 582 569 635 impediat
596 596 648 621 ne
678 588 820 634 coepta
847 583 955 621 time.
1014 583 1108 635 quin
1137 582 1284 621 audeat
1313 589 1423 635 opto:

380 649 566 687 continuo
595 648 779 690 transibit
808 661 927 695 amor,
958 654 1159 700 cantuque
1187 648 1367 700 trilingui

378 714 505 766 ipsam
533 713 788 755 flammiferos
818 726 959 765 cogam
988 727 1243 765 compescere
1272 719 1407 752 tauros

378 779 687 831 amplexumque
716 778 809 830 pati'
815 808 1553 818 ............

1567 887 1580 903 Ἴ,

380 939 825 948 .......
880 909 1086 951 volucrem
1113 915 1209 949 tunc
1238 910 1408 950 advocat
1436 911 1519 950 Irin
1581 909 1625 918 “”

368 1050 566 1091 metuatque
589 1047 724 1082 morast-i
760 1045 839 1082 fere
875 1045 973 1082 idem
999 1057 1040 1082 ac
1066 1046 1172 1082 ‘nolit
1196 1046 1360 1088 morari';
1401 1047 1468 1083 cfr.
1493 1047 1604 1092 Verg.
1630 1058 1757 1093 georg.

275 1104 302 1147 I,
329 1105 398 1140 246
414 1110 532 1141 arctos
550 1105 681 1141 Ocewni
697 1106 882 1141 metuentis
905 1116 1054 1150 aequore
1079 1107 1210 1151 tiuyui;
1242 1106 1331 1142 Hor.
1351 1118 1380 1142 c.
1398 1106 1448 1147 Π,
1467 1106 1499 1148 2,
1519 1106 1539 1140 7
1551 1117 1677 1151 penna
1692 1117 1760 1141 mc-

273 1168 390 1200 tuente
413 1166 518 1208 solvi;
544 1165 606 1207 IV,
633 1164 666 1210 5,
692 1165 739 1200 20
763 1166 903 1210 cuhmri
928 1166 1050 1201 nwtuit
1073 1165 1171 1208 fides.

370 1235 448 1271 179.
498 1235 646 1278 lucifera
672 1235 798 1271 Diana
825 1236 882 1271 est
908 1235 980 1270 dea
1005 1234 1125 1277 lunae,
1153 1247 1247 1281 quae
1274 1235 1407 1271 eadem
1432 1235 1586 1282 Hecate,
1613 1235 1686 1272 vid.
1713 1236 1761 1272 ad

272 1307 306 1330 v.
332 1294 414 1330 395.

365 1366 445 1404 180.
491 1366 642 1409 fundere
656 1366 781 1401 taedas
798 1365 1023 1411 dubitanter,
1042 1366 1117 1408 sed,
1138 1367 1181 1401 ut
1198 1366 1357 1408 videtur,
1378 1367 1482 1402 recte
1501 1366 1627 1404 Burm.
1646 1365 1759 1412 expli-

270 1426 369 1465 cavit
407 1426 543 1461 ‘lumen
578 1425 778 1461 taedarum
813 1425 992 1467 fundere’,
1031 1426 1055 1462 i.
1083 1437 1114 1462 e.
1152 1436 1260 1461 sacra
1298 1425 1391 1461 deae
1417 1425 1540 1463 facere
1578 1426 1760 1461 nocturna

267 1485 390 1521 taedis
416 1485 606 1526 adhibitis,
640 1484 705 1519 cfr.
733 1485 779 1519 ad
804 1484 846 1526 V,
874 1484 953 1521 348.

364 1555 443 1591 181.
469 1556 608 1600 aequali
644 1577 691 1581 —
715 1559 874 1591 caterva.-
921 1556 1027 1601 Verg.
1065 1555 1156 1592 Aen.
1184 1556 1226 1602 X,
1265 1555 1349 1598 1943
1389 1555 1470 1591 Val.
1496 1555 1558 1597 VI,
1585 1555 1672 1598 497;
1712 1555 1758 1590 de

269 1615 436 1651 ablativo
463 1614 529 1650 cfr.
555 1615 624 1656 111,
651 1615 731 1649 432.

363 1674 541 1710 dominam
566 1674 718 1709 lustrare
754 1674 846 1715 Vat„
874 1674 941 1709 sed
965 1673 1148 1708 lustrandi
1174 1674 1327 1709 verbum
1353 1685 1437 1709 cum
1459 1685 1612 1719 prorsus
1636 1673 1758 1710 inere-

269 1733 382 1770 dibile
407 1734 455 1768 sit
479 1733 670 1769 Valerium
694 1733 860 1779 posuisse
887 1745 951 1779 pro
976 1733 1160 1778 placandi,
1195 1734 1357 1769 dominae
1379 1732 1520 1779 scripsi,
1553 1732 1620 1768 cfr.
1645 1733 1756 1778 Verg.

268 1793 360 1832 Aen.
385 1792 452 1840 III,
477 1792 546 1828 279
572 1794 833 1837 lustramurque
859 1793 954 1835 Iovi;
989 1792 1109 1827 Gratt.
1139 1803 1269 1838 cyneg.
1295 1792 1363 1827 491
1391 1803 1466 1841 seq.
1491 1796 1568 1828 tota
1593 1793 1759 1828 iuventus

275 1853 515 1898 lustraturque
540 1852 623 1887 deae
649 1863 680 1888 e.
707 1864 738 1897 q.
766 1864 793 1887 s.

363 1923 443 1959 182.
491 1934 554 1959 uec
584 1947 624 1952 -
649 1923 789 1965 subeat;
815 1923 889 1958 vid.
917 1923 966 1958 ad.
990 1923 1019 1965 I,
1048 1923 1127 1958 175.

363 1995 441 2030 184.
492 1995 659 2030 contiuuo
697 1995 865 2030 transibit
896 2005 1004 2036 amor,
1044 2006 1091 2030 sc.
1119 2006 1141 2029 a
1174 1983 1313 2030 'Medea
1338 1994 1388 2029 ad
1413 1994 1591 2038 Hecaten,
1615 1995 1658 2029 ut
1683 1994 1754 2030 dea

267 2054 349 2100 ipsa
373 2054 499 2090 Iasoni
525 2054 661 2090 auxilio
687 2054 816 2089 veniat
842 2054 991 2099 eiusque
1019 2054 1230 2099 amplexum
1254 2053 1434 2099 patiatur.

361 2114 514 2152 Minime
549 2115 639 2159 apte
671 2118 814 2148 cantum
842 2113 1000 2150 Hecates
1034 2114 1235 2159 trilinyuem
1271 2112 1478 2149 nominavit
1511 2114 1647 2158 poeta:
1685 2113 1757 2148 dea

269 2172 367 2211 enim
391 2173 472 2218 ipsa
497 2184 587 2208 sane
612 2172 791 2209 triformis
818 2174 885 2213 est,
912 2173 959 2208 de
984 2184 1056 2218 qua
1082 2184 1121 2208 re
1147 2172 1222 2208 vid..
1248 2172 1298 2207 ad
1321 2171 1401 2217 395,
1433 2172 1500 2208 sed
1529 2171 1756 2208 uniuscuius-

268 2243 337 2277 que
363 2231 505 2267 formae
531 2232 585 2267 vis
624 2233 680 2267 est
716 2232 868 2278 propria
894 2233 1006 2277 atque
1045 2231 1210 2268 carmine
1234 2231 1381 2277 magico
1406 2243 1481 2267 non
1497 2232 1653 2268 utuntur
1677 2232 1754 2268 tres

269 2291 362 2331 deae
386 2290 538 2332 formae,
565 2291 632 2327 sed.
656 2302 730 2326 una
756 2291 918 2327 Hecates
942 2292 1104 2328 tantum.

364 2361 443 2397 185.
493 2362 664 2397 volumem
689 2366 772 2397 tuuc
797 2364 927 2407 aspicit
945 2363 1026 2397 Irin
1050 2363 1134 2400 Vat.
1174 2362 1257 2398 Non
1281 2362 1398 2398 solum
1423 2362 1530 2398 deest
1546 2361 1756 2397 subiectum

270 2421 320 2456 ad
342 2421 498 2456 verbum
534 2422 671 2466 aspicit,
711 2433 825 2466 quare
864 2422 1118 2457 Burmannum
1156 2422 1271 2458 secuti
1304 2421 1530 2458 recentiores
1557 2422 1651 2457 Iuno
1678 2421 1754 2458 edi-

270 2480 406 2515 derunt
431 2491 496 2525 pro
520 2480 706 2526 particula
724 2484 817 2520 tune,
845 2481 912 2516 sed
931 2481 1079 2516 omm'no
1106 2481 1340 2517 desideratur
1357 2491 1575 2526 responsum
1591 2480 1754 2527 Iunonis,

271 2539 371 2583 quod
395 2539 473 2574 iam
498 2539 529 2574 is
553 2539 751 2581 intellexit,
778 2540 841 2584 qui
865 2551 993 2575 versus
1019 2540 1268 2586 interpolavit
1293 2539 1398 2575 aPio
1424 2539 1570 2576 allatos.
1602 2539 1754 2585 signavi

270 2598 439 2634 lacunam
476 2599 575 2635 inter
607 2599 690 2644 pati
715 2600 754 2634 et
778 2600 968 2641 volucrem;
1013 2611 1135 2644 neque
1160 2600 1289 2644 aspicit
1325 2598 1415 2635 ferri
1447 2600 1586 2645 potest:
1625 2599 1752 2645 scripsi

271 2657 430 2693 advocat.

1763 724 1815 754 185
