1890 3100
198 213 284 257 282
727 213 764 249 c,
791 212 971 248 VALERI
997 213 1172 249 FLAGCI

305 331 426 370 finem
456 331 557 370 adeo
586 345 824 385 poenaeque
855 332 995 371 dabis?
1023 339 1063 372 te
1094 339 1238 371 cuncta
1265 339 1451 385 precatur

306 411 406 448 gens
436 397 641 435 hominum
671 403 792 450 atque
820 398 897 450 ipsi
925 399 1003 436 iam
1031 404 1084 446 te,
1114 404 1229 450 pater
1258 400 1416 451 optime,
1446 405 1603 439 montes
1692 418 1729 448 65

307 462 498 514 fessaque
529 477 619 501 cum
649 463 759 501 silvis
790 469 904 502 orant
931 464 1037 515 iuga.
1096 470 1156 502 sat
1184 463 1256 502 tibi
1284 464 1434 503 furtum

306 528 409 579 ignis
441 534 481 566 et
510 529 715 567 aetheriae
745 528 913 568 defensa
942 530 1102 568 silentia
1129 530 1318 568 mensae'.

308 593 408 631 dixit
436 594 516 640 ubi,
549 607 570 632 e
602 594 776 646 scopulis
805 594 938 633 media
965 596 1070 633 inter
1097 595 1246 646 pabula
1275 595 1348 633 diri

307 659 476 697 vulturis
506 659 592 711 ipse
623 660 743 698 etiam
773 661 924 711 gemitu
952 667 1188 713 maestaque
1218 661 1360 712 fatigat

308 738 408 763 voce
437 725 575 763 Iovem
606 726 738 764 saevis
767 726 953 765 relevans
985 727 1169 765 ambusta
1197 727 1348 778 pruinis
1693 739 1732 769 70

306 789 474 838 lumina;
506 791 790 842 congeminant
820 805 957 830 amnes
986 805 1189 844 rupesque
1218 792 1419 844 fragorem

309 855 561 904 Caucaseae3
594 863 729 908 stupet
757 857 843 909 ipse
874 857 939 896 dei
969 858 1206 896 clamoribus
1238 858 1334 897 ales.

306 926 402 959 tunc
432 922 551 959 etiam
582 934 746 973 superas
776 922 1008 960 Acheronte
1039 922 1197 961 auditus
1227 922 1277 961 ad
1307 937 1420 962 arces
1450 937 1452 939 ’

306 987 490 1039 Iapetus;
521 987 655 1038 gravis
687 993 867 1025 orantem
895 987 1036 1039 procul
1066 994 1176 1026 arcet
1202 989 1354 1040 Erinys

307 1052 528 1104 respiciens
559 1052 658 1091 celsi
686 1053 820 1103 legem
849 1053 970 1091 Iovis.
1027 1053 1097 1092 ille
1128 1053 1293 1092 dearum
1694 1073 1730 1102 75

306 1118 465 1157 fletibus
496 1123 536 1156 et
563 1131 709 1169 magno
737 1118 893 1156 Phoebi
923 1125 1143 1158 commotus
1173 1119 1323 1158 honore

306 1183 488 1222 velocem
517 1184 644 1222 roseis
675 1183 847 1222 demittit
875 1184 1049 1222 nubibus
1079 1184 1185 1222 Irim.

307 1250 343 1297 ιἱ,
373 1250 557 1301 Phrygas
586 1249 752 1288 Alcides
783 1256 823 1288 et
851 1250 998 1288 Troiae
1028 1249 1185 1288 diflerat
1213 1264 1332 1288 arma.

306 1314 423 1354 nunc'
454 1315 509 1353 ait
539 1315 695 1366 ‘eripiat
726 1314 836 1354 dirae
865 1315 1013 1353 Titana
1040 1315 1218 1354 volucri’.

307 1380 398 1419 diva
426 1380 537 1419 volat
566 1380 776 1432 defertque
805 1381 890 1419 viro
921 1381 1137 1419 celeranda
1164 1382 1341 1432 parentis
1690 1392 1728 1421 80

310 1447 479 1498 imperia
507 1452 629 1499 atque
660 1446 833 1484 alacrem
854 1446 971 1484 laetis
1002 1446 1226 1485 hortatibus
1255 1446 1407 1498 implet.

359 1512 445 1550 Iam
474 1512 639 1563 Minyae
668 1511 810 1550 mediis
840 1512 973 1550 clarae
1003 1525 1076 1563 per
1104 1511 1238 1550 sidera
1265 1512 1393 1550 noctis

306 1577 492 1616 fluctibus
522 1577 742 1616 intulerant
769 1577 928 1629 placido
960 1590 1059 1615 cava
1086 1577 1212 1616 lintea
1241 1591 1371 1624 cursu,

293 1714 350 1750 65.
377 1715 507 1759 optime
533 1725 606 1750 om.
631 1713 729 1754 vat„
758 1713 843 1749 add.
872 1713 954 1750 cod.
981 1713 1127 1749 Monac.

294 1774 351 1812 66.
403 1773 500 1809 Satis
519 1773 654 1808 audaci
679 1774 875 1818 zeugmate
892 1773 1032 1815 furtum
1048 1774 1144 1818 iynis
1162 1774 1200 1808 et
1217 1773 1362 1815 defensa
1385 1773 1533 1809 silentia·
1555 1783 1695 1808 mensae

199 1834 484 1878 coniunguntur,
528 1832 595 1869 cfr.
634 1832 732 1873 VIII,
772 1833 853 1869 254.
916 1833 990 1868 Sed
1027 1832 1116 1878 quid
1153 1833 1380 1868 Prometheo
1421 1844 1505 1868 cum
1531 1832 1692 1868 silentiis

199 1893 392 1930 aetheriae
418 1894 593 1931 mensae?
641 1892 740 1927 Num
774 1892 945 1928 Valerius
977 1892 1127 1927 Tantali
1165 1893 1204 1927 et
1233 1892 1450 1928 Promethei
1476 1891 1631 1928 crimina
1654 1891 1696 1926 in

199 1966 314 1988 unum
340 1952 531 1989 confudit?
1188 1991 1189 1994 Ἴ

295 2012 350 2048 68.
402 2012 458 2048 De
478 2011 725 2048 collocatione
741 2012 804 2047 ubi
822 2011 1031 2058 particulae
1050 2011 1116 2048 cfr.
1142 2012 1204 2053 IV,
1223 2011 1309 2054 229;
1335 2012 1379 2054 V,
1406 2011 1492 2054 306;
1518 2011 1605 2059 4433
1630 2010 1693 2052 VI,

201 2072 289 2119 546;
317 2071 416 2113 VIII,
443 2071 530 2116 2183
556 2071 608 2107 sic
633 2075 673 2106 ut
698 2071 941 2108 insolentiore
961 2071 1043 2107 loco
1060 2071 1212 2118 ponitur
1237 2071 1266 2117 Ι,
1294 2071 1379 2118 127;
1407 2070 1492 2119 2053
1518 2070 1580 2116 IV,
1607 2070 1693 2118 137;

201 2132 251 2178 V,
277 2132 357 2167 330.

301 2191 356 2227 71.
407 2191 654 2236 congeminant
679 2211 723 2216 —-
748 2191 944 2236 fraqorem;
997 2189 1092 2227 Stat.
1118 2190 1237 2226 Theb.
1261 2189 1330 2232 V1‚-
1351 2190 1409 2224 41.

297 2250 352 2286 78.
404 2262 506 2286 arma
541 2250 669 2286 Troiae
699 2250 722 2286 i.
758 2261 789 2286 e.
821 2250 963 2286 benum
995 2251 1127 2285 contra
1153 2249 1342 2291 Troianos,
1381 2250 1423 2284 ut
1460 2248 1524 2286 Sil.
1549 2248 1598 2291 II,
1623 2248 1694 2283 428

202 2311 292 2346 bella
335 2310 556 2352 Aeneadum
599 2309 708 2345 Drac.
751 2310 796 2351 Π,
839 2309 884 2344 94
927 2310 1017 2345 bella
1057 2311 1133 2345 suis
1174 2309 1221 2345 de
1262 2308 1433 2345 Herculis
1475 2320 1559 2344 cum
1601 2319 1693 2354 apro

202 2370 451 2416 Erymanthio
478 2381 617 2415 pugna.

296 2441 352 2477 80.
403 2441 592 2476 celeranda
617 2462 661 2467 —
688 2442 854 2485 imperim
894 2441 959 2477 cfr.
979 2429 1027 2477 ἰν.
1054 2441 1124 2476 385
1156 2442 1195 2476 et
1220 2451 1319 2485 opem
1343 2441 1494 2475 celerare
1518 2438 1584 2481 ΙΙΙ,
1611 2439 1690 2474 251.

296 2501 354 2536 81.
403 2501 604 2536 hortatibus
631 2501 767 2544 implet3
807 2500 855 2542 ΙΙ,
883 2500 969 2547 126;
1008 2501 1103 2536 Stat.
1131 2500 1248 2536 Theb.
1274 2500 1320 2540 X,
1347 2498 1410 2541 35;
1450 2498 1512 2534 Sil.
1538 2498 1586 2544 V‚.
1608 2498 1693 2546 150;

202 2561 268 2596 cfr.
295 2560 323 2603 Ι,
352 2560 421 2595 105
446 2560 642 2607 attollitque
667 2561 805 2595 animos
829 2560 1004 2595 hortando
1030 2563 1063 2594 et
1088 2560 1219 2595 talibus
1243 2559 1370 2603 implet.

296 2632 352 2667 82.
398 2642 468 2677 per
491 2631 626 2667 sidera:
655 2642 738 2666 cum
764 2630 887 2666 sidera
913 2631 1151 2677 collucerent‚
1177 2630 1227 2666 sic
1247 2632 1320 2674 per
1332 2630 1453 2665 lunam
1469 2628 1580 2674 Vei-g.
1599 2628 1691 2664 Aen.

202 2691 250 2734 ΙΙ,
277 2691 357 2726 340.
