1890 3100
552 237 940 276 ARGONAVTICON
967 237 1117 273 LIBER
1140 237 1208 273 ΠΙ.
1523 239 1611 282 225

233 362 420 414 ingentes
450 360 629 412 duplicat
656 359 808 398 sonitus
838 363 1040 410 augetque
1068 357 1215 395 ruinas.

234 433 279 465 ut
305 427 433 478 magis
461 419 653 472 Inarime,⁴¹
674 425 802 475 magis
829 429 875 462 ut
900 423 1075 474 mugitor
1101 421 1264 461 anhelat

236 493 422 538 Vesvius,
452 490 639 529 attonitas
668 502 762 528 acer
789 502 879 527 cum
908 488 1074 527 suscitat
1099 487 1232 534 urbes,

238 557 295 596 sic
322 568 483 609 pugnae
513 554 712 594 crudescit
740 567 860 606 opus3
887 566 1021 606 neque
1051 553 1155 591 enim
1183 553 1305 603 ignea
1334 551 1484 591 cedunt
1615 553 1671 583 210

241 628 348 661 astra
374 622 475 668 loco,
503 620 625 659 lentis
653 620 794 658 haeret
821 619 916 657 Nox
944 618 1103 657 conscia
1129 617 1246 669 bigis.

238 700 364 739 perge
393 699 469 738 age
496 686 715 724 Tartareae
743 697 899 723 mecum
928 683 1046 722 simu]
1074 683 1207 721 omnia
1234 683 1375 730 noctis,

236 753 363 800 Musa,
394 751 519 803 sequi.
575 749 772 802 trepidam
799 748 1012 787 Phaethon
1040 748 1202 786 adflavit
1230 748 1279 786 ab
1309 748 1390 786 alto

226 870 307 906 207.
357 870 466 906 donec
479 869 576 910 vat„
603 869 763 913 dnmh'cat
786 867 874 902 Pius
900 867 992 912 apta
1016 866 1216 912 sententia,
1241 866 1309 902 sed
1333 866 1499 908 dubium,
1526 879 1619 902 num

131 930 206 965 hac
231 929 446 965 coniectura
468 927 610 964 Valerii
633 938 765 962 manus
790 926 967 962 restituta
992 925 1050 961 sit.

227 988 309 1025 208.
356 989 510 1034 muyitor
550 987 639 1030 ἅπαξ
678 987 782 1032 εἰρημ.
824 985 958 1021 similia
998 986 1172 1031 qestatria:
1212 984 1275 1026 IV,
1317 985 1403 1024 6052
1449 985 1621 1021 eodm

132 1047 174 1090 V,
191 1048 279 1090 499;
304 1048 532 1083 memoratrix
555 1045 617 1087 VI,
644 1045 729 1086 142;
756 1045 834 1081 cfr:
850 1045 965 1081 etiam
990 1046 1182 1080 lwtramen
1205 1044 1273 1086 ΠΙ,
1298 1045 1380 1079 442.

227 1107 308 1143 209.
362 1107 534 1142 Vesubius
557 1105 654 1145 vat..
678 1104 824 1140 Vesvius
849 1105 930 1140 cod.
948 1104 1105 1150 Monac.;
1124 1104 1284 1140 eandem
1300 1103 1460 1139 formam
1476 1104 1621 1140 habent

132 1166 193 1203 Sil.
219 1165 335 1206 XVH.
361 1166 447 1207 593;
486 1165 580 1201 Stat.
595 1163 597 1165 ’
612 1165 692 1200 silv.
725 1164 787 1205 IV.
814 1166 847 1205 4,
874 1163 936 1206 793
973 1164 1085 1199 Mart.
1116 1162 1178 1203 IV,
1212 1163 1269 1204 44,
1303 1163 1340 1204 1;
1379 1163 1520 1199 anthol.
1551 1163 1620 1199 lat.

132 1225 189 1268 83,
220 1225 266 1260 78
290 1226 334 1261 B.
361 1225 440 1269 (ubi
465 1236 556 1261 sane
580 1225 771 1261 Baehrens
797 1223 953 1269 (271,78)
979 1224 1059 1258 meu
1074 1222 1245 1268 recepit);
1271 1222 1417 1258 Vesbius
1432 1223 1620 1258 nonnullis

137 1284 419 1331 inscriptionum
457 1283 547 1319 locis
582 1283 784 1329 reperitur;
817 1282 885 1318 cfr.
923 1281 1053 1319 Galen.
1079 1282 1122 1324 Χ,
1147 1294 1182 1327 p.
1209 1281 1279 1316 364
1324 1282 1381 1317 ed.
1413 1282 1547 1318 Kuehn
1584 1282 1621 1318 τὸ

134 1341 167 1380 δ’
171 1340 303 1386 ἔνδοξόν
326 1357 362 1379 τε
385 1343 442 1379 καὶ
465 1342 537 1379 νέον
567 1344 674 1389 ὄνομα
696 1347 755 1379 τοῦ
791 1343 893 1387 λόφου
929 1340 1067 1386 Βέσβιον
1093 1342 1222 1385 (antea
1258 1340 1419 1376 formam
1444 1343 1621 1386 Βεσοῦβιον

135 1402 453 1446 commemoravit)
493 1403 615 1439 ἅπασιν
645 1403 829 1446 ἀνθρώποις
860 1403 1022 1447 γνώριμον
1053 1404 1109 1436 διὰ
1132 1400 1168 1437 τὸ
1193 1402 1345 1436 κάτωθεν
1371 1401 1620 1446 ἀναφερόμενον

135 1460 174 1498 ἐκ
196 1467 256 1507 τῆς
278 1467 338 1507 γῆς
365 1460 399 1498 ἐν
427 1453 514 1507 αὗτῷ
539 1466 615 1507 πῦρ.

229 1520 308 1556 Hoc
344 1520 427 1556 loco
450 1520 621 1556 Valerius
658 1521 705 1556 de
739 1521 863 1556 terrae
901 1521 1005 1555 motu
1041 1519 1192 1555 videtur
1229 1518 1424 1564 cogitasse,
1463 1531 1538 1554 non
1576 1520 1622 1555 de

138 1579 334 1625 eruptione
358 1579 520 1620 Vesuvii,
544 1581 588 1614 ut
611 1579 673 1620 IV,
699 1579 778 1614 507.
841 1580 991 1614 mcitat
1025 1578 1049 1613 i.
1088 1589 1120 1614 e.
1158 1578 1309 1619 excitat,
1347 1579 1390 1612 ut
1415 1578 1551 1613 Lucan.
1578 1579 1621 1617 X.

136 1638 207 1673 225
232 1638 340 1674 Nilus
363 1660 409 1664 —
433 1639 582 1674 suscitat
605 1639 738 1683 unda33
764 1638 831 1675 cfr.
858 1638 920 1674 Sil.
947 1637 1008 1684 IV,
1032 1638 1120 1683 5743
1146 1637 1269 1673 Plaut.
1294 1637 1370 1672 mil.
1396 1637 1468 1672 330
1502 1639 1617 1673 neseio

135 1709 225 1743 quae
249 1702 282 1733 te
306 1719 351 1724 —
374 1699 506 1734 scelera
529 1700 720 1743 moitura&
744 1698 856 1743 Verg.
881 1699 973 1734 Aen.
1007 1697 1050 1738 Χ,
1088 1696 1158 1731 263
1194 1707 1274 1742 spes
1310 1690 1437 1732 addiza
1470 1699 1619 1733 suscitat

136 1757 228 1799 iram
256 1757 403 1803 Coripp.
427 1758 507 1793 Ioh.
533 1757 594 1799 IV,
620 1757 690 1792 878
715 1758 804 1802 (leo)
829 1758 869 1792 in
886 1758 1030 1802 proelia
1052 1758 1203 1792 suscitat
1237 1757 1314 1791 iras
1321 1770 1333 1801 ,·
1368 1756 1439 1791 886
1463 1757 1621 1792 Antalae

136 1816 251 1851 virtue
273 1817 445 1852 venientis
468 1817 616 1852 suscitat
641 1818 723 1852 irae.

231 1875 311 1911 210.
361 1877 543 1911 crebrescit
574 1875 671 1916 Vat..
709 1876 880 1911 crudescit
918 1876 998 1911 cod.
1026 1875 1139 1917 Carr.;
1179 1874 1245 1910 cfr.
1270 1874 1381 1920 Verg.
1420 1875 1508 1911 Aen.
1538 1874 1623 1920 VH,

139 1934 208 1971 788
231 1935 440 1971 madescunt
465 1956 508 1961 -—
529 1946 684 1980 puynae.

231 1995 311 2030 211.
361 1994 443 2030 Nox
470 2006 579 2030 curru
602 1994 752 2030 vehitur
778 1994 891 2030 etiam
918 1994 1018 2039 apud
1036 1994 1146 2039 Verg.
1165 1995 1256 2031 Aen.
1274 1995 1318 2035 V,
1346 1994 1431 2036 721;
1458 1993 1540 2030 Tib.
1574 1993 1623 2035 Π,

139 2054 172 2095 1,
197 2053 259 2096 87;
288 2053 415 2090 Claud.
442 2054 489 2089 de
514 2055 627 2099 raptu
642 2053 743 2090 Pros.
763 2053 793 2094 Ι,
811 2053 897 2095 277;
924 2053 1025 2099 apud
1051 2053 1214 2089 Graecos
1242 2064 1388 2098 quoque
1413 2054 1557 2098 poetas,
1582 2054 1625 2088 ut

140 2113 294 2150 Theocr.
313 2112 363 2159 11,
390 2113 478 2159 1663
503 2112 628 2158 Eurip.
648 2113 725 2148 Ion.
746 2112 853 2154 1150;
881 2111 947 2148 cfr.
964 2112 1046 2149 Val.
1065 2111 1112 2152 IL
1131 2111 1211 2147 295.
1261 2112 1343 2148 Nox
1369 2112 1416 2148 de
1440 2112 1626 2147 industria

139 2172 280 2208 morari
311 2172 446 2207 dicitur
479 2183 502 2206 a
526 2171 686 2212 Valerio,
725 2171 793 2208 cfr.
820 2171 886 2207 Ov.
912 2173 1001 2207 met.
1027 2171 1090 2212 VI,
1116 2171 1186 2206 588
1220 2182 1292 2206 nox
1325 2173 1467 2207 conscia
1500 2173 1623 2207 saeris.

234 2231 314 2266 212.
369 2231 543 2266 Tartarea
566 2243 640 2266 nox
665 2231 732 2272 est,
771 2231 858 2276 quia
895 2242 950 2267 ea.
991 2242 1088 2275 quae
1124 2231 1196 2265 hac
1226 2232 1338 2266 noete
1368 2231 1472 2270 fiunt,
1511 2242 1627 2276 opera.

141 2290 300 2326 Tartari
322 2290 347 2327 i.
373 2301 403 2326 e.
432 2290 577 2335 Erinyis
603 2289 737 2326 effecta
761 2292 857 2330 sunt,
883 2289 958 2327 vid.
983 2289 1050 2330 ΠΙ,
1078 2289 1139 2332 19;
1165 2289 1251 2331 213;
1278 2290 1357 2325 217.

238 2350 358 2385 omnia
383 2370 427 2375 —
452 2350 551 2394 seq-ui
575 2361 624 2385 sc.
651 2349 848 2390 narrando,
883 2349 950 2385 cfr.
981 2349 1092 2394 Verg.
1119 2360 1246 2394 georg.
1278 2349 1328 2390 Π,
1354 2349 1440 2390 434;
1472 2349 1563 2384 Aen.
1595 2348 1625 2390 Ι,

29 2408 38 2459 ’ᾗ
55 2429 63 2459 3
144 2408 230 2450 342;
256 2407 350 2444 Stat.
377 2408 493 2444 Theb.
520 2409 549 2449 Ι,
577 2408 609 2443 9.

29 2480 39 2503 ,ι
57 2460 73 2498 ·j
238 2467 320 2505 213.
367 2468 565 2512 Phaethon,
583 2466 600 2504 ὁ
620 2467 765 2514 φαέθων,
783 2468 829 2503 de
847 2467 933 2504 Sole
949 2468 1030 2514 ipso
1048 2467 1189 2503 dictum
1206 2467 1409 2503 secundum
1426 2467 1628 2503 Homerum

31 2523 71 2566 e³=¹
142 2525 186 2563 11.
211 2527 275 2569 XL
301 2527 387 2569 735;
414 2527 480 2563 Od.
501 2527 541 2567 V,
567 2527 638 2562 479
664 2527 722 2569 al„
749 2539 973 2572 quamquam
989 2527 1043 2562 ibi
1060 2539 1135 2563 non
1153 2527 1243 2563 deus
1261 2526 1502 2572 significatur.
1530 2525 1627 2570 quod

108 2615 116 2622 .
144 2596 233 2622 sane
257 2586 446 2622 interdum
470 2587 514 2622 fit
538 2587 637 2632 apud
662 2588 792 2634 poetas
818 2586 1015 2627 Romanos,
1041 2586 1115 2621 vid.
1141 2586 1252 2631 Verg.
1279 2587 1370 2621 Aen.
1391 2585 1431 2626 V,
1452 2585 1535 2626 1053
1563 2583 1625 2619 Sil.

27 2665 49 2695 ¹,
143 2643 205 2686 VI,
230 2644 271 2686 3;
294 2644 376 2686 VII,
403 2645 488 2687 206;
515 2645 559 2691 X,
587 2645 673 2691 110;
699 2645 786 2688 5403
812 2645 916 2686 XIII,
941 2646 1028 2687 45&
1055 2646 1166 2681 Mart.
1192 2645 1257 2682 III.
1284 2645 1340 2685 67,
1367 2645 1405 2686 5;
1435 2643 1562 2679 Claud.
1588 2643 1626 2678 in

50 2716 74 2730 ι
144 2702 229 2739 Rus.
255 2703 302 2746 Π,
328 2705 408 2741 211.

69 2761 79 2788 ¹⁴
1345 2762 1389 2797 15
