1890 3100
220 231 305 274 362
744 228 781 264 C.
808 228 987 263 VALERI
1019 229 1192 264 FLAcel

326 347 485 386 tradere
514 354 630 399 terga
658 361 788 395 manu,
819 353 902 386 tum
931 347 1032 386 falso
1062 348 1174 386 fusus
1206 348 1255 386 ab
1285 362 1380 386 auro

328 427 487 452 currere
517 426 590 465 per
620 414 762 451 summi
790 413 924 464 fulgor
951 413 1157 465 laquearia
1187 414 1292 452 tecti.

327 479 506 517 membra
534 479 630 517 toris
659 480 761 530 rapit
791 479 859 518 ille
889 484 1076 524 tremens,
1107 480 1358 531 patriumque
1388 485 1576 531 precatur

326 558 475 582 numen
505 550 544 583 et
575 557 648 582 eoo
679 550 889 596 surgentes
920 539 1034 582 litore
1067 558 1222 582 currus:
1710 551 1769 581 245

328 610 441 648 ‘haee
469 610 552 658 tibi,
583 610 754 648 fatorum
783 610 940 661 genitor
968 609 1096 648 tutela
1125 624 1303 648 meorum

329 676 565 714 omnituens.
622 681 691 713 tua
720 689 825 713 nune
854 675 981 722 terris,
1013 682 1082 713 tua
1110 675 1261 714 lumina
1288 681 1371 714 toto

327 754 471 793 sparge
500 741 616 789 mari3
648 754 719 779 seu
747 747 884 779 nostra
914 740 1025 779 dolos
1056 740 1216 779 molitur
1245 747 1416 793 opertos,

326 807 411 845 sive
442 812 609 845 externa
637 820 790 853 manus,
822 806 970 858 primus
1000 806 1097 844 mihi
1125 807 1287 845 nuntius
1319 813 1417 846 esto.

323 878 370 910 tu
399 885 571 924 quoque,
603 877 758 909 sacrata
786 871 951 909 rutilant
981 872 1044 909 cui
1073 871 1226 910 vellera
1255 886 1417 924 quercu,

324 937 528 983 excubias,
561 936 750 983 Gradive,
782 942 893 984 tene3
924 938 1154 988 praesentia
1181 937 1272 975 luco

323 1017 434 1041 arma
461 1002 664 1054 tubaeque
694 1007 848 1049 sonent,
878 1016 959 1040 vox
988 1008 1027 1040 et
1055 1008 1125 1041 tua
1153 1002 1336 1041 noctibus
1367 1003 1504 1045 extet'.

323 1068 392 1106 vix
422 1081 480 1115 ea,
513 1067 730 1106 Caucaseis
762 1081 852 1106 cum
880 1067 1017 1119 lapsus
1048 1068 1249 1106 montibus
1280 1069 1434 1119 anguis,

323 1133 431 1172 haud
461 1134 546 1173 sine
576 1140 710 1172 mente
743 1133 819 1181 dei,
851 1134 966 1185 spiris
997 1147 1137 1172 nemus
1169 1148 1284 1173 omne
1314 1134 1459 1172 refusis

323 1199 516 1252 implicuit
546 1199 792 1251 Graiumque
822 1199 961 1251 procul
988 1200 1166 1251 respexit
1195 1199 1246 1237 ad
1275 1199 1423 1238 orbem.
1709 1204 1766 1234 255

325 1279 420 1317 ergo
452 1279 588 1304 omnes
618 1265 831 1317 prohibere
860 1266 986 1303 minas
1016 1265 1302 1317 praedictaque
1330 1265 1468 1304 Phrixi

321 1331 517 1382 invigilat,
549 1331 669 1383 plena
698 1330 870 1369 necdum
898 1330 1046 1369 Medea
1073 1331 1239 1369 iuventa

324 1396 512 1435 adnuitur
540 1396 726 1435 thalamis
758 1396 905 1434 Albani
933 1397 1045 1448 virgo
1074 1397 1247 1447 tyranni.

310 1539 392 1575 242.
439 1539 574 1582 fabrum
600 1551 740 1583 aurum,
768 1539 854 1584 quia
878 1550 947 1584 per
972 1551 1143 1574 somnum
1170 1539 1354 1584 apparuit.

313 1599 394 1633 243.
445 1599 556 1644 Verg.
583 1598 675 1636 Aen.
701 1598 806 1642 VIII,
833 1598 888 1632 25.

312 1658 393 1694 246.
443 1659 530 1693 haee
571 1659 636 1693 tibi
673 1669 899 1703 quamquam
937 1669 1028 1693 sana
1051 1657 1211 1694 'ratione
1251 1657 1427 1703 explicari
1462 1659 1625 1704 possunt.
1665 1658 1708 1692 ut

217 1717 392 1753 audiatur
433 1718 520 1759 dico,
561 1717 635 1754 vid.
674 1718 743 1752 253
782 1718 820 1753 et
853 1718 935 1759 VII,
982 1718 1050 1752 170
1086 1719 1124 1753 et
1166 1718 1215 1752 ad
1248 1717 1276 1752 I.
1314 1717 1391 1761 174,
1433 1718 1563 1753 tamen
1596 1717 1709 1753 valdo

214 1777 396 1823 languent
437 1778 550 1822 atque
588 1779 762 1823 suspecta
799 1784 893 1818 sunt,
937 1777 1005 1813 sed
1048 1777 1254 1822 probabilis
1294 1776 1504 1813 emendatio
1542 1777 1709 1813 nondum

215 1838 368 1882 reperta
395 1838 462 1873 est.

310 1902 391 1938 247.
441 1903 638 1938 omnituens
650 1904 827 1948 πανόπτης,
855 1901 889 1944 ὃς
913 1900 1005 1939 πάντ’
1023 1901 1127 1948 ἐφορᾷ
1152 1903 1208 1938 καὶ
1231 1903 1319 1939 πάντ’
1354 1901 1516 1938 ἐπακούει.
1543 1901 1607 1937 Sol
1624 1913 1708 1936 eum

214 1961 364 1997 omnino
390 1962 623 1997 clandestina
650 1962 800 1998 consilia
826 1962 971 2007 aperiat
990 1961 1078 2008 (vid.
1096 1961 1252 1998 Prelleri
1269 1963 1386 2006 myth.
1405 1972 1529 2006 graec.
1548 1960 1591 2001 1⁴,
1609 1960 1706 2006 433),

216 2033 367 2066 prorsus
393 2021 442 2056 ad
467 2033 547 2057 rem
573 2021 898 2057 accommodatum
923 2021 1083 2062 videtur,
1112 2021 1211 2066 quod
1236 2021 1317 2066 ipse
1343 2020 1439 2056 filius
1466 2019 1559 2056 Solis
1586 2020 1633 2055 ab
1662 2031 1706 2056 eo

214 2081 322 2126 petit,
350 2082 392 2116 ut
417 2081 582 2117 occultas
607 2081 760 2117 insidias
787 2082 956 2127 detegat.

310 2146 390 2182 251.
435 2148 644 2191 praesentia
670 2158 771 2182 arma
809 2147 902 2182 dixit
935 2148 1051 2192 poeta
1091 2146 1262 2192 enallage
1296 2146 1459 2191 quadam
1488 2157 1557 2192 pro
1593 2145 1705 2180 armis

217 2205 277 2241 dei
301 2206 522 2252 praesentis,
550 2206 612 2251 qui
636 2217 814 2252 praesens
841 2206 1019 2241 auxilium
1045 2206 1153 2242 ferat.

309 2271 390 2306 252.
440 2272 601 2307 noctibus
625 2271 807 2307 nonnullis
842 2271 1045 2307 editoribus
1077 2272 1291 2316 suspectum
1328 2270 1417 2313 fuit;
1456 2271 1523 2307 sed
1557 2270 1707 2305 videtur

219 2330 388 2367 Valerius
415 2330 610 2375 cogitasse.
651 2332 763 2366 noctu
791 2342 874 2366 cum
913 2342 1040 2366 omnes
1079 2342 1208 2366 somno
1246 2330 1356 2376 sopiti
1394 2331 1529 2373 essent,
1566 2329 1706 2365 maiore

212 2390 379 2426 tumultu
403 2401 471 2436 per
495 2390 628 2425 urbem
655 2394 781 2425 exorto
808 2402 898 2435 opus
926 2401 1005 2425 esse
1032 2390 1080 2425 ad
1107 2382 1567 2425 dormientes‘exoitandos
1585 2399 1706 2433 neque
1748 2399 1762 2410 ⁹·

215 2451 285 2486 hoc
311 2450 401 2485 satis
426 2451 522 2485 bene
548 2449 628 2485 fieri
654 2449 766 2484 armis
792 2449 831 2484 in
855 2450 939 2485 luco
965 2451 1110 2485 remoto
1137 2449 1306 2491 conditis,
1321 2449 1384 2484 sed
1410 2459 1498 2493 opus
1513 2459 1592 2484 esse
1614 2458 1706 2484 voce

215 2509 342 2544 divina
362 2520 430 2555 per
454 2509 586 2544 urbem
610 2508 732 2554 ipsam
758 2510 904 2556 exorta3
931 2508 997 2544 cfr.
1013 2509 1062 2549 ΙΙ,
1089 2509 1175 2551 20ος
1203 2509 1265 2550 111,
1292 2508 1347 2542 44.

309 2575 390 2610 254.
415 2575 544 2618 refosis
569 2573 665 2616 Vat.‚
691 2574 821 2617 refusis
848 2574 926 2610 cod.
955 2575 1065 2616 Cam,
1092 2574 1114 2609 i.
1143 2585 1174 2610 e.
1201 2576 1241 2610 in
1267 2573 1397 2609 orbem
1422 2573 1620 2611 conversis.

309 2640 389 2675 257.
439 2640 653 2685 inviyilandi
677 2640 829 2676 verbum
854 2640 924 2675 hoc
950 2639 1028 2694 solo
1047 2640 1128 2675 loco
1153 2651 1236 2675 cum
1259 2638 1442 2674 infinitivo
1468 2638 1706 2674 coniunctum

216 2701 414 2747 reperitur.

1881 2184 1890 2435 m.a..z......u.m....-.
1888 2132 1890 2147 ..

1877 2680 1887 2690 ἴ]
1875 2610 1890 2677 m
