1890 3100
209 221 295 263 292
567 273 569 275 ι
761 220 798 257 C.
826 221 1005 257 VALERI
1030 221 1204 258 FLAOCI

324 345 597 391 exoptantque
626 340 755 378 virum
786 347 1006 393 contraque
1036 355 1246 380 occurrere
1274 348 1456 394 poscunt,
1712 359 1762 389 195

326 404 496 456 qualiter
524 405 672 456 ignotis
704 412 955 457 spumantem
984 406 1164 445 funditus
1195 421 1352 446 amnem

322 535 462 586 pandit
490 536 576 582 iter,
607 549 700 574 mox
730 550 846 575 omne
874 551 999 588 pecus
1029 538 1240 576 formidine
1269 539 1387 590 pulsa

317 614 422 652 pone
452 603 568 650 subit,
598 604 758 655 iamque
789 609 830 642 et
857 604 998 642 mediis
1030 603 1212 656 procedit
1241 604 1290 642 ab
1320 604 1450 642 undis.

370 667 426 704 At
454 669 594 719 procul
624 683 645 707 e
676 669 786 707 silvis
817 682 907 707 sese
937 669 1209 721 gregibusque
1238 669 1393 708 ferebat

319 745 462 771 saevos
491 734 532 771 in
561 740 675 772 antra
705 735 831 786 gigas.
890 748 1009 786 quem
1037 748 1113 773 nec
1144 748 1216 773 sua
1243 735 1361 774 turba
1390 736 1541 774 tuendo
1576 754 1588 761 ·<
1702 738 1758 767 200

306 851 383 886 194.
435 856 672 898 exoptantque
688 854 824 888 virum:
850 853 972 888 Plaut.
991 853 1127 890 Bacch.
1155 854 1224 889 503
1242 855 1341 889 illum
1359 857 1540 899 exoptavit
1559 855 1705 900 potia&

215 909 315 945 Trin.
356 911 449 946 1072
487 922 507 946 ο
544 913 594 948 mi
631 923 687 947 ere
725 914 1003 956 exoptatiseime;
1043 912 1110 949 cfr.
1148 914 1282 959 Amph.
1322 914 1408 957 6543
1451 914 1556 961 Capt.
1597 917 1706 965 1006;

213 969 317 1006 Curc.
343 970 421 1005 305.

308 1029 388 1065 195.
438 1030 529 1066 Post
554 1031 653 1066 hunc
678 1042 827 1067 versum
852 1042 946 1066 unus
972 1031 1113 1067 excidit
1137 1031 1176 1066 in
1201 1032 1300 1078 Vat.;
1336 1034 1526 1069 sententia
1557 1026 1707 1071 constat

212 1091 252 1124 et
276 1100 345 1134 per
370 1101 410 1125 se
446 1091 485 1125 et
518 1101 562 1125 ex
594 1090 805 1126 imitatione
832 1089 1002 1126 Statiana
1029 1090 1145 1126 Theb.
1177 1090 1259 1131 VII,
1291 1092 1362 1126 436
1393 1104 1512 1138 seqq.;
1549 1094 1588 1129 in
1624 1096 1703 1131 cod.

212 1147 314 1184 Carr.
346 1149 406 1184 hic
441 1150 524 1185 erat
554 1161 699 1185 versus:
758 1154 886 1185 taurus
923 1150 1026 1194 aquis
1057 1151 1117 1195 qui
1142 1151 1286 1195 primus
1316 1152 1386 1187 init
1415 1154 1619 1198 spernitque
1649 1159 1705 1189 tu-

210 1213 367 1243 mentem.

309 1268 387 1303 198.
438 1268 533 1304 Inde
560 1280 582 1304 a
606 1269 730 1305 medio
758 1281 868 1305 amne
893 1269 969 1304 iam
995 1281 1109 1315 pecus
1134 1270 1331 1315 praecedit
1355 1272 1515 1307 taurum.

308 1327 388 1364 199.
438 1327 546 1363 Nunc
577 1329 727 1364 demum
752 1329 852 1364 redit
882 1329 1053 1365 Valerius
1085 1329 1123 1364 in
1154 1329 1255 1364 viam
1287 1330 1335 1365 ab
1368 1331 1566 1376 Apollonio
1603 1345 1706 1369 mon-

211 1388 382 1422 stratam.
431 1387 477 1422 In
496 1387 747 1434 descriptione
764 1389 895 1434 Amyci
912 1389 1031 1424 multa
1052 1388 1222 1430 inveniri,
1253 1389 1384 1434 quibus
1405 1401 1708 1428 commoneamur

212 1446 476 1492 descriptionis
508 1447 729 1493 Polyphemi
760 1448 959 1490 Homerici,
998 1451 1101 1484 recte
1141 1448 1236 1483 dixit
1263 1448 1508 1496 Grueneberg
1545 1451 1593 1488 de
1623 1452 1704 1487 Val.

211 1507 347 1542 Flacco
372 1507 564 1543 imitatore
588 1521 625 1553 p.
653 1508 708 1544 17.
1648 1539 1653 1542 .

305 1577 380 1602 sese
407 1567 544 1609 ferebat
579 1567 603 1603 i.
643 1579 671 1602 e.
712 1568 872 1613 superbe
909 1568 1122 1609 incedebat,
1165 1568 1229 1603 cfr.
1263 1569 1375 1615 Verg.
1409 1570 1499 1605 Aen.
1539 1570 1581 1612 V,
1616 1571 1703 1614 373;

216 1625 279 1666 XI,
308 1625 387 1662 779.

308 1685 389 1721 200.
438 1686 543 1731 yiyas
567 1686 638 1721 hoc
663 1686 745 1722 loco
770 1687 956 1722 translate
974 1687 1110 1722 dicitur
1127 1699 1195 1733 pro
1214 1688 1362 1724 homine
1379 1688 1524 1734 ingenti
1543 1689 1707 1735 corporis

212 1745 485 1790 magnitudine,
513 1746 612 1790 quod
638 1747 809 1791 exemplo
836 1757 964 1782 carere
990 1746 1149 1788 videtur,
1177 1747 1242 1782 sed
1269 1748 1498 1783 adiectivum
1520 1749 1708 1794 qiyanteus

212 1804 398 1840 translate
422 1804 585 1850 positum
610 1805 797 1851 reperitur
824 1805 887 1841 Ov.
916 1807 1005 1842 met.
1033 1806 1130 1849 XIV,
1157 1806 1244 1849 184;
1275 1806 1336 1841 Sil.
1363 1807 1405 1849 V,
1431 1807 1517 1844 436.

308 1865 414 1899 turba
439 1876 487 1900 sc.
514 1864 737 1910 Bebrycum,
764 1876 859 1910 quae
887 1876 970 1901 eum
996 1866 1233 1911 sequebatur,
1260 1866 1334 1902 vid.
1354 1866 1445 1909 315;
1473 1866 1567 1903 falso
1585 1867 1707 1903 locum

213 1923 401 1959 intellexit
427 1923 535 1959 Thilo
559 1914 740 1970 praefsp.
769 1924 918 1966 XXVII,
956 1937 1039 1960 cum
1072 1922 1227 1970 putaret*
1254 1927 1408 1971 poetam
1434 1925 1570 1962 dixisse
1599 1928 1707 1972 Amy—

215 1994 299 2018 cum
326 1984 445 2019 solum
471 1984 520 2020 ad
543 1995 711 2030 pugnam
737 1996 821 2019 cum
845 1985 1073 2030 Argonautis
1099 1985 1256 2021 venisse.

308 2054 372 2078 nec
402 2043 555 2089 ponitur
584 2056 653 2089 pro
684 2055 728 2078 ne
754 2065 798 2070 ——
825 2045 973 2089 quidem,
1012 2045 1111 2089 quod
1142 2057 1217 2080 non
1247 2056 1333 2080 raro
1366 2045 1563 2091 reperitur,
1602 2046 1708 2082 velut

212 2102 295 2148 VII,
323 2103 408 2145 1303
434 2103 521 2146 4353
548 2103 652 2145 VIII,
678 2103 765 2146 409;
793 2103 888 2140 Stat.
907 2104 987 2140 silv.
1015 2103 1062 2142 ΙΙ,
1089 2104 1121 2145 2,
1148 2104 1211 2149 56;
1237 2104 1288 2150 ΙΙ,
1307 2104 1339 2146 6,
1358 2105 1421 2147 21;
1448 2104 1511 2143 Sil.
1530 2105 1590 2145 VI,
1617 2106 1707 2148 417;

213 2161 319 2202 XIII,
348 2162 438 2207 733,-
461 2162 562 2198 Pers.
590 2164 661 2201 sat.
687 2162 729 2204 V,
759 2163 846 2210 172;
873 2163 1001 2199 Iuven.
1028 2162 1075 2203 II,
1104 2163 1189 2206 1523
1216 2163 1326 2201 Mart.
1353 2163 1454 2205 VIII,
1481 2163 1537 2205 64,
1564 2164 1635 2209 18,-
1659 2165 1702 2206 X,

214 2221 271 2263 24,
299 2222 360 2264 11;
400 2222 455 2263 64,
492 2222 533 2264 63
575 2221 701 2257 Claud.
731 2223 776 2258 de
800 2224 898 2268 rapt.
924 2223 1024 2258 Pros.
1054 2222 1101 2264 II,
1129 2222 1219 2267 289,-
1256 2223 1368 2259 Prud.
1393 2222 1522 2268 pei-ist.
1549 2223 1591 2263 X,
1618 2224 1706 2270 675;

216 2280 339 2316 Sedul.
371 2282 499 2327 pasch.
533 2293 560 2316 c.
594 2282 656 2323 IV,
698 2282 784 2324 124;
822 2282 864 2323 V,
904 2283 967 2327 11,-
1004 2283 1093 2327 213,·
1129 2283 1254 2327 hymn.
1288 2282 1338 2324 11,
1379 2283 1440 2329 243
1480 2282 1548 2318 cfr.
1591 2283 1706 2319 etiam

215 2340 407 2376 Kuehneri
439 2351 594 2385 gramm.
620 2341 685 2376 lat.
713 2341 760 2382 lI,
794 2344 813 2385 ξ
841 2342 920 2384 157,
946 2341 978 2376 8.

310 2400 391 2436 201.
440 2400 542 2436 taciti
565 2411 691 2436 secura
716 2405 845 2436 metus.-
881 2413 929 2437 ne
960 2402 1103 2438 hiscere
1137 2402 1287 2447 quidem
1319 2402 1460 2438 audent
1483 2413 1575 2447 prae
1601 2403 1706 2437 metu

215 2460 422 2505 Bebryces3
460 2470 587 2495 secura
617 2465 728 2496 metus
759 2460 860 2496 idem
891 2461 995 2496 valet
1021 2463 1134 2507 atque
1166 2463 1269 2498 metu
1286 2461 1424 2497 libera:
1464 2461 1599 2497 eadem
1624 2472 1707 2497 sen-

214 2518 337 2554 tentia
363 2530 385 2553 a
411 2518 541 2554 Tacito
573 2519 709 2554 dicitur
733 2519 968 2555 Domitianus
994 2521 1117 2566 Agric.
1143 2521 1190 2556 43
1220 2531 1365 2556 securus
1398 2521 1471 2555 iam
1500 2521 1596 2565 odii5
1632 2520 1707 2555 alia

214 2590 365 2624 prorsus
404 2578 591 2614 contraria
629 2578 817 2614 sententia
847 2579 1030 2621 dicuntur,
1057 2581 1099 2614 ut
1123 2581 1308 2624 potentiae
1336 2590 1481 2615 secum
1506 2579 1593 2615 Tac.
1620 2591 1705 2615 ann.

216 2637 281 2679 111,
308 2637 364 2679 28,
391 2638 533 2674 scilicet
569 2639 640 2674 hoc
670 2638 752 2674 loco
784 2638 964 2674 securitas
997 2650 1040 2674 eo
1077 2639 1248 2680 efficitur,
1288 2639 1385 2685 quod
1415 2639 1604 2684 Augustus
1641 2650 1707 2684 po-

215 2697 378 2733 tentiam
399 2698 555 2742 obtinet,
581 2698 646 2734 illo
666 2698 721 2733 ita
742 2697 965 2744 efficeretur,
978 2720 981 2723 ,
992 2698 1022 2733 si
1039 2698 1228 2744 Bebryces
1245 2699 1388 2734 metum
1403 2710 1492 2734 non
1509 2698 1707 2747 haberent.
