1890 3100
596 221 982 259 ARGONAVTICON
1004 221 1149 257 LIBER
1173 221 1255 256 VII.
1587 220 1673 263 487

304 348 398 381 ante
427 347 467 381 et
493 341 755 380 Thessalicae
783 341 933 380 Phasin
959 341 1112 392 petiere
1141 340 1299 378 carinae
1420 349 1424 352 “
1463 374 1466 378 ,
1675 358 1730 388 220

303 420 456 459 perque
483 413 543 445 tot
568 406 708 446 infelix
735 406 883 445 frustra
907 405 1013 444 vada
1039 405 1150 443 venit
1177 405 1307 451 Iason,

304 486 423 525 quam
451 473 602 524 patriae
630 477 672 510 te
699 472 823 509 movit
851 476 982 509 amor’.
1038 476 1122 507 tum
1151 475 1286 508 cetera
1312 468 1458 519 rumpit

303 538 552 589 occurritque
581 537 740 575 Venus:
770 542 825 574 ‘tu
852 549 958 574 nunc
986 535 1082 573 mihi
1110 547 1231 572 causa
1257 534 1410 571 viarum

303 602 409 640 sola:
438 608 532 640 tuae
560 601 677 640 venio
705 602 784 639 iam
810 599 964 652 pridem
993 613 1118 650 gnara
1145 599 1352 646 iuventae3

302 673 439 706 cetera
463 680 583 718 parce
612 667 736 718 queri,
765 679 845 704 neu
872 678 936 703 me
964 664 1130 703 meliora
1158 669 1337 702 secutam
1672 680 1728 709 225

302 745 443 784 argue3
473 732 620 788 quippe
650 731 710 782 (ut
736 731 815 769 iam
842 735 1078 784 reputentur
1103 742 1269 767 munera
1297 728 1447 781 divum)
1515 734 1540 790 .-

302 796 482 835 omnibus
510 796 617 834 hunc
643 796 775 847 potius
805 808 1054 834 communem
1083 794 1348 832 animantibus
1378 793 1514 832 orbem

301 874 528 900 communes
559 866 599 899 et
627 860 746 899 crede
765 860 886 899 deos.
940 861 1109 912 patriam
1136 859 1231 898 inde
1259 865 1414 906 vocato,

301 939 380 979 qua
406 925 509 964 redit
536 926 647 988 itque
675 925 774 964 dies.
829 939 904 964 nec
932 939 1017 973 nos,
1049 939 1071 963 ο
1099 930 1204 971 nata,
1235 924 1433 976 malignus

299 991 462 1030 cluserit
489 991 565 1029 hoc
593 1005 672 1029 uno
702 1004 859 1042 semper
887 990 960 1029 sub
990 990 1137 1041 frigore
1166 991 1330 1030 Pontus.
1388 1000 1401 1011 ¹-
1675 999 1729 1029 230

300 1056 362 1095 fas
389 1056 486 1094 mihi
514 1070 594 1094 non
621 1056 790 1103 habiles,
818 1055 878 1094 fas
908 1061 949 1094 et
975 1056 1048 1094 tibi
1076 1055 1258 1107 linquere
1288 1055 1475 1094 Colchos.

301 1127 343 1160 et
369 1135 474 1159 nunc
502 1122 673 1159 Ausonii
701 1121 874 1159 coniunx
902 1134 977 1172 ego
1006 1121 1118 1171 regia
1145 1121 1240 1166 Pici,

299 1200 375 1225 nec
402 1186 498 1224 mihi
525 1186 764 1224 flammiferis
794 1187 955 1224 horrent
982 1186 1038 1224 ibi
1066 1199 1215 1237 pascua
1242 1187 1377 1232 tauris,

301 1264 447 1303 meque
475 1250 587 1289 vides
616 1251 739 1289 Tusci
768 1250 965 1289 dominam
993 1251 1124 1289 maris.
1182 1255 1222 1288 at
1249 1250 1323 1288 tibi
1352 1251 1512 1302 quinam

300 1315 571 1362 Sauromatae,
592 1315 836 1362 miseranda,
865 1315 1002 1367 proci?
1030 1315 1094 1353 cui
1121 1315 1235 1354 vadis
1264 1315 1416 1354 Hibero
1672 1318 1727 1348 235

299 1381 353 1433 (ei
379 1380 510 1428 mihin
538 1380 605 1419 vel
634 1393 754 1419 saevo
784 1381 958 1418 coniunx
985 1394 1065 1418 non
1093 1394 1173 1418 una
1203 1379 1398 1419 GelonoP'

284 1487 366 1523 224.
413 1488 546 1531 iynava
573 1487 665 1527 Vat.,
691 1497 809 1532 quara
832 1486 1036 1522 Burmann.

282 1545 365 1582 226.
412 1546 542 1590 quippe
577 1547 682 1581 etiam
706 1549 907 1590 repetentur
943 1556 1090 1580 munera
1114 1545 1233 1580 divam
1249 1545 1347 1590 Vat„
1372 1556 1522 1590 prorsus
1546 1545 1674 1591 inepta

187 1596 396 1646 sententia;
433 1606 564 1649 quippe
600 1608 641 1639 ut
676 1606 749 1640 iam
771 1608 978 1648 reputentur
1015 1616 1059 1642 m.
1095 1605 1128 1639 d.
1154 1604 1336 1645 Heinsius,
1363 1615 1436 1649 qua
1461 1604 1674 1640 coniectura

188 1675 316 1700 sanam
339 1663 506 1699 restituit
530 1663 766 1704 sententiam,
793 1663 858 1699 sed
883 1675 1004 1699 sermo
1028 1663 1215 1708 prosaicus
1240 1663 1351 1698 valde
1377 1663 1560 1708 displicet.

167 1746 183 1768 5
280 1722 360 1758 227.
423 1723 548 1767 potius
583 1743 628 1748 —
665 1723 765 1757 crede
790 1734 839 1758 sc.
873 1733 986 1767 quam
1026 1725 1066 1758 ut
1096 1722 1237 1763 credas,
1264 1723 1385 1757 certas
1412 1722 1543 1767 cuique
1568 1722 1673 1767 genti

187 1783 312 1818 terrae
336 1782 463 1827 partes
488 1781 714 1817 habitationi
740 1781 847 1816 datas
874 1793 963 1817 esse.

282 1839 365 1877 229.
413 1851 484 1885 qua
508 1841 600 1875 redit
623 1841 717 1885 itque
741 1841 835 1876 dies:
873 1840 1019 1885 saepius
1045 1839 1234 1875 invenitur
1270 1841 1366 1884 itque
1400 1840 1566 1885 reditque,
1606 1840 1671 1876 cfr.

191 1899 240 1935 ad
268 1899 297 1946 1,
322 1898 401 1935 725.
450 1899 525 1934 dies
547 1899 570 1933 i.
598 1910 629 1934 e.
655 1899 719 1939 sol,
747 1900 808 1934 cfr.
837 1899 887 1933 ad
903 1898 931 1939 I,
957 1899 1037 1934 505.

287 1962 414 2006 nqtam
441 1957 543 1993 Circe
568 1958 742 1993 Medeam
767 1958 943 2003 appellat,
969 1959 1012 1992 ut
1037 1959 1133 1993 haec
1155 1957 1259 1992 illam
1282 1961 1429 1992 matrem
1453 1970 1487 1994 v,
1514 1958 1593 1994 242.

285 2017 367 2052 230.
415 2018 544 2052 mensis
567 2018 664 2057 Vat„
703 2017 842 2052 Pontus
878 2017 985 2052 Thilo
1010 2016 1049 2051 in
1075 2017 1317 2052 annotatione
1329 2029 1338 2058 ;
1376 2015 1562 2052 Summers
1586 2028 1673 2062 pro-

187 2076 315 2122 posuit
338 2077 507 2121 maliyna
536 2097 578 2102 —
602 2076 759 2111 cluseris
784 2097 828 2102 —
855 2080 1010 2111 mente.

281 2135 364 2174 231.
410 2135 545 2170 habiles
569 2155 613 2161 -
641 2134 785 2170 Colchos
808 2134 831 2169 i.
859 2145 887 2169 e.
916 2134 1046 2179 quibus
1072 2134 1183 2170 facile
1200 2134 1317 2169 utaris
1325 2148 1334 2176 ;
1360 2134 1413 2170 sic
1438 2134 1485 2170 de
1514 2135 1671 2171 homini-

187 2193 257 2229 bus
282 2193 419 2229 dieitur
444 2194 560 2230 etiam
583 2193 671 2229 Hor.
698 2205 727 2228 c.
754 2192 824 2238 ΠΙ,
850 2193 906 2234 19,
931 2193 987 2234 24;
1015 2193 1081 2228 Ov.
1109 2204 1179 2228 am.
1206 2192 1236 2238 I,
1260 2193 1293 2238 8,
1317 2193 1373 2228 40.

281 2253 362 2288 232.
411 2254 567 2288 conium:
582 2263 643 2298 eqo
660 2253 760 2298 reyia
776 2251 880 2298 Pie-53
909 2251 1012 2287 Circe
1029 2264 1121 2287 uxor
1136 2252 1215 2287 Pici
1242 2252 1387 2294 dicitur,
1403 2254 1527 2289 mater
1543 2253 1671 2294 Fauni,

180 2312 274 2348 avia
297 2312 430 2355 Latini,
461 2311 526 2347 cfr.
554 2312 663 2356 Verg.
693 2311 784 2348 Aen.
811 2311 894 2352 XII,
923 2311 990 2346 164
1015 2311 1096 2346 coll.
1123 2311 1204 2351 VIL
1241 2312 1287 2346 47
1314 2312 1354 2348 et
1378 2311 1465 2355 1893
1497 2312 1537 2347 in
1561 2323 1672 2347 avem

182 2372 340 2417 propter
364 2372 532 2417 spretum
557 2381 720 2406 amorem
744 2369 874 2405 Picum
898 2381 921 2405 a
946 2369 1051 2406 Circa
1074 2371 1258 2406 mutatum
1292 2381 1373 2406 esse
1413 2371 1560 2416 saepius
1587 2382 1671 2406 nar—

186 2431 308 2473 ratum
323 2429 389 2468 cfr.
404 2431 514 2476 Verg.
522 2430 614 2466 Aen.
624 2429 704 2467 VII,
721 2429 798 2472 189,
815 2431 853 2464 et
865 2430 965 2465 Serv,
981 2430 1030 2464 ad
1042 2431 1140 2465 hunc
1154 2430 1292 2471 locum;
1309 2430 1374 2466 Ov.
1389 2431 1476 2466 met.
1489 2430 1584 2475 XIV,
1600 2430 1671 2465 320

183 2499 305 2535 seqq.;
317 2490 434 2534 myth.
443 2490 528 2525 vat.
536 2489 565 2530 L
582 2488 649 2523 182
663 2502 672 2530 ;
686 2488 736 2534 11,
746 2489 833 2530 213;
848 2489 909 2524 Sss.
918 2488 1018 2530 VIII,
1027 2489 1098 2524 439
1109 2501 1208 2534 seqq.
1218 2503 1226 2534 ;
1240 2490 1337 2525 Plut.
1346 2490 1486 2534 quaest.
1496 2489 1601 2525 Rom.
1611 2489 1668 2524 21.

284 2548 365 2584 233.
403 2547 489 2584 Sine
515 2548 626 2583 dubio
640 2547 786 2583 Valerio
805 2548 1023 2583 obversatus
1049 2550 1106 2583 est
1123 2548 1224 2584 locus
1244 2548 1354 2594 Verg.
1371 2560 1498 2594 georg.
1525 2547 1574 2589 ΙΙ,
1602 2548 1671 2583 140

188 2617 263 2653 seq.
309 2607 395 2642 haec
430 2608 507 2643 loca
544 2607 683 2652 (Italia)
721 2618 794 2642 mm
831 2607 928 2642 tam-i
962 2608 1142 2651 spirantes
1175 2607 1325 2643 ‘naribus
1348 2608 1463 2652 ignem
1489 2607 1668 2642 Invertere

185 2665 277 2701 eatis
295 2667 460 2702 immanis
484 2666 647 2702 dentibus
670 2666 787 2712 hydri.
