1890 3100
257 238 342 280 242
803 235 840 270 C.
865 235 1046 271 VALERI
1071 235 1246 271 FLACCI

363 355 527 406 exigere
556 355 649 393 hinc
679 355 829 393 animas
858 355 1113 408 redituraque
1145 355 1297 394 semina
1327 355 1451 394 caelo.

363 420 510 472 quippe
539 433 614 458 nec
643 420 685 458 in
712 425 864 459 ventos.
884 434 959 459 nee
987 422 1028 459 in
1057 421 1197 458 ultima
1225 420 1417 459 solvimur
1445 433 1554 469 ossa3

361 486 420 523 ira
447 491 582 524 manet
612 485 808 538 duratque
839 485 962 524 dolor.
1020 500 1110 524 cum
1139 485 1285 524 deinde
1313 485 1513 524 tremendi

363 550 414 589 ad
443 550 586 589 solium
613 563 762 589 venere
791 551 899 589 Iovis
930 557 1154 603 questuque
1184 550 1400 589 nefandam
1745 557 1800 587 385

363 615 561 654 edocuere
590 629 742 663 necem,
771 621 882 668 patet
911 616 1001 654 ollis
1031 617 1151 654 ianua
1178 616 1249 655 leti

363 686 483 733 atque
511 682 656 720 iterum
684 694 864 720 remeare
893 681 1006 730 licet3
1038 695 1171 720 comes
1201 695 1281 719 una
1311 695 1488 720 sororum

363 745 521 784 additur
551 752 590 785 et
617 747 767 798 pariter
794 752 920 785 terras
952 752 1073 799 atque
1103 761 1280 799 aequora
1308 747 1488 785 lustrant.

366 812 535 864 quisque
567 825 659 850 suos
691 817 826 850 sontes
855 812 1094 864 inimicaque
1123 818 1288 864 pectora
1315 813 1455 864 poenis

256 913 484 959 interficere,
525 912 590 948 cfr.
627 913 759 955 funera
795 913 936 947 miscere
973 913 1033 953 VI,
1071 912 1158 959 4283
1197 913 1281 958 6313
1321 914 1470 948 vulnera
1505 913 1616 959 Verg.
1655 914 1744 950 Aen.

257 973 336 1014 XII,
365 972 449 1019 72o;
485 972 571 1007 Luc.
599 972 663 1014 IH,
691 971 780 1016 3543
801 972 941 1016 proelia
968 971 1034 1007 Ov.
1066 977 1153 1008 met.
1173 973 1214 1011 V,
1243 971 1330 1019 156;
1369 972 1455 1008 Luc.
1475 974 1517 1014 V,
1543 973 1632 1019 4763
1659 973 1744 1016 VII,

258 1031 344 1074 5103
385 1030 446 1067 Sil.
473 1032 500 1072 I,
527 1031 616 1077 2663
655 1031 815 1078 11,152;
852 1030 916 1074 IX,
943 1030 1028 1073 2333
1067 1031 1110 1073 X,
1145 1031 1231 1073 4273
1270 1031 1365 1073 XIV,
1405 1031 1494 1079 5213
1543 1032 1620 1074 XV,
1658 1032 1746 1075 673;

258 1090 353 1132 XVI,
379 1090 448 1132 48;
478 1090 624 1135 Coripp.
648 1090 726 1125 Ioh.
745 1090 806 1132 IV,
825 1090 913 1132 843;
941 1091 1134 1125 certamina
1153 1089 1213 1125 Sil.
1234 1093 1274 1132 V,
1301 1090 1387 1133 3023
1414 1091 1476 1133 IX,
1495 1091 1581 1133 330;
1602 1102 1749 1137 puynas

258 1151 286 1192 Ι,
312 1149 381 1192 69;
432 1150 520 1184 bella
546 1150 590 1191 II,
618 1149 697 1184 528.

353 1209 433 1244 383.
482 1220 545 1244 nec
568 1210 608 1244 in
633 1213 753 1244 ventos
777 1231 823 1235 —
848 1210 1033 1251 solvimur3
1074 1209 1262 1244 contraria
1289 1209 1346 1244 est
1374 1209 1640 1255 Epicureorum
1665 1222 1748 1246 sen-

259 1269 381 1306 tentia
407 1269 512 1304 Lucr.
540 1271 608 1310 III,
636 1268 705 1303 456
732 1269 875 1304 dissolvi
900 1288 938 1294 -
969 1270 1131 1304 convenit
1155 1279 1289 1304 omnem
1320 1269 1456 1304 animai
1482 1269 1662 1305 Natum-am
1686 1281 1749 1306 ceu

258 1328 379 1372 fumus
403 1329 442 1363 in
467 1329 560 1363 altas
585 1329 679 1363 aeris
704 1339 825 1363 auras.

357 1398 421 1422 nec
444 1388 484 1422 in
501 1387 626 1422 ultima
641 1387 810 1422 solvimur
826 1398 908 1422 ossa
924 1388 1027 1422 recte
1045 1387 1195 1423 videtur
1211 1387 1403 1423 Burmann
1418 1388 1623 1433 explicasse
1642 1395 1748 1434 ‘quae

261 1448 426 1483 cremato
445 1446 590 1492 corpori
608 1447 829 1492 supersunff,
856 1447 922 1482 sed
939 1446 1098 1482 fortasse
1126 1446 1241 1482 etiam
1265 1447 1406 1482 dIctum
1430 1449 1488 1483 est
1513 1448 1559 1484 de
1585 1447 1748 1493 reliquiis

260 1508 498 1542 humatorum
525 1517 735 1551 corporum:
770 1517 853 1541 ossa
879 1517 953 1541 non
978 1506 1150 1541 ultimum
1176 1507 1242 1548 est,
1269 1506 1307 1541 in
1333 1507 1433 1552 quod
1457 1507 1644 1549 solvimur,
1671 1507 1749 1543 sive

262 1567 449 1602 crematur
475 1577 607 1611 corpus
633 1565 711 1601 sive
737 1566 922 1601 humatur.

357 1625 436 1661 384.
486 1626 545 1661 ira
568 1629 686 1660 manet
711 1625 884 1670 duratque
910 1625 1024 1672 dol0r3
1051 1625 1243 1670 aptissime
1268 1626 1335 1661 hos
1360 1625 1592 1671 potissimum
1621 1637 1748 1662 sensus

263 1684 376 1720 animi
400 1685 571 1721 Valerius
598 1686 668 1720 1100
693 1685 773 1720 1000
799 1684 968 1720 nominat
992 1696 1059 1730 pro
1087 1685 1210 1720 anima
1234 1685 1326 1730 ipsa,
1354 1696 1449 1730 quae
1473 1686 1559 1731 post
1589 1687 1750 1722 mortem

265 1744 428 1789 corporis
455 1745 574 1780 duret.

356 1804 437 1840 385.
486 1803 615 1840 Iovem
632 1803 803 1849 Stygium
827 1803 889 1839 vel
906 1803 1103 1839 Plutonem
1129 1804 1199 1839 hoc
1223 1804 1307 1840 loco
1334 1804 1405 1839 (1101
1430 1806 1589 1850 apparet
1615 1815 1659 1840 ex
1686 1805 1748 1846 eis,

263 1874 358 1908 quae
384 1865 600 1908 sequuntur,
629 1863 695 1898 cfr.
723 1863 771 1898 ad
795 1863 823 1904 Ι,
851 1862 931 1897 730.

357 1922 438 1958 386.
483 1926 585 1968 patet
609 1923 688 1958 ollis
711 1923 824 1957 ianua
849 1923 918 1966 leti,
938 1922 1038 1957 unde
1063 1918 1187 1957 rursus
1215 1924 1352 1958 exeant
1370 1933 1415 1958 ex
1431 1922 1576 1958 inferis:
1604 1925 1750 1959 contra-

263 1982 358 2017 rium
383 1982 570 2027 cogitatur
595 1983 657 2024 IV,
684 1982 775 2024 231;
803 1984 914 2026 Verg.
939 1982 1031 2017 Aen.
1058 1982 1104 2027 II,
1131 1981 1220 2029 6613
1247 1981 1342 2020 Stat.
1369 1981 1486 2020 Theb.
1512 1983 1578 2024 III,
1605 1982 1660 2018 68.

358 2041 437 2076 387.
488 2053 626 2077 sorores
652 2053 673 2076 a
697 2041 819 2086 poetis
844 2041 1021 2076 Romanis
1041 2041 1214 2076 dicuntur
1240 2042 1305 2076 aut
1323 2041 1470 2082 Furiae,
1497 2042 1539 2076 ut
1564 2042 1634 2077 hoc
1659 2041 1750 2085 loco,

266 2100 332 2136 Ov.
357 2102 445 2136 met.
473 2102 533 2142 IV,
560 2101 648 2147 4503
674 2101 762 2142 470;
790 2101 851 2140 Vl,
879 2100 968 2147 6623
998 2100 1040 2141 X,
1068 2101 1157 2144 3143
1188 2100 1273 2143 349;
1309 2100 1402 2136 Stat.
1429 2100 1510 2137 silv.
1535 2101 1579 2142 H,
1607 2102 1638 2142 1,
1665 2100 1749 2142 185;

263 2159 380 2196 Theb.
409 2161 449 2202 V,
477 2160 563 2202 201;
600 2160 682 2204 XII,
709 2160 794 2202 647;
835 2160 944 2196 Drac.
971 2160 1028 2196 ed.
1055 2161 1094 2195 B.
1121 2160 1167 2202 X,
1193 2160 1280 2207 4653
1316 2160 1403 2203 5293
1438 2160 1522 2196 Sen.
1549 2159 1639 2197 Oed.
1668 2161 1749 2202 161;

263 2220 395 2264 Agam.
423 2219 508 2262 759;
536 2220 649 2254 Prud.
674 2219 712 2254 in
730 2220 866 2264 symm.
893 2225 918 2261 Ι,
945 2219 1030 2261 361;
1059 2221 1124 2254 aut
1151 2219 1289 2265 Musae,
1316 2220 1359 2254 ut
1376 2220 1487 2265 Verg.
1515 2219 1581 2257 eol.
1598 2220 1660 2261 VI,
1687 2219 1750 2263 65,

263 2279 345 2314 Tib.
363 2278 430 2324 ΠΙ,
449 2279 481 2320 4,
500 2279 562 2326 453
588 2279 696 2324 Prop.
716 2279 759 2320 H,
779 2279 834 2320 30,
855 2279 917 2323 273
943 2280 1007 2319 III,
1028 2279 1058 2319 1,
1080 2279 1140 2321 17;
1169 2279 1233 2315 Ov.
1258 2279 1354 2314 trist.
1381 2276 1428 2324 II,
1453 2279 1514 2321 13;
1540 2279 1601 2320 IV,
1633 2279 1663 2322 1,
1688 2278 1750 2321 29;

263 2341 307 2382 V,
333 2339 365 2380 3,
395 2339 456 2380 17;
496 2337 590 2374 Stat.
627 2338 707 2374 silv.
743 2344 768 2380 Ι,
795 2338 826 2379 2,
864 2338 924 2380 1Ο;
963 2338 1080 2374 Theb.
1106 2338 1168 2380 IX,
1196 2338 1283 2380 317;
1322 2339 1457 2384 poetae
1492 2338 1580 2374 min.
1614 2338 1672 2374 ed.
1707 2338 1751 2373 B.

264 2398 361 2440 XIX,
390 2398 420 2439 1,
446 2397 507 2439 353
534 2397 677 2432 Paulin.
705 2397 751 2432 de
775 2397 855 2431 vita
878 2397 988 2432 Mart.
1011 2400 1039 2439 I,
1068 2396 1156 2440 3033
1182 2397 1348 2442 V1,340;
1374 2396 1504 2432 Alcim.
1522 2397 1589 2433 Av.
1610 2397 1671 2439 VI,
1692 2397 1751 2442 163

265 2458 330 2493 aut
360 2457 548 2503 Nymphae
578 2455 640 2491 Sil.
667 2456 748 2497 VII,
780 2456 865 2498 414;
902 2456 1000 2498 VIII,
1029 2456 1120 2503 198;
1158 2456 1271 2502 longe
1305 2457 1432 2492 autem
1455 2456 1624 2502 plurimis
1661 2446 1752 2493 locis

266 2518 415 2559 Parcae,
444 2516 545 2552 cuius
570 2515 732 2551 notionis
760 2516 930 2560 exempla
957 2515 1092 2551 afferre
1117 2528 1192 2551 non
1218 2527 1309 2561 opus
1336 2517 1403 2551 est.

360 2576 440 2612 388.
491 2580 605 2611 terras
630 2579 734 2620 atque
759 2586 914 2619 aequora
938 2576 1110 2610 lustrant.-
1135 2575 1221 2612 Luc.
1251 2575 1294 2616 V,
1321 2574 1407 2622 3473
1432 2575 1496 2616 IX,
1525 2570 1626 2612 1057.

360 2635 439 2671 389.
490 2636 635 2680 quisque
650 2646 734 2670 suos
756 2638 872 2669 sontes
891 2638 937 2659 —'
946 2635 1076 2678 poenis
1091 2635 1252 2679 implicat
1274 2634 1296 2668 i.
1317 2645 1348 2670 e.
1375 2634 1749 2675 suosinterfectores.

265 2706 486 2740 magnacum
507 2694 665 2729 audacia
675 2696 713 2729 et
720 2705 871 2739 prorsus
880 2693 1032 2738 praeter
1047 2694 1352 2729 consuetudinem
1366 2693 1523 2740 dictum;
1539 2693 1605 2731 cfr.
1615 2694 1664 2730 ad
1671 2694 1750 2730 313.
