1890 3100
625 277 1009 314 ABGONAVTIOON
1034 277 1179 312 LIBER
1203 277 1266 312 VI.
1447 310 1451 313 A
1596 279 1684 321 415

309 399 374 437 hic
403 404 443 437 et
471 397 635 436 odorato
664 398 860 449 spirantes
888 397 997 435 crine
1024 396 1183 447 Mycaei

310 463 595 515 Cessaeaeque
622 476 775 510 manus,
805 468 846 500 et
873 462 941 514 qui
966 467 1036 499 tua
1062 461 1202 512 iugera
1229 460 1404 498 nondum
1687 472 1741 502 130

311 530 430 575 eruis,
459 529 605 579 ignotis
633 528 768 566 insons
796 528 1005 578 Arimaspe
1032 525 1217 572 metallis,

311 594 452 632 doctus
481 599 521 632 et
548 593 755 631 Auchates
781 592 918 643 patulo
945 604 1049 642 vaga
1075 591 1236 629 vincula
1262 605 1363 642 gyro

313 671 500 711 spargere
530 663 570 696 et
598 663 796 696 extremas
823 656 979 708 laqueis
1007 655 1206 694 adducere
1232 663 1395 694 turmas·

311 738 392 762 non
421 737 496 775 ego
524 722 753 774 sanguineis
780 728 1007 773 gestantem
1033 727 1225 773 tympana
1252 721 1371 760 bellis

311 789 596 839 Thyrsageten
624 788 875 839 cinctumque
902 787 1016 837 vagis
1044 792 1135 838 post
1161 793 1276 838 terga
1304 786 1430 825 silebo
1686 793 1739 821 135

311 852 485 905 pellibus
513 858 554 890 et
582 865 707 890 nexas
734 851 971 889 viridantem
997 851 1159 889 floribus
1188 852 1336 889 hastas.

311 918 429 963 fama,
458 901 600 955 dudem
627 917 735 955 Iovis
765 923 806 954 et
834 916 977 954 Cadmi
1005 915 1055 954 de
1085 917 1278 967 sanguine
1309 917 1511 954 Bacchum

311 983 387 1021 hac
416 995 575 1034 quoque
602 981 801 1026 turiferos,
829 981 963 1019 felicia
990 994 1126 1032 regna,
1157 981 1348 1028 Sabaeos,

302 1095 380 1130 129.
428 1095 562 1140 mycael
584 1093 679 1133 Van,
714 1093 856 1138 Myeaa·
879 1093 1024 1138 scripsi,
1057 1095 1100 1127 ut
1131 1093 1250 1128 latina
1274 1093 1410 1129 saltem
1435 1095 1553 1129 forma
1578 1094 1684 1129 resti-

205 1156 395 1191 tueretur:
420 1154 547 1198 Myeos
571 1153 741 1188 nominat
763 1152 975 1187 Herodotus
999 1151 1067 1190 ΠΙ,
1093 1152 1139 1186 93
1165 1154 1203 1187 et
1227 1152 1305 1190 V11,
1330 1152 1386 1188 68.

305 1225 383 1261 130.
435 1224 660 1268 Cessaeaeque
692 1224 789 1259 Vat..
828 1222 1065 1268 Cossaeaoque
1100 1223 1248 1268 scripsi:
1287 1223 1436 1259 Cossaei
1472 1235 1564 1269 gens
1601 1225 1687 1260 erat

209 1284 387 1320 Susianae
411 1282 645 1322 Strauxw,
672 1283 703 1323 1,
730 1283 793 1325 173
817 1282 911 1318 Plin.
932 1282 992 1318 VI.
1019 1283 1103 1323 134;
1129 1282 1283 1327 insignis
1309 1281 1448 1318 ferocia
1473 1285 1512 1318 et
1537 1283 1686 1318 fortitu-

210 1343 296 1380 dine
322 1343 428 1379 Diod.
454 1342 571 1383 XVII,
599 1342 686 1388 1113
713 1341 836 1376 Strab.
862 1341 925 1381 XI,
953 1341 1007 1381 13,
1033 1342 1067 1377 6.

302 1414 382 1449 131.
430 1413 487 1448 De
518 1413 722 1457 Axima-spis
757 1412 927 1448 fabulosa
959 1412 1182 1457 Scytharum
1216 1413 1330 1458 gente
1368 1412 1433 1448 cfr.
1461 1413 1596 1449 Herod.
1621 1413 1685 1455 VI,

207 1474 270 1515 27;
307 1472 377 1513 ΙΙΙ,
403 1473 488 1514 116;
526 1472 589 1516 IV,
616 1472 678 1513 13;
715 1472 807 1506 Plin.
834 1471 916 1512 VH,
943 1472 1003 1512 10;
1043 1483 1104 1507 eos
1140 1483 1230 1507 auro
1262 1483 1385 1507 eomas
1421 1472 1558 1517 ligasse
1596 1472 1688 1508 dicit

207 1532 295 1569 Luc.
331 1533 396 1578 III7
419 1531 505 1573 281;
544 1530 610 1567 cfr.
636 1530 717 1575 VII,
742 1530 812 1565 756
837 1532 877 1566 et
901 1531 999 1575 quod
1032 1531 1079 1566 de
1103 1531 1228 1567 Arone
1262 1531 1412 1576 eiusque
1443 1532 1551 1567 sociis
1576 1543 1689 1577 supra

205 1587 374 1627 narravit
396 1590 520 1626 Valer.
545 1590 587 1631 V,
613 1590 684 1625 588
709 1601 829 1636 seqq.;
871 1589 1090 1625 fortissimos
1123 1601 1203 1626 esse
1226 1590 1384 1625 tradunt
1407 1591 1520 1626 Prisc.
1545 1591 1687 1637 perieg.

206 1651 255 1685 40
279 1652 318 1686 et
340 1650 471 1686 Avien.
497 1650 575 1685 orb.
602 1649 658 1684 55.
707 1649 876 1684 Valerius
910 1649 990 1695 ipse
1023 1649 1173 1685 videtur
1206 1649 1372 1690 finxisse,
1412 1650 1464 1686 eis
1495 1650 1688 1695 Argonau-

206 1710 331 1744 tarum
352 1712 524 1754 tempore
546 1720 654 1743 usum
678 1708 758 1743 auri
781 1708 947 1743 nondum
971 1710 1101 1744 notum
1126 1708 1250 1745 fuisse.

303 1768 381 1804 132.
431 1769 611 1803 Auchetae
636 1779 728 1812 gens
753 1767 975 1812 Scytharum
998 1779 1117 1813 prope
1141 1767 1298 1803 Tanaim
1327 1769 1502 1803 habitans
1528 1780 1687 1804 comme-

206 1829 374 1863 moratur
410 1838 434 1861 a
472 1826 567 1862 Plin.
606 1828 683 1862 nat.
724 1826 809 1862 hist.
841 1826 903 1867 IV,
944 1826 992 1861 88
1022 1828 1062 1863 et
1094 1827 1157 1868 VL
1194 1828 1256 1862 ‘222
1297 1829 1483 1863 Auchassas
1519 1828 1689 1863 nominat

207 1886 343 1922 Herod.
369 1886 431 1927 IV,
456 1886 489 1921 6.

302 1945 382 1981 133.
432 1945 523 1980 Cum
547 1946 798 1991 superlatione
815 1957 877 1982 eos
894 1948 1009 1991 poelza
1027 1947 1212 1981 extremas
1231 1948 1374 1980 turmas
1390 1946 1414 1980 i.
1433 1957 1463 1981 e.
1481 1946 1543 1981 vel
1566 1957 1687 1982 remo-

206 2004 368 2040 tissimos
393 2005 520 2040 hostes
543 2005 685 2049 laqueis
710 2005 874 2040 irretitos
899 2005 949 2040 ad
973 2016 1012 2040 se
1035 2006 1188 2040 trahere
1213 2005 1323 2046 dicim
1361 2005 1462 2041 idem
1495 2005 1615 2040 tradit
1639 2005 1687 2041 de

209 2062 391 2108 Sagartn'is
415 2063 553 2099 Herod.
578 2062 659 2103 VII,
685 2062 748 2104 85;
774 2063 822 2098 de
847 2063 1076 2098 Sanromatis
1100 2063 1208 2099 Pam.
1235 2063 1263 2100 L
1289 2064 1346 2100 21.
1371 2063 1404 2099 8.

304 2134 382 2168 135.
438 2134 676 2180 Περι-Βαράκ
710 2134 772 2169 vel
795 2134 1051 2179 Thyssagetae
1088 2145 1179 2179 gens
1215 2135 1362 2180 saepius
1396 2136 1688 2170 commemorata

208 2192 417 2229 Sarmatiae
441 2193 644 2228 Asiaticae:
685 2193 821 2230 Herod.
859 2193 921 2229 IV.
947 2193 1010 2238 22;
1049 2193 1133 2235 123;
1173 2194 1262 2228 Plin.
1302 2194 1381 2230 nat.
1416 2194 1500 2230 hist.
1529 2193 1587 2233 VL
1623 2194 1687 2236 19;

207 2251 336 2298 Pomp.
362 2252 447 2288 Mel.
473 2252 502 2296 1,
529 2252 583 2288 19.
611 2251 665 2286 19.
716 2251 817 2294 Quae
842 2251 1011 2287 Valerius
1043 2252 1090 2288 de
1116 2252 1167 2288 eis
1192 2255 1332 2292 narrat,
1365 2264 1409 2288 ex
1434 2253 1582 2288 nomine
1607 2253 1688 2299 ipso

208 2311 332 2356 geniis
356 2311 473 2347 finxit.
514 2311 724 2351 non-silebm
751 2310 818 2346 cfr.
843 2311 954 2356 Verg.
979 2311 1069 2347 Aen.
1096 2311 1139 2347 X.
1164 2312 1253 2358 793;
1278 2312 1364 2347 Hor.
1392 2324 1422 2348 c.
1447 2311 1475 2347 L
1504 2312 1558 2351 12,
1583 2313 1639 2347 21.

304 2369 384 2406 136.
431 2381 544 2405 naas
578 2371 788 2405 viridantem
821 2371 970 2413 floribus
1005 2372 1131 2407 hastas
1166 2371 1188 2406 i.
1214 2383 1246 2407 e.
1272 2371 1409 2407 virides
1442 2371 1686 2413 efficientem3

210 2427 1689 2466 efr.0v.haL9o-numvadasubnatisimoviridenturabherbazsznaas

209 2485 233 2522 i.
259 2497 291 2523 e.
316 2486 467 2528 cinctas,
494 2488 785 2533 circumligatas,
810 2488 862 2524 sic
886 2489 1032 2535 saepius
1058 2490 1156 2535 apud
1179 2492 1332 2536 poetas:
1360 2490 1442 2526 Val.
1467 2491 1510 2530 V,
1537 2489 1599 2529 792
1625 2489 1686 2527 VI,

209 2543 298 2587 297;
323 2545 434 2590 Verg.
461 2549 551 2583 Aen.
575 2547 618 2586 V,
657 2546 745 2591 3093
781 2546 848 2584 Ov.
876 2548 954 2584 her.
982 2547 1029 2584 Π.
1069 2549 1153 2590 141;
1190 2549 1232 2587 V,
1267 2549 1331 2594 483
1370 2559 1484 2584 amor.
1510 2549 1537 2584 I.
1563 2549 1598 2586 2,
1622 2549 1686 2590 23;

211 2602 300 2639 snat.
326 2603 355 2645 Ι,
379 2604 467 2646 412;
492 2615 538 2640 ex
562 2605 670 2640 Pont.
697 2604 744 2640 [L
770 2605 802 2645 2,
827 2605 891 2648 82;
917 2606 987 2646 111„
1014 2608 1045 2643 1.
1073 2607 1157 2647 123;
1189 2607 1283 2643 Stat.
1309 2608 1399 2642 Ach.
1426 2607 1455 2651 I,¹
1483 2607 1543 2653 10;
1568 2607 1684 2642 Theb.

213 2660 278 2703 VI,
302 2661 388 2703 921;
413 2662 495 2703 Vn,
523 2663 609 2706 1703
635 2664 745 2699 Prud.
769 2665 897 2710 perist.
923 2665 966 2701 X.
994 2665 1095 2700 1014.

307 2733 387 2771 138.
435 2738 519 2769 tura
541 2735 770 2771 Sabaeorum
807 2736 1021 2782 saepissime
1047 2737 1261 2772 laudantur.
1294 2738 1397 2773 velut
1421 2738 1532 2782 Verg.
1558 2748 1684 2781 georg.
