1890 3100
628 262 1017 300 ARGONAVTICON
1039 263 1187 297 LIBER
1211 263 1241 298 1.
1621 264 1676 306 31

303 391 396 424 ante
425 385 552 431 deam,
571 396 700 443 quam
726 388 769 421 te
796 382 947 420 tonitru
972 386 1155 432 nutuque
1182 381 1341 432 reposci
1486 429 1489 431 Α
1677 391 1715 420 85

302 436 559 501 {oniufflt
578 448 710 486 subita
736 453 891 499 raptam
918 445 1129 485 formidine
1156 444 1251 493 vidi,

301 514 354 553 da
381 514 588 566 Scythiam
613 513 857 564 Phasimque
885 512 1003 560 mihi;
1040 517 1178 563 tuque,
1207 510 1359 548 innuba
1386 509 1533 565 Pallas,

302 580 411 631 eripe
437 592 515 618 me.
568 578 714 616 vestris
744 583 905 629 egomet
931 582 1016 615 tum
1043 576 1199 614 vellera
1225 575 1386 627 templis

298 645 370 683 illa
397 642 660 692 dabossdabit
688 643 855 681 auratis
853 648 931 697 et
923 641 1121 680 cornibus
1148 642 1233 693 igni

300 709 404 748 colla
429 714 544 760 pater
569 708 758 760 niveique
787 721 932 759 greges
961 707 1103 745 altaria
1131 706 1319 758 cingent.’
1676 717 1714 745 90

0 804 3 811 '
0 563 17 731 ”““””“”,*Ἷ““’“·“,”“
0 487 14 552 Vm
0 349 16 470 wanw-

307 831 365 868 86.
401 833 525 868 subita
544 832 734 875 formidine
756 831 782 868 i.
802 843 833 868 e.
851 831 976 877 specie
999 830 1171 866 terribili,
1198 841 1295 875 quae
1319 830 1444 866 subito
1470 830 1602 865 exorta
1619 830 1677 864 est

190 891 335 928 tonitru
357 891 540 933 indicatam
571 891 624 926 sic
648 891 755 926 Lucr.
782 892 844 932 IV,
871 891 938 925 171
965 894 1066 925 atrae
1087 890 1294 933 formidini-3
1316 900 1381 925 ora
1415 890 1503 924 sunt
1532 889 1676 934 species

0 985 10 1006 ί
191 950 466 992 formidolosae,
494 950 701 995 eademque
724 950 872 985 ratione
896 949 1160 995 explicandum
1194 950 1252 984 est
1276 949 1378 994 apud
1404 948 1467 985 Sil.
1495 951 1566 989 ΙΙΙ
1606 948 1674 982 167

0 1011 17 1063 ᾖ
189 1010 347 1046 inmissa
368 1010 504 1054 rumpit
524 1010 715 1052 formidine
737 1020 894 1044 somnos:
918 1009 1061 1054 rumpit
1096 1009 1178 1043 visu
1214 1010 1397 1043 nocturno
1434 1007 1675 1043 formidoloso

0 1062 19 1077 '⁴
190 1081 354 1112 somnos;
370 1068 435 1104 cfr.
451 1069 567 1105 etiam
578 1069 689 1114 Verg.
706 1068 842 1113 Georg.
845 1068 908 1109 IV,
921 1067 991 1103 468
1005 1069 1215 1113 calmontem
1227 1079 1334 1112 myra
1343 1067 1536 1110 formidine
1544 1068 1673 1101 lumem

307 1128 363 1163 87.
402 1128 449 1163 da
490 1128 674 1174 Scythiam
716 1129 933 1172 Phasimque
968 1128 1056 1162 mihi
1097 1126 1333 1162 memorabili
1375 1125 1676 1171 breviloquentia

191 1187 341 1229 dictum,
374 1187 422 1223 de
446 1199 520 1232 qua
543 1187 630 1222 vide
661 1187 947 1232 praefationem.
980 1187 1075 1221 Iuno
1106 1198 1182 1221 non
1212 1186 1333 1221 solum
1357 1185 1515 1221 favebat
1536 1185 1673 1226 Iasoni,

191 1246 291 1291 quod
312 1246 345 1281 is
371 1246 406 1282 ei
430 1257 540 1291 opem
563 1245 754 1281 laboranti
770 1245 868 1286 tulit,
895 1246 962 1281 sed
982 1245 1107 1286 etiam,
1134 1245 1235 1290 quod
1264 1245 1347 1290 ipsa
1370 1245 1500 1281 Peliae
1523 1244 1675 1279 inimica

191 1307 284 1351 erat,
309 1305 375 1341 cfr.
400 1305 573 1350 Apollod„
598 1308 627 1345 Ι,
653 1305 686 1346 9,
712 1305 744 1346 8,
771 1305 812 1351 33
839 1307 868 1346 Ι,
894 1304 927 1346 9,
954 1305 1010 1346 16,
1036 1305 1070 1341 4.

305 1364 363 1400 88.
401 1366 498 1410 eripe
519 1376 573 1400 me
596 1376 646 1400 sc.
671 1364 857 1410 periculis,
895 1365 1067 1400 absolute
1096 1364 1271 1410 positum.
1309 1364 1415 1409 quasi
1451 1374 1561 1399 serva
1596 1374 1656 1398 me
1664 1377 1672 1405 ;

188 1425 242 1460 sic
266 1424 379 1460 etiam
405 1435 441 1460 v.
465 1424 551 1465 225;
578 1426 639 1463 IV,
666 1424 752 1465 272;
780 1423 841 1459 Sil.
862 1427 924 1465 IX,
951 1424 1021 1458 432
1044 1435 1137 1468 seq.:
1165 1424 1275 1468 erepti
1304 1423 1429 1458 Ἰῖεἱπα
1453 1423 1503 1457 ad
1521 1423 1672 1466 flumina

182 1483 305 1528 patris
327 1483 483 1528 Exigere
497 1503 544 1509 -
554 1493 710 1527 poena-53
737 1482 821 1518 Sen.
848 1482 1000 1527 Thyest.
1026 1482 1119 1517 428:
1145 1483 1280 1525 reflecte
1302 1493 1462 1527 gressum
1486 1482 1570 1516 dum
1593 1482 1672 1516 licet

188 1547 288 1592 teque
310 1542 423 1586 eripe,-
445 1542 605 1579 Venant.
631 1542 733 1577 Fort.
758 1542 824 1577 vit.
850 1542 962 1577 Mart.
988 1543 1050 1581 IV,
1076 1542 1157 1576 417:
1185 1541 1343 1577 Martini
1359 1541 1457 1587 deus,
1482 1542 1579 1586 eripe
1593 1552 1669 1582 nos;
1689 1582 1695 1586 ‚

187 1600 253 1637 cfr.
281 1600 348 1637 Ov.
372 1602 461 1637 met.
486 1603 586 1643 XIV,
612 1601 691 1637 540.

270 1685 273 1687 -
305 1659 452 1706 Mirum,
476 1660 576 1705 quod
598 1661 711 1695 Iason
733 1660 964 1706 paucissimis
994 1661 1144 1695 tantum
1167 1660 1293 1697 verbis
1317 1660 1509 1696 Minervae
1533 1660 1673 1706 suppli-

189 1721 262 1766 cat,
285 1730 406 1764 neque
432 1731 582 1754 causam
604 1719 722 1763 addit,
748 1731 812 1754 cur
827 1722 981 1765 praeter
998 1720 1182 1755 Iunonem
1198 1721 1295 1755 hanc
1311 1719 1546 1765 potissimum
1563 1719 1673 1754 deam

187 1779 348 1823 invocet,
384 1778 451 1814 sed
487 1789 535 1814 ne
558 1780 674 1824 poeta
699 1778 849 1823 quidem
873 1779 1028 1822 indicat,
1065 1790 1139 1824 qua
1163 1790 1204 1814 re
1230 1779 1418 1814 commota
1442 1778 1613 1814 Minerva
1639 1778 1673 1814 ei

189 1838 367 1873 auxilium
393 1837 504 1874 ferat.
555 1837 692 1873 Carere
718 1840 846 1874 autem
870 1838 948 1874 eius
974 1850 1045 1884 ope
1069 1838 1156 1874 ideo
1174 1851 1251 1874 non
1266 1839 1421 1884 poterat
1436 1838 1560 1882 Iason,
1585 1838 1673 1883 quia

188 1897 353 1933 nondum
377 1897 482 1932 navis
507 1897 555 1932 ab
581 1897 791 1932 hominibus
817 1898 1018 1933 aedificata
1054 1899 1154 1939 erat;
1193 1898 1293 1943 apud
1319 1897 1510 1943 Orpheum
1532 1897 1671 1942 Argon.

187 1956 235 1991 66
258 1967 334 2001 seq.
359 1956 442 2002 ipsa
466 1956 559 1992 Iuno
577 1956 684 1992 iubet
708 1956 917 1992 Minervam
941 1968 1078 1992 navem
1097 1957 1285 1992 fabricari.
1327 1956 1411 1991 Iam
1434 1968 1519 1991 cum
1535 1956 1672 1992 auxilio

187 2014 379 2052 Minervae
403 2015 509 2050 navis
535 2015 734 2051 aedificata
752 2017 860 2058 esset,
886 2016 1001 2052 etiam
1019 2017 1310 2051 consentaneum
1329 2017 1421 2061 erat,
1448 2016 1545 2050 hanc
1562 2016 1674 2051 deam

187 2075 276 2111 mvi
298 2075 340 2111 et
362 2075 487 2110 nautis
510 2075 751 2120 patrocinari.

305 2133 363 2170 89.
399 2133 480 2169 Mos
521 2145 659 2170 cornua
699 2134 906 2170 hostiarum
953 2146 1043 2170 auro
1091 2134 1248 2170 ornandi
1294 2134 1370 2169 iam
1418 2146 1463 2170 ex
1510 2135 1672 2170 Homero

187 2194 313 2228 notus:
340 2192 408 2229 cfr.
435 2193 502 2229 od„
529 2196 598 2238 III,
623 2193 709 2235 384;
734 2194 806 2228 432
831 2204 952 2238 seqq.;
978 2194 1022 2229 Π.
1048 2194 1091 2239 Χ,
1118 2193 1204 2235 294;
1237 2193 1320 2229 Val,
1347 2196 1418 2236 ΙΙΙ,
1442 2194 1527 2234 431;
1559 2194 1671 2239 Vei-g.

186 2252 279 2288 Aen.
305 2255 368 2296 IX,
392 2252 480 2294 627;
520 2252 587 2288 Ov.
610 2254 700 2288 met.
725 2255 809 2299 VII,
837 2253 920 2294 161;
947 2253 990 2294 X,
1017 2253 1103 2295 271;
1135 2252 1219 2288 Sen.
1240 2252 1331 2288 Oed.
1350 2253 1435 2294 137;
1461 2252 1569 2288 Herc.
1589 2253 1670 2288 Oet.

189 2309 275 2353 785;
300 2310 382 2346 Tib.
407 2314 471 2355 IV,
498 2311 529 2357 1,
555 2311 611 2347 15.

228 2364 233 2371 ”
304 2369 363 2406 Et
403 2369 613 2406 coniunctio
650 2370 812 2406 secundo
849 2371 1033 2406 vocabulo
1088 2370 1299 2406 sententiae
1336 2370 1549 2416 postposita
1586 2382 1671 2406 raro

187 2428 374 2475 reperitur
398 2429 499 2474 apud
522 2429 731 2464 Valerium:
757 2429 807 2470 II,
833 2430 898 2471 53;
928 2433 967 2471 V,
996 2430 1056 2471 12;
1094 2432 1178 2473 VII,
1205 2430 1292 2471 185;
1319 2432 1425 2473 VIII,
1452 2429 1513 2471 29;
1550 2430 1671 2476 primo

186 2487 423 2534 postponitur
459 2488 685 2534 saepissime,
721 2489 827 2524 velut
852 2491 882 2534 Ι,
908 2488 973 2531 95;
1015 2489 1098 2530 119;
1134 2489 1222 2531 370:
1254 2489 1343 2530 37&
1382 2488 1468 2530 449;
1501 2489 1588 2530 461:
1629 2492 1670 2531 Π,

188 2547 250 2589 74;
274 2547 361 2589 423;
387 2547 840 2593 111,44;316;435;589;
859 2548 944 2590 723;
971 2551 1036 2589 IV,
1062 2549 1124 2590 52;
1145 2548 1333 2590 207330&
1353 2548 1440 2589 543;
1467 2548 1552 2588 6463
1585 2547 1669 2589 74ος

189 2608 231 2649 V,
249 2605 335 2648 151;
359 2606 445 2648 427;
469 2606 557 2648 430;
582 2606 625 2647 V,
644 2606 730 2648 534;
755 2606 819 2651 VI,
844 2607 931 2649 433;
958 2606 1145 2652 739;V11,
1165 2607 1251 2649 107;
1269 2607 1355 2648 5013
1374 2607 1459 2648 554;
1479 2609 1583 2644 VIII.
1608 2606 1669 2647 51:

190 2664 274 2707 168;
300 2665 386 2707 278;
411 2664 497 2707 30&
521 2665 601 2700 314.
638 2666 730 2701 Post
746 2668 919 2711 quartum
939 2666 1034 2702 adeo
1051 2666 1189 2711 legitur
1207 2666 1309 2711 apud
1327 2666 1391 2701 Ov.
1412 2677 1457 2701 ex
1474 2665 1513 2700 P.
1532 2668 1562 2704 I.
1578 2665 1670 2710 4,·20.

305 2723 363 2761 90.
387 2725 537 2769 patrem
549 2724 783 2760 Burmannus
800 2725 989 2770 intellegit
1001 2727 1151 2770 patrem
1164 2725 1301 2770 gregis,
1321 2725 1489 2769 arietem,
1503 2724 1671 2768 Wagner
