1890 3100
228 249 314 293 212
745 247 783 285 C.
809 247 990 283 VALERI
1016 248 1191 284 FLACOI

333 366 509 415 advehit,
540 373 580 406 at
608 368 777 406 miserae
808 368 1011 407 declinant
1039 369 1191 408 lumina
1218 369 1398 408 Thebae.

332 434 492 485 iamque
523 433 624 472 adeo
652 446 728 472 nec
757 439 872 486 porta
901 433 1044 473 ducem
1072 448 1148 473 nec
1177 448 1282 486 pone
1312 440 1489 473 moratur

333 499 522 537 excubias
553 499 692 537 sortita
720 513 873 547 manuS,
905 513 1008 552 quae
1037 501 1165 552 prima
1192 500 1342 539 furenti

333 563 511 612 advolat,
541 564 634 603 hinc
663 564 731 603 alii
760 565 944 612 subeunt,
975 571 1018 603 ut
1047 566 1229 617 proxima
1258 579 1443 618 quaeque

331 630 536 668 intremuit
565 629 704 668 domus
735 635 775 669 et
804 636 934 669 motus
964 631 1121 683 accepit
1148 631 1301 669 inanes.

386 697 441 734 At
466 696 628 747 Minyas
659 709 808 748 anceps
836 696 923 734 fixit
950 709 1094 748 pavor3
1126 710 1248 748 aegra
1276 697 1451 735 virorum

332 761 453 800 corda
479 761 629 808 labant,
659 775 735 800 nec
765 775 868 814 quae
896 762 1008 813 regio
1039 767 1106 800 aut
1135 762 1374 810 discrimina,
1406 767 1585 810 cernunt,

334 841 404 865 cur
432 826 575 878 galeae
606 826 807 879 clipeique
835 828 995 874 micent,
1026 841 1120 865 num
1149 828 1322 879 pervigil
1351 827 1468 866 armis

333 957 460 996 donec
490 963 531 996 et
558 958 675 996 hasta
702 957 842 996 volans
871 958 1034 996 immani
1061 957 1220 996 turbine
1249 959 1432 997 transtris

332 1023 507 1061 insonuit
535 1023 767 1075 monuitque
798 1028 924 1061 ratem
953 1036 1094 1074 rapere
1125 1023 1243 1061 obvia
1272 1036 1394 1062 caeca

226 1160 322 1196 Stat.
348 1160 465 1196 Theb.
491 1159 560 1201 ΠΙ,
589 1159 675 1206 187;
703 1159 816 1195 schol.
844 1159 940 1196 Stat.
967 1159 1084 1196 Theb.
1111 1159 1138 1200 I,
1166 1159 1254 1201 230;
1274 1159 1369 1205 Hyg.
1389 1159 1466 1196 fab.
1484 1161 1523 1203 4,
1542 1160 1575 1205 ὃς
1594 1161 1717 1206 atque,

226 1224 268 1255 ut
292 1219 452 1260 videtur,
479 1219 651 1265 Apollod.
678 1218 746 1261 III,
773 1219 805 1264 4,
833 1219 865 1263 3,
893 1222 925 1256 5.

321 1291 378 1329 69.
428 1291 607 1327 declinant
633 1291 786 1326 lumina:
816 1290 950 1345 Catull.
978 1290 1033 1331 69,
1061 1290 1117 1326 91.

322 1363 378 1398 ²70.
429 1363 508 1398 Rex
534 1362 665 1409 praeit,
693 1362 772 1398 sine
796 1373 902 1398 mora
928 1364 1131 1408 sequuntur
1155 1361 1288 1407 vigiles
1315 1362 1488 1398 excubias
1506 1363 1638 1405 sortiti,
1664 1363 1719 1398 ita
1740 1380 1747 1385 -

227 1424 269 1457 ut
293 1434 359 1458 rex
386 1433 448 1458 eos
474 1423 673 1467 sequentes
701 1423 920 1467 exspectare
945 1433 1020 1457 non
1046 1422 1195 1457 debeat.

322 1494 377 1529 72.
427 1494 509 1529 hinc
533 1494 556 1529 i.
584 1505 614 1531 e.
642 1494 787 1534 deinde,
816 1493 883 1530 cfr.
911 1493 959 1535 II,
986 1494 1066 1531 447.

323 1566 378 1600 74.
429 1576 559 1610 anceps
586 1576 714 1610 pavor,
754 1565 816 1610 qui
854 1565 1043 1601 hominem
1081 1565 1235 1600 dubium
1272 1565 1374 1610 facit,
1413 1565 1465 1601 sic
1503 1577 1535 1601 α.
1566 1566 1720 1608 formido

228 1625 340 1671 Verg.
365 1626 456 1661 Aen.
483 1624 550 1670 ΙΙΙ,
576 1624 639 1667 47;
666 1626 771 1660 timor
796 1624 858 1660 Sil.
885 1624 951 1665 III,
979 1625 1059 1660 557.

323 1696 432 1731 aeyra
457 1685 570 1721 corda
595 1685 666 1720 hoc
691 1684 773 1719 loco
799 1685 886 1719 sunt
909 1684 1023 1730 plena
1048 1684 1210 1727 timoris;
1249 1684 1301 1719 sic
1339 1684 1456 1720 etiam
1480 1684 1576 1720 Stat.
1602 1684 1720 1723 Theb.

228 1744 289 1787 IV,
308 1745 395 1786 408;
422 1743 570 1786 Si1.111‚
591 1744 653 1785 72;
680 1743 770 1790 214;
797 1743 877 1785 VII,
897 1744 984 1786 722;
1012 1744 1076 1788 XI,
1095 1743 1156 1790 553
1182 1743 1268 1786 329;
1294 1744 1374 1786 XV,
1397 1744 1480 1786 135;
1507 1744 1623 1790 XVII,
1641 1744 1719 1779 170.

324 1816 380 1851 76.
429 1816 520 1852 Post
548 1817 647 1852 hunc
675 1827 825 1852 versum
853 1816 1032 1851 nonnulla
1059 1815 1294 1858 exciderunt3
1321 1827 1460 1858 versus,
1492 1816 1554 1861 qui
1572 1817 1655 1852 erat
1682 1816 1720 1851 in

229 1876 398 1921 margine
440 1876 519 1911 cod.
561 1875 746 1911 Carrionis
783 1876 895 1911 hostis
932 1879 964 1911 et
1001 1876 1107 1911 exciti
1144 1875 1226 1915 dent
1270 1876 1374 1911 obvia
1411 1876 1553 1920 proelia
1592 1875 1719 1921 Colchi,

228 1935 364 1971 merito
390 1935 636 1980 improbatur.

324 1994 381 2030 78.
429 1995 577 2030 immani
601 1995 742 2030 turbine
767 1994 814 2030 de
840 1994 995 2030 fulmine
1022 2006 1044 2029 a
1069 1994 1160 2030 Iove
1185 1994 1297 2030 misso
1324 1994 1466 2030 dictum
1490 1993 1603 2039 Verg.
1628 1997 1719 2031 Aen.

228 2054 289 2096 VI,
317 2054 402 2096 594;
431 2054 574 2100 cogitat
598 2054 770 2090 Valerius
796 2054 843 2089 de
869 2055 980 2089 hasta
1006 2055 1248 2094 ammentata,
1269 2065 1363 2099 quae
1381 2064 1471 2090 sane
1488 2053 1720 2100 temporibus

229 2113 385 2149 heroicis
411 2114 575 2149 nondum
601 2114 640 2149 in
665 2126 734 2149 usu
760 2115 851 2154 erat,
879 2113 944 2148 cfr.
973 2113 1021 2148 ad
1046 2111 1107 2155 VI,
1135 2113 1215 2150 162.

324 2184 380 2220 79.
429 2185 606 2230 insonuit;
631 2185 705 2220 vid.
733 2185 782 2219 ad
807 2184 854 2229 II,
881 2184 939 2221 91.

321 2245 413 2279 ratis
438 2244 572 2279 eadem
597 2244 826 2289 metonymia
857 2256 925 2290 pro
951 2244 1075 2279 nautis
1102 2244 1247 2284 dicitur,
1288 2254 1360 2289 qua
1398 2243 1546 2290 saepius
1584 2254 1720 2279 nomen

229 2303 328 2338 urbis
354 2303 415 2339 vel
439 2303 601 2348 regionis
626 2315 694 2348 pro
719 2304 860 2349 incolis,
887 2304 953 2339 sed
977 2305 1107 2339 tamen
1133 2304 1255 2338 audax
1282 2304 1339 2339 est
1363 2304 1433 2339 hoc
1470 2303 1552 2338 loco
1591 2303 1630 2338 et
1667 2302 1720 2338 in-

228 2362 368 2398 usitata
392 2362 523 2407 figura.

323 2422 427 2458 obvia
452 2433 563 2462 arma,
592 2433 687 2467 quae
713 2422 834 2467 prima
860 2422 1069 2458 offeruntur
1094 2422 1155 2458 vel
1182 2420 1448 2467 comprehendi
1464 2422 1621 2466 possunt
1648 2421 1719 2457 ‘die

230 2484 355 2518 ersten
380 2482 537 2528 besten’3
563 2481 616 2516 sic
644 2481 709 2517 Ov.
735 2483 823 2517 met.
852 2481 950 2523 XIV,
979 2481 1050 2516 419
1077 2483 1181 2517 obvia
1205 2482 1342 2517 lumina
1359 2484 1520 2525 portant,
1547 2480 1612 2516 ubi
1637 2491 1719 2516 sen·
1752 2515 1760 2525 ,

228 2541 351 2577 tentia
375 2541 549 2576 universa
575 2541 751 2576 docemur
776 2553 851 2576 non
877 2541 1080 2586 significari
1106 2541 1205 2586 quod
1229 2553 1296 2576 nos
1322 2540 1478 2576 dicimus
1505 2541 1720 2586 ‘entgegen-

228 2602 388 2646 tragen.'
941 2634 944 2636 .

325 2671 429 2695 caeca
454 2683 499 2688 —
525 2671 648 2701 mamm
677 2670 811 2695 caecae
839 2671 906 2695 eae
924 2671 983 2695 res
1002 2659 1075 2695 dici
1091 2661 1257 2705 possunt,
1276 2670 1372 2704 quae
1390 2660 1477 2694 sunt
1493 2659 1555 2695 vel
1570 2659 1665 2694 fiunt
1681 2658 1719 2694 in

230 2719 397 2755 tenebris
422 2719 582 2764 ideoque
606 2731 681 2755 non
708 2719 995 2764 conspiciuntur,
1022 2719 1075 2754 sic
1101 2729 1225 2754 caecus·
1250 2718 1357 2754 Mars
1382 2718 1429 2754 de
1452 2729 1589 2764 pugna,
1624 2729 1719 2763 quae
