1890 3100
223 236 310 279 244
747 235 784 271 ο.
811 234 990 270 VALERI
1015 234 1189 270 FLACGI

330 360 436 392 stant
464 355 613 393 tacitae
643 354 804 393 frondes
834 355 1076 407 immotaque
1107 355 1208 393 silva
1237 356 1408 394 comanti

328 420 465 458 horret
492 433 618 458 verna
645 421 757 471 iugo3
791 433 935 472 specus
964 420 1272 472 umbrarumque
1303 427 1459 460 meatus

329 485 467 524 subter
495 491 535 524 et
565 484 718 524 Oceani
746 499 940 537 praeceps
968 486 1103 537 fragor
1132 499 1307 538 arvaque
1336 487 1449 538 nigro

327 556 444 589 vasta
472 556 582 589 metu
612 556 652 589 et
681 551 838 590 subitae
866 556 957 602 post
984 551 1107 602 longa
1135 551 1294 589 silentia
1321 565 1454 590 voces.
1706 558 1762 587 405

329 616 479 654 ensifer
506 617 571 654 hie
600 622 770 668 atraque
801 616 946 655 sedens
975 617 1016 654 in
1043 623 1158 655 veste
1190 616 1418 655 Celaeneus

219 746 279 787 VI,
301 746 387 788 311;
408 747 565 791 pomifer
589 747 676 782 Hor.
705 759 733 784 ο.
761 747 829 789 ΙΙΙ,
857 747 912 788 23,
945 747 984 793 8;
1023 748 1190 783 hibernus
1216 748 1323 793 epod.
1361 747 1409 790 ΙΙ,
1447 747 1509 791 29;
1549 750 1710 784 inversus

219 806 289 840 sat.
316 806 346 843 Ι,
374 807 404 847 1,
431 806 495 849 36;
522 818 645 842 versus
670 806 764 841 Stat.
792 807 871 842 silv.
898 807 926 847 Ι,
954 807 985 847 2,
1014 808 1098 849 157;
1126 808 1279 843 Pisaeus
1304 818 1422 842 annus
1448 807 1484 852 (i.
1512 818 1542 843 e.
1570 809 1709 853 aestas)

219 865 247 905 Ι,
274 865 307 906 3,
334 865 372 908 8;
402 866 550 902 horrens
575 866 692 902 Theb.
719 866 781 908 IV,
810 867 847 913 15
876 867 991 909 letifer
1015 866 1097 908 VII,
1126 866 1210 909 709;
1238 868 1359 902 melior
1397 867 1461 908 IX,
1499 867 1580 910 406;
1615 872 1711 902 tener

219 924 255 970 (i.
284 935 314 960 e.
341 926 420 971 ver)
448 925 559 960 Mart.
587 925 653 966 IX,
682 926 737 971 13,
765 926 795 960 1.

310 996 391 1032 402.
442 997 576 1032 Densis
603 997 799 1032 arboribus
825 997 1044 1032 descensum
1076 997 1124 1032 ad
1155 997 1294 1033 inferos
1330 997 1601 1033 circumdatum
1628 1009 1709 1034 esse

216 1066 328 1101 saepe
355 1056 455 1101 apud
479 1057 610 1101 poetas
635 1056 808 1101 legimus:
842 1056 948 1092 Hom.
977 1056 1044 1092 Od.
1076 1056 1119 1098 X,
1146 1056 1231 1098 509;
1268 1056 1390 1102 Apoll.
1407 1056 1456 1098 ΙΙ,
1483 1057 1568 1100 7383
1596 1058 1707 1103 Verg.

215 1114 306 1150 Aen.
332 1114 413 1157 VII,
440 1115 526 1158 5653
554 1115 615 1151 Sil.
642 1115 725 1161 XII,
754 1116 837 1163 122;
864 1115 958 1153 Stat.
985 1116 1101 1153 Theb.
1127 1115 1170 1158 X,
1197 1115 1260 1158 863
1288 1115 1372 1154 Sen.
1398 1116 1505 1152 Herc.
1532 1116 1602 1151 fur.
1621 1117 1707 1159 663;

216 1173 282 1210 cfr.
308 1174 439 1220 Ettig
463 1175 715 1210 Acheruntica
740 1175 779 1210 in
805 1176 900 1210 stud.
928 1175 1026 1221 Lips.
1052 1174 1153 1217 XIII,
1179 1188 1217 1221 p.
1243 1175 1310 1210 367
1339 1177 1465 1212 annot.
1490 1176 1512 1210 2
1539 1177 1578 1212 et
1602 1176 1635 1212 3.

309 1235 441 1270 tacitae
465 1235 552 1269 sunt
576 1234 740 1275 frondes,
767 1234 853 1279 quia
879 1235 993 1269 cantu
1019 1234 1144 1269 avium
1163 1246 1237 1270 non
1254 1241 1449 1277 resonant;
1471 1234 1538 1270 cfr.
1555 1236 1705 1272 Petron.

216 1294 262 1329 de
288 1293 389 1329 bello
416 1294 484 1330 civ.
519 1305 548 1329 e.
576 1294 645 1328 120
675 1306 709 1330 v.
738 1294 782 1329 73
815 1305 888 1330 non
919 1305 1026 1330 verno
1056 1305 1216 1339 persona
1253 1298 1361 1329 cantu
1387 1294 1515 1330 Mollia
1552 1294 1708 1330 discordi

214 1354 366 1397 strepitu
389 1354 546 1399 viryultci
570 1355 749 1394 locantium
777 1365 1002 1399 quamquam
1026 1354 1116 1390 licet
1142 1353 1256 1389 etiam
1283 1354 1329 1389 de
1355 1353 1515 1400 strepitu
1532 1353 1706 1389 foliorum

215 1413 411 1458 explicare,
440 1413 507 1449 sed
531 1414 626 1449 haec
652 1413 850 1459 explicatio
876 1425 951 1449 non
977 1413 1260 1449 commendatur
1286 1413 1338 1449 eis
1364 1424 1458 1458 quae
1484 1414 1704 1458 sequuntur:

215 1473 426 1517 immotaque
449 1473 541 1508 silva
567 1493 609 1498 —
636 1473 766 1510 horret.

308 1543 390 1581 403.
438 1545 530 1579 silva
567 1565 612 1570 ——-
649 1545 768 1579 horret
804 1543 1102 1589 interpretantur
1142 1544 1335 1579 Burmann
1374 1545 1412 1579 et
1452 1543 1621 1589 Wagner
1658 1544 1705 1580 de

214 1603 366 1649 frigore,
405 1604 513 1649 quale
539 1604 587 1639 sit
612 1604 745 1645 hieme,
784 1604 849 1639 sed
875 1604 906 1639 si
929 1604 969 1638 id
994 1603 1172 1639 voluisset
1195 1605 1319 1649 poeta,
1357 1603 1508 1639 frondes
1547 1615 1705 1639 comme-

214 1674 361 1699 morare
387 1675 461 1699 non
487 1664 670 1711 debebat;
696 1674 823 1699 verum
843 1665 961 1698 horret
985 1663 1128 1698 indicat
1154 1663 1307 1699 arbores
1332 1662 1505 1698 immotas
1531 1664 1632 1699 stare
1657 1674 1705 1698 ne

214 1723 402 1758 levissima
428 1723 578 1768 quidem
605 1735 695 1758 aura
732 1722 908 1768 agitatas,
936 1722 1030 1758 Stat.
1058 1722 1175 1758 Theb.
1213 1722 1255 1764 X,
1295 1722 1340 1758 86
1379 1722 1538 1758 eandem
1574 1722 1706 1758 silvam

213 1783 359 1818 inertem
383 1782 563 1818 nominat.

307 1842 513 1877 umbrarum
538 1846 674 1877 meatus
699 1843 756 1877 est
780 1842 851 1884 via,
879 1853 952 1887 qua
977 1842 1114 1878 mortui
1141 1842 1190 1877 ad
1214 1841 1353 1877 inferos
1380 1841 1628 1882 descendunt;
1656 1841 1703 1877 de

212 1902 284 1936 hac
321 1902 467 1937 meatus
506 1901 731 1936 substantivi
768 1901 919 1937 notione
956 1901 1021 1937 cfr.
1050 1902 1135 1939 Luc.
1161 1901 1190 1943 I,
1218 1901 1306 1943 663;
1347 1900 1473 1936 Claud.
1501 1900 1539 1935 in
1563 1899 1649 1936 Rus.
1675 1899 1703 1944 Ι,

213 1962 298 2003 271;
327 1961 373 1996 de
399 1961 486 1996 bell.
515 1960 611 1996 Gild.
638 1961 724 2007 2233
749 1961 788 1995 in
813 1961 966 2006 Eutrop‚
992 1960 1021 2002 I,
1050 1961 1113 2003 14;
1141 1961 1187 1996 de
1213 1962 1310 2006 rapt.
1336 1960 1438 1996 Pros.
1457 1959 1505 2003 II,
1526 1959 1612 2002 184;
1640 1971 1703 1994 an·

212 2021 304 2056 thol.
330 2021 373 2056 B.
400 2020 479 2065 527,
507 2021 544 2063 93
583 2020 712 2056 Avien.
738 2021 874 2066 phaen.
902 2021 985 2063 157;
1024 2020 1136 2056 Prud.
1162 2021 1323 2055 hamart.
1350 2020 1436 2063 3193
1462 2019 1549 2066 6503
1573 2018 1708 2064 perist-

213 2080 257 2122 X,
283 2080 373 2127 5653
399 2080 533 2116 Boeth.
561 2080 608 2115 de
633 2091 729 2115 cons.
756 2080 785 2122 Ι,
813 2080 844 2125 2,
873 2081 910 2123 7;
937 2080 1067 2115 Alcim.
1094 2080 1162 2116 Av.
1190 2091 1220 2115 c.
1247 2079 1307 2121 IV,
1335 2078 1404 2114 248
1421 2078 1534 2114 rimas
1551 2077 1704 2113 navium

215 2139 386 2174 nominat
409 2140 559 2174 rimosos
583 2151 791 2185 compagum
817 2144 961 2175 meatus.

307 2211 388 2246 404.
438 2212 539 2256 niyer
563 2213 685 2247 metus
712 2211 858 2252 dieitur,
886 2211 972 2256 quia
997 2210 1164 2256 pertinet
1189 2210 1238 2245 ad
1268 2209 1424 2251 infer0s;
1456 2209 1516 2245 vel
1547 2209 1703 2254 ignes

212 2270 295 2316 rogi
330 2270 428 2315 nigri
466 2270 543 2306 sive
579 2270 651 2305 atri
677 2270 851 2306 dicuntur
875 2270 985 2316 Verg.
1016 2271 1104 2307 Aen.
1131 2269 1192 2311 IV,
1219 2269 1307 2311 384;
1346 2269 1408 2314 Χ1,
1435 2268 1520 2313 186;
1556 2268 1644 2304 Hor.
1671 2280 1700 2303 c.

212 2329 274 2376 IV,
300 2330 355 2372 12,
381 2330 443 2372 263
484 2330 589 2375 epod.
616 2330 659 2371 V,
685 2330 750 2372 82;
792 2330 856 2366 Ov.
884 2330 970 2366 fast.
1001 2331 1048 2371 II,
1076 2329 1161 2372 561;
1199 2330 1300 2374 niyer
1336 2329 1421 2364 deus
1447 2327 1512 2363 Ov.
1551 2328 1626 2363 her.
1653 2328 1700 2368 H,

213 2390 274 2436 723
312 2390 385 2425 Dis
408 2394 498 2425 met.
523 2389 584 2430 IV,
610 2390 697 2431 4383
741 2390 896 2424 Tartara
933 2389 1030 2425 trist.
1057 2389 1085 2430 I,
1112 2389 1144 2430 2,
1172 2389 1233 2431 22;
1274 2387 1386 2423 Orcus
1410 2387 1496 2423 Hor.
1524 2398 1553 2422 c.
1579 2387 1640 2428 IV,
1667 2387 1700 2429 2,

212 2449 274 2492 23;
313 2450 403 2484 oolla
440 2448 621 2495 (Cerberi)
660 2448 754 2484 Stat.
792 2449 909 2485 Theb.
947 2450 994 2491 ΙΙ,
1033 2449 1097 2491 28;
1137 2449 1302 2494 Iuppiter
1339 2447 1432 2492 (Dis)
1466 2446 1513 2481 49
1553 2447 1591 2482 et
1616 2445 1700 2483 Sen.

212 2509 321 2545 Herc.
362 2508 442 2545 Oet.
482 2508 592 2550 1705;
633 2509 756 2544 domus
789 2508 996 2554 (Tartarus)
1039 2508 1184 2554 Coripp.
1223 2507 1301 2544 Ioh.
1327 2506 1389 2552 VI,
1423 2506 1510 2552 1363
1551 2507 1701 2541 maritus

213 2568 307 2614 (Dis)
335 2568 415 2604 137.

307 2639 388 2678 406,
439 2639 534 2675 Tota
560 2640 655 2675 haee
680 2651 739 2675 res
766 2640 812 2675 de
842 2635 1008 2675 Celaeneo
1035 2651 1057 2674 a
1083 2639 1230 2675 Valerio
1261 2638 1341 2684 ipso
1373 2638 1522 2674 videtur
1546 2637 1701 2673 inventa.

214 2710 294 2736 esse
322 2701 359 2735 et
382 2711 519 2735 nomen
545 2699 697 2734 ductum
723 2711 745 2734 a
770 2710 906 2744 graeco
933 2699 1118 2734 adiectivo
1143 2699 1288 2735 nexem&-
