1890 3100
551 222 686 258 ARGO
691 221 943 257 NAVTICON
966 221 1114 256 LIBER
1138 220 1207 257 III.
1559 223 1646 266 255

277 342 425 392 sentiat
453 347 495 381 et
521 340 690 380 blandos
719 339 979 392 quaerentem
1008 339 1159 391 fingere
1189 339 1336 386 vultus,

274 407 509 459 obsequitur
534 412 669 444 tamen
697 410 738 444 et
764 405 893 443 iussas
921 405 1023 456 petit
1051 405 1161 443 ocius
1191 417 1290 443 oras.

330 472 532 524 Ingemuit
557 471 658 509 Iuno
686 469 929 522 tandemque
959 469 1118 508 silentia
1145 470 1307 521 rumpit:

276 542 341 576 ‘en
367 537 492 584 labor,
522 550 574 575 en
602 535 701 574 odiis
731 541 853 587 caput
879 535 1150 587 insuperabile
1170 535 1329 573 nostris.
1650 548 1706 577 510

275 615 394 654 quam
420 603 603 640 Nemeen
630 605 689 639 tot
716 600 826 638 fessa
843 600 971 648 minis,
1002 613 1105 652 quae
1133 599 1287 652 proelia
1315 599 1471 638 Lernae

274 666 484 719 experiar?
509 666 697 717 Phrygiis
725 665 831 703 ultro
860 678 1097 704 concurrere
1126 665 1312 703 monstris

272 745 417 784 nempe
444 732 573 769 virum
601 736 642 769 et
667 730 835 782 pulchro
863 736 1111 769 reserantem
1138 730 1335 781 Pergama
1363 735 1506 781 coepto

272 796 455 835 vidimus.
513 809 564 834 en
593 809 668 847 ego
696 809 803 834 nunc
831 809 972 847 regum
1001 794 1128 836 soror!
1161 801 1201 834 et
1228 795 1325 833 mihi
1353 796 1485 846 gentis

273 861 380 900 ullus
407 861 564 900 honos?
590 862 670 899 iam
696 867 782 899 tum
809 860 1019 899 indecores
1047 860 1243 912 lusaeque
1273 860 1454 899 dolorum
1653 867 1709 896 515

273 927 482 978 primitiae,
511 931 556 964 ut
582 931 723 964 tenero
752 926 929 977 superati
956 925 1137 977 protinus
1167 939 1332 976 angues.

275 990 492 1030 debueram
520 991 653 1031 nullos
681 991 818 1029 iuveni
845 991 925 1029 iam
955 1004 1148 1042 quaerere
1178 1004 1294 1029 casus

274 1057 382 1094 victa
407 1069 484 1095 nec
511 1055 564 1094 ad
589 1056 692 1094 tales
721 1055 857 1094 forsan
886 1055 1134 1094 descendere
1162 1069 1329 1107 pugnaS.

277 1134 416 1159 verum
445 1121 585 1159 animis
614 1121 755 1158 insiste
783 1121 861 1158 tuis
891 1127 1101 1172 astumque
1131 1134 1204 1172 per
1232 1134 1389 1158 omnem

263 1263 383 1298 Recte
421 1262 573 1298 Caussin
610 1262 885 1303 animadvertit,
924 1262 1030 1297 huius
1067 1262 1259 1298 Minervae
1287 1262 1432 1298 itineris
1465 1262 1656 1298 Valerium

168 1323 303 1368 postea·
327 1333 407 1358 esse
432 1321 590 1357 oblitum
616 1332 772 1366 eumque
796 1321 889 1356 nihil
902 1321 1004 1356 aliud
1021 1321 1261 1366 cogitantem,
1288 1333 1399 1367 quam
1415 1323 1458 1356 ut
1475 1333 1498 1357 a
1513 1321 1655 1357 Iunone

168 1382 308 1417 testem
322 1381 575 1426 importunam
594 1381 796 1424 amoveret,
820 1392 892 1416 non
919 1380 1087 1421 sensisse,
1113 1392 1154 1416 se
1170 1380 1265 1415 inita
1283 1380 1419 1422 fabula,
1439 1392 1534 1426 quae
1553 1380 1657 1416 exitu

172 1441 328 1482 careret,
353 1439 560 1485 legentium
585 1439 903 1485 exspectationem
927 1439 1067 1474 frustra
1091 1439 1261 1476 movisse.

251 1522 477 1556 quamquam
499 1511 652 1546 insidias
676 1531 722 1537 —-
745 1512 893 1552 sentiam
930 1522 1141 1556 qua-mquam
1179 1523 1262 1546 011111
1300 1511 1535 1547 coniunctivo
1570 1523 1656 1547 con·

173 1571 342 1607 iunctum
365 1571 408 1605 ut
426 1569 527 1612 VIII,
553 1569 643 1611 205;
670 1569 744 1604 alia
770 1571 828 1605 est
852 1569 949 1605 ratio
973 1570 1047 1605 loci
1063 1569 1125 1615 VI,
1151 1570 1207 1605 39.

270 1641 352 1678 509.
398 1641 570 1687 inyemuit
605 1663 651 1669 -
687 1642 837 1688 rumpit3
886 1641 1054 1676 variatur
1089 1643 1238 1687 tempus
1275 1641 1493 1677 historicum
1528 1643 1571 1676 ut
1607 1641 1655 1683 Π,

173 1700 391 1748 211;736Ο;
426 1701 512 1742 441;
550 1699 613 1745 IV,
637 1699 683 1735 48
708 1711 801 1745 seq.;
833 1700 899 1742 61;
936 1700 1006 1734 247
1031 1712 1125 1746 seq.;
1150 1701 1240 1749 487;
1264 1701 1306 1742 V,
1333 1701 1419 1748 260;
1461 1700 1542 1743 VII,
1569 1701 1655 1743 509;

297 1759 379 1795 325.
1631 1758 1634 1760 ’

171 1759 347 1854 VIII’511.
397 1819 501 1854 belua
523 1818 620 1860 Vat„
640 1820 784 1863 proelia
808 1819 896 1856 edit.
921 1819 1006 1856 Ald.

267 1878 350 1914 513.
391 1881 506 1922 ponto
529 1877 626 1922 Vat.,
650 1882 770 1923 coepto
795 1878 997 1915 Burmann.

267 1937 347 1973 514.
396 1937 495 1972 Ante
521 1937 645 1972 oculos
669 1937 803 1973 habuit
818 1938 989 1973 Valerius
1013 1938 1135 1973 locum
1159 1939 1271 1983 Verg.
1295 1938 1387 1974 Aen.
1417 1938 1445 1980 1,
1471 1939 1518 1973 46
1542 1951 1619 1985 seq.

267 1997 383 2041 yentis
406 1995 430 2031 1.
457 2007 485 2031 e.
511 1995 668 2041 generis,
707 1996 818 2031 01111111
847 1996 1010 2038 notione,
1049 2008 1122 2042 qua
1158 1998 1290 2041 gentes
1315 1997 1499 2042 patriciae
1523 1998 1659 2033 Roma-

174 2067 308 2091 norum
331 2054 517 2092 dicuntur.

269 2125 350 2161 515.
397 2125 584 2170 iussaeque
619 2125 729 2171 Vat.,
767 2126 863 2162 solet
899 2126 1012 2161 scribi
1048 2128 1229 2172 iustaeque
1243 2156 1251 2172 ,
1283 2127 1350 2163 sed
1386 2128 1504 2163 iustus
1536 2128 1660 2164 adiec-

174 2184 296 2220 tivum
331 2195 405 2220 non
428 2184 520 2219 satis
551 2185 641 2230 apte
666 2185 902 2230 coniungitur
934 2198 1018 2220 cum
1043 2197 1087 2222 eo
1119 2186 1219 2231 quod
1244 2188 1302 2222 est
1325 2187 1517 2231 indecores,
1543 2199 1659 2232 quare

177 2243 305 2289 scripsi
329 2244 436 2279 haeae.

271 2313 351 2349 516.
402 2318 435 2349 et
459 2315 556 2360 vat„
581 2318 623 2350 ut
646 2314 829 2351 Heinsius.

273 2372 352 2408 517.
401 2373 532 2409 Melius
559 2375 651 2415 erat,
676 2374 797 2419 inquit
832 2374 936 2417 Iuno,
975 2375 1124 2411 omnino
1161 2388 1236 2412 non
1260 2388 1430 2422 pugnare
1469 2389 1553 2413 cum
1589 2378 1661 2414 hoc

177 2430 322 2474 iuvene,
353 2443 437 2467 cum
460 2431 537 2467 iam.
566 2432 673 2468 initio
711 2433 811 2468 victa
848 2445 980 2477 essem3
1019 2434 1116 2471 tales
1153 2447 1303 2481 pugnae
1341 2440 1427 2471 sunt
1465 2437 1661 2473 duodecim

179 2489 326 2526 labores
349 2490 500 2526 Herculi
525 2493 676 2527 auctore
700 2491 842 2528 Iunone
866 2493 1032 2528 iniuncti:
1073 2494 1140 2530 sed
1171 2495 1242 2530 dea
1272 2495 1328 2530 ira
1362 2497 1548 2531 commota
1582 2508 1660 2531 rur-

181 2559 242 2584 sus
266 2549 491 2585 sententiam
516 2551 648 2586 mutat.

228 2618 355 2712 (1539.
403 2624 586 2666 mumque
609 2621 704 2662 Vat„
729 2626 912 2669 astumque
936 2624 1124 2667 Heinsius;
1150 2626 1289 2661 movebo
1315 2625 1410 2667 Vat„
1432 2637 1501 2670 per
1526 2637 1658 2662 omnem

183 2686 227 2712 co
319 2688 390 2713 arr.
