<?xml version="1.0" encoding="UTF-8"?>
<!DOCTYPE html PUBLIC "-//W3C//DTD XHTML 1.0 Transitional//EN"
    "http://www.w3.org/TR/xhtml1/DTD/xhtml1-transitional.dtd">
<html xmlns="http://www.w3.org/1999/xhtml" xml:lang="en" lang="en">
 <head>
  <title>
</title>
<meta http-equiv="Content-Type" content="text/html;charset=utf-8" />
  <meta name='ocr-system' content='tesseract 3.04.00' />
  <meta name='ocr-capabilities' content='ocr_page ocr_carea ocr_par ocr_line ocrx_word'/>
</head>
<body>
  <div class='ocr_page' id='page_1' title='image "argonauticonlibr00valeuoft_0159.png"; bbox 0 0 1890 3100; ppageno 0'>
   <div class='ocr_carea' id='block_1_1' title="bbox 0 0 135 3100">
    <p class='ocr_par' dir='ltr' id='par_1_1' title="bbox 0 0 135 3100">
     <span class='ocr_line' id='line_1_1' title="bbox 0 0 135 3100; baseline 0 0"><span class='ocrx_word' id='word_1_1' title='bbox 0 0 135 3100; x_wconf 95' lang='lat' dir='ltr'><strong> </strong></span> 
     </span>
    </p>
   </div>
   <div class='ocr_carea' id='block_1_2' title="bbox 600 231 1691 282">
    <p class='ocr_par' dir='ltr' id='par_1_2' title="bbox 600 231 1691 282">
     <span class='ocr_line' id='line_1_2' title="bbox 600 231 1691 282; baseline 0.015 -16"><span class='ocrx_word' id='word_1_2' title='bbox 600 231 987 268; x_wconf 76' lang='lat' dir='ltr'><strong>ARGONAVTICON</strong></span> <span class='ocrx_word' id='word_1_3' title='bbox 1009 232 1156 268; x_wconf 81' lang='lat' dir='ltr'>LIBER</span> <span class='ocrx_word' id='word_1_4' title='bbox 1179 233 1227 268; x_wconf 72' lang='grc' dir='ltr'><strong>Π.</strong></span> <span class='ocrx_word' id='word_1_5' title='bbox 1606 239 1691 282; x_wconf 84' lang='grc'><strong>149</strong></span> 
     </span>
    </p>
   </div>
   <div class='ocr_carea' id='block_1_3' title="bbox 312 348 1744 1121">
    <p class='ocr_par' dir='ltr' id='par_1_3' title="bbox 312 348 1744 1121">
     <span class='ocr_line' id='line_1_3' title="bbox 318 348 1744 402; baseline 0.004 -15"><span class='ocrx_word' id='word_1_6' title='bbox 318 348 471 388; x_wconf 79' lang='lat' dir='ltr'><strong>lumina</strong></span> <span class='ocrx_word' id='word_1_7' title='bbox 494 350 732 402; x_wconf 75' lang='lat' dir='ltr'><strong>praecipites</strong></span> <span class='ocrx_word' id='word_1_8' title='bbox 760 351 937 389; x_wconf 80' lang='lat' dir='ltr'><strong>excussit</strong></span> <span class='ocrx_word' id='word_1_9' title='bbox 963 350 1014 389; x_wconf 85' lang='lat' dir='ltr'><strong>ab</strong></span> <span class='ocrx_word' id='word_1_10' title='bbox 1041 351 1166 390; x_wconf 88' lang='lat' dir='ltr'><strong>ubere</strong></span> <span class='ocrx_word' id='word_1_11' title='bbox 1193 358 1321 390; x_wconf 84' lang='lat' dir='ltr'><strong>natos.</strong></span> <span class='ocrx_word' id='word_1_12' title='bbox 1691 357 1744 386; x_wconf 88' lang='lat'><strong>185</strong></span> 
     </span>
     <span class='ocr_line' id='line_1_4' title="bbox 318 414 1252 468; baseline 0.003 -16"><span class='ocrx_word' id='word_1_13' title='bbox 318 414 428 453; x_wconf 82' lang='lat' dir='ltr'><strong>ilicet</strong></span> <span class='ocrx_word' id='word_1_14' title='bbox 455 420 633 453; x_wconf 80' lang='lat' dir='ltr'>arrectae</span> <span class='ocrx_word' id='word_1_15' title='bbox 659 419 815 453; x_wconf 80' lang='lat' dir='ltr'>mentes</span> <span class='ocrx_word' id='word_1_16' title='bbox 845 415 1054 468; x_wconf 83' lang='lat' dir='ltr'><strong>evictaque</strong></span> <span class='ocrx_word' id='word_1_17' title='bbox 1082 422 1252 455; x_wconf 83' lang='lat' dir='ltr'><strong>matrum</strong></span> 
     </span>
     <span class='ocr_line' id='line_1_5' title="bbox 319 479 1530 534; baseline 0.003 -16"><span class='ocrx_word' id='word_1_18' title='bbox 319 479 440 518; x_wconf 86' lang='lat' dir='ltr'><strong>corda</strong></span> <span class='ocrx_word' id='word_1_19' title='bbox 467 492 581 518; x_wconf 87' lang='lat' dir='ltr'><strong>sacer</strong></span> <span class='ocrx_word' id='word_1_20' title='bbox 605 479 776 518; x_wconf 80' lang='lat' dir='ltr'><strong>Veneris</strong></span> <span class='ocrx_word' id='word_1_21' title='bbox 804 481 976 531; x_wconf 83' lang='lat' dir='ltr'><strong>gemitus</strong></span> <span class='ocrx_word' id='word_1_22' title='bbox 1003 482 1126 532; x_wconf 83' lang='lat' dir='ltr'><strong>rapit:</strong></span> <span class='ocrx_word' id='word_1_23' title='bbox 1156 495 1333 534; x_wconf 89' lang='lat' dir='ltr'><strong>aequora</strong></span> <span class='ocrx_word' id='word_1_24' title='bbox 1361 490 1530 522; x_wconf 88' lang='lat' dir='ltr'><strong>cunctae</strong></span> 
     </span>
     <span class='ocr_line' id='line_1_6' title="bbox 317 545 1432 599; baseline 0.003 -16"><span class='ocrx_word' id='word_1_25' title='bbox 317 545 560 597; x_wconf 89' lang='lat' dir='ltr'><strong>prospiciunt</strong></span> <span class='ocrx_word' id='word_1_26' title='bbox 587 545 855 597; x_wconf 81' lang='lat' dir='ltr'><strong>simulantque</strong></span> <span class='ocrx_word' id='word_1_27' title='bbox 883 546 1024 584; x_wconf 90' lang='lat' dir='ltr'><strong>choros</strong></span> <span class='ocrx_word' id='word_1_28' title='bbox 1053 545 1299 599; x_wconf 76' lang='lat' dir='ltr'><strong>delubraque</strong></span> <span class='ocrx_word' id='word_1_29' title='bbox 1327 548 1432 587; x_wconf 87' lang='lat' dir='ltr'><strong>festa</strong></span> 
     </span>
     <span class='ocr_line' id='line_1_7' title="bbox 316 608 1459 662; baseline 0.004 -15"><span class='ocrx_word' id='word_1_30' title='bbox 316 608 458 648; x_wconf 82' lang='lat' dir='ltr'><strong>fronde</strong></span> <span class='ocrx_word' id='word_1_31' title='bbox 482 615 627 661; x_wconf 87' lang='lat' dir='ltr'><strong>tegunt</strong></span> <span class='ocrx_word' id='word_1_32' title='bbox 652 609 865 662; x_wconf 85' lang='lat' dir='ltr'><strong>laetaeque</strong></span> <span class='ocrx_word' id='word_1_33' title='bbox 893 611 989 648; x_wconf 87' lang='lat' dir='ltr'><strong>viris</strong></span> <span class='ocrx_word' id='word_1_34' title='bbox 1016 611 1272 651; x_wconf 79' lang='lat' dir='ltr'><strong>venientibus</strong></span> <span class='ocrx_word' id='word_1_35' title='bbox 1303 612 1459 652; x_wconf 82' lang='lat' dir='ltr'><strong>adsunt.</strong></span> 
     </span>
     <span class='ocr_line' id='line_1_8' title="bbox 314 674 1743 727; baseline 0.003 -15"><span class='ocrx_word' id='word_1_36' title='bbox 314 675 474 727; x_wconf 85' lang='lat' dir='ltr'><strong>iamque</strong></span> <span class='ocrx_word' id='word_1_37' title='bbox 502 674 640 713; x_wconf 85' lang='lat' dir='ltr'><strong>domos</strong></span> <span class='ocrx_word' id='word_1_38' title='bbox 667 688 908 727; x_wconf 81' lang='lat' dir='ltr'><strong>mensasque</strong></span> <span class='ocrx_word' id='word_1_39' title='bbox 935 682 1095 727; x_wconf 79' lang='lat' dir='ltr'><strong>petunt3</strong></span> <span class='ocrx_word' id='word_1_40' title='bbox 1124 676 1385 716; x_wconf 82' lang='lat' dir='ltr'><strong>discumbitur</strong></span> <span class='ocrx_word' id='word_1_41' title='bbox 1412 679 1502 718; x_wconf 85' lang='lat' dir='ltr'><strong>altis</strong></span> <span class='ocrx_word' id='word_1_42' title='bbox 1689 688 1743 717; x_wconf 88' lang='lat'><strong>190</strong></span> 
     </span>
     <span class='ocr_line' id='line_1_9' title="bbox 314 739 1448 794; baseline 0.004 -17"><span class='ocrx_word' id='word_1_43' title='bbox 314 739 548 791; x_wconf 82' lang='lat' dir='ltr'><strong>porticibus3</strong></span> <span class='ocrx_word' id='word_1_44' title='bbox 579 752 652 777; x_wconf 88' lang='lat' dir='ltr'><strong>sua</strong></span> <span class='ocrx_word' id='word_1_45' title='bbox 680 740 824 792; x_wconf 88' lang='lat' dir='ltr'><strong>cuique</strong></span> <span class='ocrx_word' id='word_1_46' title='bbox 853 740 990 779; x_wconf 80' lang='lat' dir='ltr'><strong>furens</strong></span> <span class='ocrx_word' id='word_1_47' title='bbox 1019 741 1245 794; x_wconf 85' lang='lat' dir='ltr'><strong>festinaque</strong></span> <span class='ocrx_word' id='word_1_48' title='bbox 1275 744 1448 782; x_wconf 79' lang='lat' dir='ltr'><strong>coniunx</strong></span> 
     </span>
     <span class='ocr_line' id='line_1_10' title="bbox 316 804 1262 857; baseline 0.004 -15"><span class='ocrx_word' id='word_1_49' title='bbox 316 804 481 852; x_wconf 83' lang='lat' dir='ltr'><strong>adiacet,</strong></span> <span class='ocrx_word' id='word_1_50' title='bbox 510 805 654 843; x_wconf 84' lang='lat' dir='ltr'><strong>inferni</strong></span> <span class='ocrx_word' id='word_1_51' title='bbox 682 805 810 857; x_wconf 88' lang='lat' dir='ltr'><strong>qualis</strong></span> <span class='ocrx_word' id='word_1_52' title='bbox 840 806 914 844; x_wconf 89' lang='lat' dir='ltr'><strong>sub</strong></span> <span class='ocrx_word' id='word_1_53' title='bbox 942 812 1059 845; x_wconf 90' lang='lat' dir='ltr'><strong>nocte</strong></span> <span class='ocrx_word' id='word_1_54' title='bbox 1087 807 1262 846; x_wconf 85' lang='lat' dir='ltr'><strong>barathri</strong></span> 
     </span>
     <span class='ocr_line' id='line_1_11' title="bbox 314 868 1358 922; baseline 0.005 -15"><span class='ocrx_word' id='word_1_55' title='bbox 314 868 482 908; x_wconf 84' lang='lat' dir='ltr'><strong>accubat</strong></span> <span class='ocrx_word' id='word_1_56' title='bbox 508 870 717 908; x_wconf 88' lang='lat' dir='ltr'><strong>attonitum</strong></span> <span class='ocrx_word' id='word_1_57' title='bbox 745 870 957 922; x_wconf 83' lang='lat' dir='ltr'><strong>Phlegyan</strong></span> <span class='ocrx_word' id='word_1_58' title='bbox 986 877 1026 910; x_wconf 88' lang='lat' dir='ltr'><strong>et</strong></span> <span class='ocrx_word' id='word_1_59' title='bbox 1054 872 1218 911; x_wconf 82' lang='lat' dir='ltr'><strong>Thesea</strong></span> <span class='ocrx_word' id='word_1_60' title='bbox 1245 874 1358 912; x_wconf 81' lang='lat' dir='ltr'><strong>iuxta</strong></span> 
     </span>
     <span class='ocr_line' id='line_1_12' title="bbox 312 933 1340 988; baseline 0.005 -17"><span class='ocrx_word' id='word_1_61' title='bbox 312 934 531 986; x_wconf 82' lang='lat' dir='ltr'><strong>Tisiphone</strong></span> <span class='ocrx_word' id='word_1_62' title='bbox 561 947 782 987; x_wconf 89' lang='lat' dir='ltr'><strong>saevasque</strong></span> <span class='ocrx_word' id='word_1_63' title='bbox 811 935 934 988; x_wconf 88' lang='lat' dir='ltr'><strong>dapes</strong></span> <span class='ocrx_word' id='word_1_64' title='bbox 965 942 1006 975; x_wconf 91' lang='lat' dir='ltr'><strong>et</strong></span> <span class='ocrx_word' id='word_1_65' title='bbox 1031 937 1177 988; x_wconf 87' lang='lat' dir='ltr'><strong>pocula</strong></span> <span class='ocrx_word' id='word_1_66' title='bbox 1203 937 1303 976; x_wconf 88' lang='lat' dir='ltr'><strong>libat</strong></span> <span class='ocrx_word' id='word_1_67' title='bbox 1326 933 1340 942; x_wconf 75' lang='lat'><strong><em>‘</em></strong></span> 
     </span>
     <span class='ocr_line' id='line_1_13' title="bbox 314 998 1740 1054; baseline 0.005 -17"><span class='ocrx_word' id='word_1_68' title='bbox 314 998 515 1051; x_wconf 89' lang='lat' dir='ltr'><strong>(tormenti</strong></span> <span class='ocrx_word' id='word_1_69' title='bbox 543 1003 686 1051; x_wconf 86' lang='lat' dir='ltr'><strong>genus)</strong></span> <span class='ocrx_word' id='word_1_70' title='bbox 717 1006 757 1039; x_wconf 93' lang='lat' dir='ltr'><strong>et</strong></span> <span class='ocrx_word' id='word_1_71' title='bbox 783 1001 913 1052; x_wconf 84' lang='lat' dir='ltr'><strong>nigris</strong></span> <span class='ocrx_word' id='word_1_72' title='bbox 943 1002 1195 1053; x_wconf 83' lang='lat' dir='ltr'><strong>amplectitur</strong></span> <span class='ocrx_word' id='word_1_73' title='bbox 1221 1003 1372 1054; x_wconf 87' lang='lat' dir='ltr'><strong>hydris.</strong></span> <span class='ocrx_word' id='word_1_74' title='bbox 1686 1007 1740 1036; x_wconf 86' lang='lat'><strong>195</strong></span> 
     </span>
     <span class='ocr_line' id='line_1_14' title="bbox 363 1064 1446 1121; baseline 0.006 -19"><span class='ocrx_word' id='word_1_75' title='bbox 363 1064 460 1116; x_wconf 85' lang='lat' dir='ltr'><strong>Ipsa</strong></span> <span class='ocrx_word' id='word_1_76' title='bbox 486 1064 624 1103; x_wconf 81' lang='lat' dir='ltr'><strong>Venus</strong></span> <span class='ocrx_word' id='word_1_77' title='bbox 654 1078 849 1117; x_wconf 88' lang='lat' dir='ltr'><strong>quassans</strong></span> <span class='ocrx_word' id='word_1_78' title='bbox 877 1065 1096 1106; x_wconf 88' lang='lat' dir='ltr'><strong>undantem</strong></span> <span class='ocrx_word' id='word_1_79' title='bbox 1122 1068 1280 1107; x_wconf 88' lang='lat' dir='ltr'><strong>turbine</strong></span> <span class='ocrx_word' id='word_1_80' title='bbox 1309 1069 1446 1121; x_wconf 88' lang='lat' dir='ltr'><strong>pinum</strong></span> 
     </span>
    </p>
   </div>
   <div class='ocr_carea' id='block_1_4' title="bbox 204 1152 487 1162">
    <p class='ocr_par' dir='ltr' id='par_1_4' title="bbox 204 1152 487 1162">
     <span class='ocr_line' id='line_1_15' title="bbox 204 1152 487 1162; baseline 0 0"><span class='ocrx_word' id='word_1_81' title='bbox 204 1152 487 1162; x_wconf 95' lang='lat' dir='ltr'><strong> </strong></span> 
     </span>
    </p>
   </div>
   <div class='ocr_carea' id='block_1_5' title="bbox 194 1199 1687 2254">
    <p class='ocr_par' dir='ltr' id='par_1_5' title="bbox 202 1199 1687 1481">
     <span class='ocr_line' id='line_1_16' title="bbox 300 1199 1684 1252; baseline 0.007 -17"><span class='ocrx_word' id='word_1_82' title='bbox 300 1199 379 1236; x_wconf 84' lang='lat'><strong>186.</strong></span> <span class='ocrx_word' id='word_1_83' title='bbox 429 1201 520 1236; x_wconf 78' lang='lat' dir='ltr'><strong>ilicet</strong></span> <span class='ocrx_word' id='word_1_84' title='bbox 543 1202 690 1236; x_wconf 87' lang='lat' dir='ltr'><strong>mutata</strong></span> <span class='ocrx_word' id='word_1_85' title='bbox 715 1201 988 1246; x_wconf 83' lang='lat' dir='ltr'><strong>significatione</strong></span> <span class='ocrx_word' id='word_1_86' title='bbox 1011 1215 1081 1249; x_wconf 90' lang='lat' dir='ltr'><strong>pro</strong></span> <span class='ocrx_word' id='word_1_87' title='bbox 1104 1204 1292 1249; x_wconf 88' lang='lat' dir='ltr'><strong>particula</strong></span> <span class='ocrx_word' id='word_1_88' title='bbox 1313 1206 1394 1241; x_wconf 81' lang='lat' dir='ltr'><strong>ilico</strong></span> <span class='ocrx_word' id='word_1_89' title='bbox 1418 1207 1569 1252; x_wconf 87' lang='lat' dir='ltr'><strong>ponitur</strong></span> <span class='ocrx_word' id='word_1_90' title='bbox 1596 1207 1684 1244; x_wconf 90' lang='lat' dir='ltr'><strong>inde</strong></span> 
     </span>
     <span class='ocr_line' id='line_1_17' title="bbox 205 1257 1687 1312; baseline 0.006 -19"><span class='ocrx_word' id='word_1_91' title='bbox 205 1269 229 1293; x_wconf 90' lang='lat' dir='ltr'><strong>a</strong></span> <span class='ocrx_word' id='word_1_92' title='bbox 252 1257 426 1304; x_wconf 85' lang='lat' dir='ltr'><strong>Vergilio,</strong></span> <span class='ocrx_word' id='word_1_93' title='bbox 451 1260 494 1294; x_wconf 85' lang='lat' dir='ltr'><strong>ut</strong></span> <span class='ocrx_word' id='word_1_94' title='bbox 517 1259 608 1295; x_wconf 87' lang='lat' dir='ltr'><strong>Aen.</strong></span> <span class='ocrx_word' id='word_1_95' title='bbox 634 1259 680 1302; x_wconf 79' lang='grc' dir='ltr'><strong>Π,</strong></span> <span class='ocrx_word' id='word_1_96' title='bbox 706 1260 794 1307; x_wconf 81' lang='grc'><strong>424;</strong></span> <span class='ocrx_word' id='word_1_97' title='bbox 818 1260 898 1302; x_wconf 88' lang='lat' dir='ltr'>VII,</span> <span class='ocrx_word' id='word_1_98' title='bbox 918 1261 1002 1304; x_wconf 86' lang='lat'>583;</span> <span class='ocrx_word' id='word_1_99' title='bbox 1029 1262 1129 1304; x_wconf 72' lang='lat' dir='ltr'><strong>vm,</strong></span> <span class='ocrx_word' id='word_1_100' title='bbox 1155 1263 1226 1298; x_wconf 86' lang='grc'><strong>223</strong></span> <span class='ocrx_word' id='word_1_101' title='bbox 1251 1264 1315 1306; x_wconf 85' lang='lat' dir='ltr'><strong>aL,</strong></span> <span class='ocrx_word' id='word_1_102' title='bbox 1308 1278 1315 1283; x_wconf 93' lang='lat'><strong>·</strong></span> <span class='ocrx_word' id='word_1_103' title='bbox 1343 1265 1444 1310; x_wconf 85' lang='lat' dir='ltr'><strong>apud</strong></span> <span class='ocrx_word' id='word_1_104' title='bbox 1459 1265 1540 1301; x_wconf 90' lang='lat' dir='ltr'><strong>Val.</strong></span> <span class='ocrx_word' id='word_1_105' title='bbox 1565 1267 1687 1312; x_wconf 89' lang='lat' dir='ltr'><strong>ipsum</strong></span> 
     </span>
     <span class='ocr_line' id='line_1_18' title="bbox 203 1316 1683 1366; baseline 0.007 -15"><span class='ocrx_word' id='word_1_106' title='bbox 203 1316 271 1359; x_wconf 84' lang='lat' dir='ltr'><strong>HL</strong></span> <span class='ocrx_word' id='word_1_107' title='bbox 298 1316 363 1365; x_wconf 84' lang='lat'><strong>58;</strong></span> <span class='ocrx_word' id='word_1_108' title='bbox 387 1317 473 1360; x_wconf 84' lang='grc'><strong>730;</strong></span> <span class='ocrx_word' id='word_1_109' title='bbox 499 1317 561 1359; x_wconf 86' lang='lat' dir='ltr'><strong>Iv</strong></span> <span class='ocrx_word' id='word_1_110' title='bbox 586 1319 672 1361; x_wconf 81' lang='lat'>451;</span> <span class='ocrx_word' id='word_1_111' title='bbox 699 1319 815 1354; x_wconf 87' lang='lat' dir='ltr'><strong>etiam</strong></span> <span class='ocrx_word' id='word_1_112' title='bbox 839 1320 938 1365; x_wconf 88' lang='lat' dir='ltr'><strong>apud</strong></span> <span class='ocrx_word' id='word_1_113' title='bbox 962 1322 1197 1366; x_wconf 78' lang='lat' dir='ltr'><strong>posteriores,</strong></span> <span class='ocrx_word' id='word_1_114' title='bbox 1232 1323 1337 1358; x_wconf 85' lang='lat' dir='ltr'><strong>velut</strong></span> <span class='ocrx_word' id='word_1_115' title='bbox 1361 1317 1590 1360; x_wconf 77' lang='lat' dir='ltr'><strong>Martianum</strong></span> <span class='ocrx_word' id='word_1_116' title='bbox 1615 1325 1683 1361; x_wconf 86' lang='lat' dir='ltr'><strong>Ca—</strong></span> 
     </span>
     <span class='ocr_line' id='line_1_19' title="bbox 202 1375 1681 1465; baseline 0.006 -54"><span class='ocrx_word' id='word_1_117' title='bbox 202 1375 352 1421; x_wconf 76' lang='lat' dir='ltr'><strong>pellam,</strong></span> <span class='ocrx_word' id='word_1_118' title='bbox 376 1376 573 1412; x_wconf 85' lang='lat' dir='ltr'><strong>Paulinum</strong></span> <span class='ocrx_word' id='word_1_119' title='bbox 591 1377 786 1420; x_wconf 83' lang='lat' dir='ltr'><strong>Nolanum,</strong></span> <span class='ocrx_word' id='word_1_120' title='bbox 804 1378 989 1414; x_wconf 85' lang='lat' dir='ltr'><strong>Alcimum</strong></span> <span class='ocrx_word' id='word_1_121' title='bbox 1012 1380 1175 1422; x_wconf 76' lang='lat' dir='ltr'><strong>Avitum,</strong></span> <span class='ocrx_word' id='word_1_122' title='bbox 1200 1382 1457 1427; x_wconf 87' lang='lat' dir='ltr'><strong>Apollinarem</strong></span> <span class='ocrx_word' id='word_1_123' title='bbox 1481 1384 1681 1465; x_wconf 70' lang='lat' dir='ltr'><strong>Sidonium,</strong></span> 
     </span>
     <span class='ocr_line' id='line_1_20' title="bbox 203 1434 674 1481; baseline 0.002 -11"><span class='ocrx_word' id='word_1_124' title='bbox 203 1434 439 1471; x_wconf 84' lang='lat' dir='ltr'><strong>Cresconium</strong></span> <span class='ocrx_word' id='word_1_125' title='bbox 465 1435 674 1481; x_wconf 82' lang='lat' dir='ltr'><strong>Corippum.</strong></span> 
     </span>
    </p>

    <p class='ocr_par' dir='ltr' id='par_1_6' title="bbox 250 1493 1183 1542">
     <span class='ocr_line' id='line_1_21' title="bbox 250 1493 1183 1542; baseline 0.003 -11"><span class='ocrx_word' id='word_1_126' title='bbox 250 1517 254 1520; x_wconf 87' lang='lat'><strong>·</strong></span> <span class='ocrx_word' id='word_1_127' title='bbox 297 1493 375 1532; x_wconf 86' lang='lat'>186.</span> <span class='ocrx_word' id='word_1_128' title='bbox 425 1499 586 1530; x_wconf 77' lang='lat' dir='ltr'><strong>arrectae</strong></span> <span class='ocrx_word' id='word_1_129' title='bbox 608 1499 754 1538; x_wconf 74' lang='lat' dir='ltr'><strong>mentes;</strong></span> <span class='ocrx_word' id='word_1_130' title='bbox 780 1495 890 1542; x_wconf 83' lang='lat' dir='ltr'><strong>Verg.</strong></span> <span class='ocrx_word' id='word_1_131' title='bbox 916 1497 1009 1533; x_wconf 93' lang='lat' dir='ltr'><strong>Aen.</strong></span> <span class='ocrx_word' id='word_1_132' title='bbox 1035 1498 1078 1539; x_wconf 84' lang='lat' dir='ltr'><strong>V,</strong></span> <span class='ocrx_word' id='word_1_133' title='bbox 1105 1498 1183 1534; x_wconf 88' lang='grc'><strong>643</strong></span> 
     </span>
    </p>

    <p class='ocr_par' dir='ltr' id='par_1_7' title="bbox 294 1550 1063 1599">
     <span class='ocr_line' id='line_1_22' title="bbox 294 1550 1063 1599; baseline 0.005 -11"><span class='ocrx_word' id='word_1_134' title='bbox 294 1552 375 1589; x_wconf 87' lang='grc'><strong>187.</strong></span> <span class='ocrx_word' id='word_1_135' title='bbox 422 1554 733 1599; x_wconf 50' lang='lat' dir='ltr'><strong>sacer-gremius&amp;</strong></span> <span class='ocrx_word' id='word_1_136' title='bbox 760 1554 827 1592; x_wconf 85' lang='lat' dir='ltr'><strong>cfr.</strong></span> <span class='ocrx_word' id='word_1_137' title='bbox 855 1555 904 1590; x_wconf 88' lang='lat' dir='ltr'><strong>ad</strong></span> <span class='ocrx_word' id='word_1_138' title='bbox 928 1555 956 1597; x_wconf 86' lang='lat' dir='ltr'>L</span> <span class='ocrx_word' id='word_1_139' title='bbox 970 1550 1063 1592; x_wconf 53' lang='lat'><em>³198.</em></span> 
     </span>
    </p>

    <p class='ocr_par' dir='ltr' id='par_1_8' title="bbox 295 1611 1435 1665">
     <span class='ocr_line' id='line_1_23' title="bbox 295 1611 1435 1665; baseline 0.008 -18"><span class='ocrx_word' id='word_1_140' title='bbox 295 1611 375 1647; x_wconf 88' lang='grc'><strong>188.</strong></span> <span class='ocrx_word' id='word_1_141' title='bbox 425 1612 572 1648; x_wconf 80' lang='lat' dir='ltr'><strong>delubra</strong></span> <span class='ocrx_word' id='word_1_142' title='bbox 583 1613 746 1655; x_wconf 79' lang='lat' dir='ltr'><strong>—fronde</strong></span> <span class='ocrx_word' id='word_1_143' title='bbox 770 1618 910 1662; x_wconf 71' lang='lat' dir='ltr'><strong>teyunt3</strong></span> <span class='ocrx_word' id='word_1_144' title='bbox 936 1615 1045 1661; x_wconf 84' lang='lat' dir='ltr'><strong>Verg.</strong></span> <span class='ocrx_word' id='word_1_145' title='bbox 1071 1617 1162 1653; x_wconf 89' lang='lat' dir='ltr'><strong>Aen.</strong></span> <span class='ocrx_word' id='word_1_146' title='bbox 1188 1617 1237 1659; x_wconf 88' lang='lat' dir='ltr'><strong>H,</strong></span> <span class='ocrx_word' id='word_1_147' title='bbox 1264 1618 1333 1654; x_wconf 88' lang='grc'><strong>248</strong></span> <span class='ocrx_word' id='word_1_148' title='bbox 1358 1630 1435 1665; x_wconf 86' lang='lat' dir='ltr'><strong>seq.</strong></span> 
     </span>
    </p>

    <p class='ocr_par' dir='ltr' id='par_1_9' title="bbox 197 1670 1681 1954">
     <span class='ocr_line' id='line_1_24' title="bbox 294 1670 1680 1719; baseline 0.008 -13"><span class='ocrx_word' id='word_1_149' title='bbox 294 1670 373 1706; x_wconf 84' lang='lat'><strong>191.</strong></span> <span class='ocrx_word' id='word_1_150' title='bbox 420 1671 619 1716; x_wconf 73' lang='lat' dir='ltr'><strong>festinaque</strong></span> <span class='ocrx_word' id='word_1_151' title='bbox 642 1673 798 1708; x_wconf 77' lang='lat' dir='ltr'><strong>coniunx</strong></span> <span class='ocrx_word' id='word_1_152' title='bbox 820 1673 918 1715; x_wconf 52' lang='lat' dir='ltr'><strong>Vae,</strong></span> <span class='ocrx_word' id='word_1_153' title='bbox 945 1675 1044 1719; x_wconf 85' lang='lat' dir='ltr'><strong>quod</strong></span> <span class='ocrx_word' id='word_1_154' title='bbox 1068 1686 1091 1710; x_wconf 86' lang='lat' dir='ltr'><strong>a</strong></span> <span class='ocrx_word' id='word_1_155' title='bbox 1115 1676 1242 1712; x_wconf 87' lang='lat' dir='ltr'><strong>multis</strong></span> <span class='ocrx_word' id='word_1_156' title='bbox 1267 1677 1355 1713; x_wconf 84' lang='lat' dir='ltr'><strong>viris</strong></span> <span class='ocrx_word' id='word_1_157' title='bbox 1381 1679 1500 1715; x_wconf 88' lang='lat' dir='ltr'><strong>doctis</strong></span> <span class='ocrx_word' id='word_1_158' title='bbox 1531 1680 1571 1715; x_wconf 90' lang='lat' dir='ltr'><strong>in</strong></span> <span class='ocrx_word' id='word_1_159' title='bbox 1603 1693 1680 1717; x_wconf 87' lang='lat' dir='ltr'><strong>sus-</strong></span> 
     </span>
     <span class='ocr_line' id='line_1_25' title="bbox 198 1729 1681 1785; baseline 0.008 -21"><span class='ocrx_word' id='word_1_160' title='bbox 198 1729 384 1775; x_wconf 79' lang='lat' dir='ltr'><strong>picionem</strong></span> <span class='ocrx_word' id='word_1_161' title='bbox 408 1732 583 1766; x_wconf 84' lang='lat' dir='ltr'><strong>vocatum</strong></span> <span class='ocrx_word' id='word_1_162' title='bbox 608 1732 675 1773; x_wconf 78' lang='lat' dir='ltr'><strong>est,</strong></span> <span class='ocrx_word' id='word_1_163' title='bbox 711 1732 778 1768; x_wconf 85' lang='lat' dir='ltr'><strong>sed</strong></span> <span class='ocrx_word' id='word_1_164' title='bbox 801 1732 998 1779; x_wconf 89' lang='lat' dir='ltr'><strong>immerito,</strong></span> <span class='ocrx_word' id='word_1_165' title='bbox 1029 1736 1072 1769; x_wconf 87' lang='lat' dir='ltr'><strong>ut</strong></span> <span class='ocrx_word' id='word_1_166' title='bbox 1105 1735 1263 1774; x_wconf 83' lang='lat' dir='ltr'><strong>videtur.</strong></span> <span class='ocrx_word' id='word_1_167' title='bbox 1300 1737 1492 1774; x_wconf 87' lang='lat' dir='ltr'><strong>Burmann</strong></span> <span class='ocrx_word' id='word_1_168' title='bbox 1518 1740 1681 1785; x_wconf 83' lang='lat' dir='ltr'><strong>explicat</strong></span> 
     </span>
     <span class='ocr_line' id='line_1_26' title="bbox 201 1788 1677 1846; baseline 0.009 -23"><span class='ocrx_word' id='word_1_169' title='bbox 201 1794 278 1834; x_wconf 77' lang='lat' dir='ltr'><strong>‘per</strong></span> <span class='ocrx_word' id='word_1_170' title='bbox 302 1788 430 1834; x_wconf 83' lang='lat' dir='ltr'><strong>epulas</strong></span> <span class='ocrx_word' id='word_1_171' title='bbox 455 1789 504 1824; x_wconf 86' lang='lat' dir='ltr'><strong>ad</strong></span> <span class='ocrx_word' id='word_1_172' title='bbox 529 1789 673 1826; x_wconf 87' lang='lat' dir='ltr'><strong>facinus</strong></span> <span class='ocrx_word' id='word_1_173' title='bbox 698 1790 952 1834; x_wconf 83' lang='lat' dir='ltr'><strong>festinabant’3</strong></span> <span class='ocrx_word' id='word_1_174' title='bbox 978 1793 1121 1828; x_wconf 84' lang='lat' dir='ltr'><strong>nullam</strong></span> <span class='ocrx_word' id='word_1_175' title='bbox 1145 1806 1290 1830; x_wconf 87' lang='lat' dir='ltr'><strong>moram</strong></span> <span class='ocrx_word' id='word_1_176' title='bbox 1314 1797 1487 1834; x_wconf 85' lang='lat' dir='ltr'><strong>mulieres</strong></span> <span class='ocrx_word' id='word_1_177' title='bbox 1512 1798 1677 1846; x_wconf 87' lang='lat' dir='ltr'><strong>interpo-</strong></span> 
     </span>
     <span class='ocr_line' id='line_1_27' title="bbox 197 1847 1677 1903; baseline 0.008 -21"><span class='ocrx_word' id='word_1_178' title='bbox 197 1847 341 1883; x_wconf 79' lang='lat' dir='ltr'><strong>nebant</strong></span> <span class='ocrx_word' id='word_1_179' title='bbox 372 1847 475 1883; x_wconf 79' lang='lat' dir='ltr'><strong>aliud</strong></span> <span class='ocrx_word' id='word_1_180' title='bbox 499 1849 655 1894; x_wconf 79' lang='lat' dir='ltr'><strong>agendo,</strong></span> <span class='ocrx_word' id='word_1_181' title='bbox 694 1849 760 1885; x_wconf 88' lang='lat' dir='ltr'><strong>cfr.</strong></span> <span class='ocrx_word' id='word_1_182' title='bbox 786 1850 899 1896; x_wconf 85' lang='lat' dir='ltr'><strong>Verg.</strong></span> <span class='ocrx_word' id='word_1_183' title='bbox 925 1851 1016 1887; x_wconf 93' lang='lat' dir='ltr'><strong>Aen.</strong></span> <span class='ocrx_word' id='word_1_184' title='bbox 1055 1852 1117 1894; x_wconf 76' lang='lat' dir='ltr'><strong>IX,</strong></span> <span class='ocrx_word' id='word_1_185' title='bbox 1155 1853 1225 1889; x_wconf 89' lang='grc'><strong>488</strong></span> <span class='ocrx_word' id='word_1_186' title='bbox 1261 1855 1326 1890; x_wconf 78' lang='lat' dir='ltr'><strong>tibi</strong></span> <span class='ocrx_word' id='word_1_187' title='bbox 1361 1867 1466 1900; x_wconf 74' lang='lat' dir='ltr'><strong>quam</strong></span> <span class='ocrx_word' id='word_1_188' title='bbox 1504 1859 1677 1903; x_wconf 87' lang='lat' dir='ltr'><strong>(vestem)</strong></span> 
     </span>
     <span class='ocr_line' id='line_1_28' title="bbox 197 1906 844 1954; baseline 0.003 -12"><span class='ocrx_word' id='word_1_189' title='bbox 197 1909 314 1942; x_wconf 75' lang='lat' dir='ltr'><strong>noctes</strong></span> <span class='ocrx_word' id='word_1_190' title='bbox 334 1906 469 1949; x_wconf 76' lang='lat' dir='ltr'><strong>festina</strong></span> <span class='ocrx_word' id='word_1_191' title='bbox 493 1907 634 1952; x_wconf 72' lang='lat' dir='ltr'><strong>die-sque</strong></span> <span class='ocrx_word' id='word_1_192' title='bbox 663 1908 844 1954; x_wconf 72' lang='lat' dir='ltr'><strong>Urqebam.</strong></span> 
     </span>
    </p>

    <p class='ocr_par' dir='ltr' id='par_1_10' title="bbox 194 1965 1678 2254">
     <span class='ocr_line' id='line_1_29' title="bbox 291 1965 1676 2021; baseline 0.009 -21"><span class='ocrx_word' id='word_1_193' title='bbox 291 1965 370 2002; x_wconf 85' lang='lat'><strong>193.</strong></span> <span class='ocrx_word' id='word_1_194' title='bbox 419 1965 583 2002; x_wconf 84' lang='lat' dir='ltr'><strong>Theseus</strong></span> <span class='ocrx_word' id='word_1_195' title='bbox 610 1969 648 2002; x_wconf 89' lang='lat' dir='ltr'><strong>et</strong></span> <span class='ocrx_word' id='word_1_196' title='bbox 672 1967 858 2014; x_wconf 82' lang='lat' dir='ltr'><strong>Phlegyas</strong></span> <span class='ocrx_word' id='word_1_197' title='bbox 889 1982 965 2005; x_wconf 88' lang='lat' dir='ltr'><strong>una</strong></span> <span class='ocrx_word' id='word_1_198' title='bbox 996 1971 1236 2007; x_wconf 85' lang='lat' dir='ltr'><strong>nominantur</strong></span> <span class='ocrx_word' id='word_1_199' title='bbox 1270 1974 1384 2009; x_wconf 85' lang='lat' dir='ltr'><strong>etiam</strong></span> <span class='ocrx_word' id='word_1_200' title='bbox 1410 1986 1433 2010; x_wconf 89' lang='lat' dir='ltr'><strong>a</strong></span> <span class='ocrx_word' id='word_1_201' title='bbox 1457 1975 1566 2021; x_wconf 86' lang='lat' dir='ltr'><strong>Verg.</strong></span> <span class='ocrx_word' id='word_1_202' title='bbox 1586 1977 1676 2013; x_wconf 87' lang='lat' dir='ltr'><strong>Aen.</strong></span> 
     </span>
     <span class='ocr_line' id='line_1_30' title="bbox 195 2023 1678 2075; baseline 0.009 -17"><span class='ocrx_word' id='word_1_203' title='bbox 195 2023 257 2066; x_wconf 77' lang='lat' dir='ltr'><strong>VI,</strong></span> <span class='ocrx_word' id='word_1_204' title='bbox 283 2023 365 2061; x_wconf 86' lang='lat'><strong>618.</strong></span> <span class='ocrx_word' id='word_1_205' title='bbox 412 2024 604 2070; x_wconf 81' lang='lat' dir='ltr'><strong>Phlegyae</strong></span> <span class='ocrx_word' id='word_1_206' title='bbox 627 2025 743 2061; x_wconf 89' lang='lat' dir='ltr'><strong>filiam</strong></span> <span class='ocrx_word' id='word_1_207' title='bbox 768 2027 989 2064; x_wconf 89' lang='lat' dir='ltr'><strong>Coronidem</strong></span> <span class='ocrx_word' id='word_1_208' title='bbox 1014 2030 1148 2075; x_wconf 81' lang='lat' dir='ltr'><strong>Apollo</strong></span> <span class='ocrx_word' id='word_1_209' title='bbox 1186 2031 1345 2074; x_wconf 80' lang='lat' dir='ltr'><strong>vitiavit,</strong></span> <span class='ocrx_word' id='word_1_210' title='bbox 1383 2034 1482 2070; x_wconf 90' lang='lat' dir='ltr'><strong>unde</strong></span> <span class='ocrx_word' id='word_1_211' title='bbox 1506 2036 1678 2071; x_wconf 82' lang='lat' dir='ltr'><strong>Aescula-</strong></span> 
     </span>
     <span class='ocr_line' id='line_1_31' title="bbox 194 2082 1678 2138; baseline 0.009 -21"><span class='ocrx_word' id='word_1_212' title='bbox 194 2082 298 2128; x_wconf 86' lang='lat' dir='ltr'><strong>pium</strong></span> <span class='ocrx_word' id='word_1_213' title='bbox 333 2083 505 2129; x_wconf 80' lang='lat' dir='ltr'><strong>suscepit,</strong></span> <span class='ocrx_word' id='word_1_214' title='bbox 543 2084 610 2120; x_wconf 88' lang='lat' dir='ltr'><strong>sed</strong></span> <span class='ocrx_word' id='word_1_215' title='bbox 644 2086 755 2130; x_wconf 89' lang='lat' dir='ltr'><strong>pater</strong></span> <span class='ocrx_word' id='word_1_216' title='bbox 786 2086 914 2123; x_wconf 89' lang='lat' dir='ltr'><strong>dolore</strong></span> <span class='ocrx_word' id='word_1_217' title='bbox 945 2090 1135 2134; x_wconf 87' lang='lat' dir='ltr'><strong>correptus</strong></span> <span class='ocrx_word' id='word_1_218' title='bbox 1168 2091 1349 2136; x_wconf 87' lang='lat' dir='ltr'><strong>templum</strong></span> <span class='ocrx_word' id='word_1_219' title='bbox 1378 2092 1560 2138; x_wconf 85' lang='lat' dir='ltr'><strong>Apollinis</strong></span> <span class='ocrx_word' id='word_1_220' title='bbox 1591 2094 1678 2131; x_wconf 90' lang='lat' dir='ltr'><strong>Del-</strong></span> 
     </span>
     <span class='ocr_line' id='line_1_32' title="bbox 194 2141 1678 2191; baseline 0.009 -15"><span class='ocrx_word' id='word_1_221' title='bbox 194 2141 296 2188; x_wconf 87' lang='lat' dir='ltr'><strong>phici</strong></span> <span class='ocrx_word' id='word_1_222' title='bbox 317 2141 484 2178; x_wconf 87' lang='lat' dir='ltr'><strong>incendit</strong></span> <span class='ocrx_word' id='word_1_223' title='bbox 507 2143 664 2188; x_wconf 88' lang='lat' dir='ltr'><strong>ideoque</strong></span> <span class='ocrx_word' id='word_1_224' title='bbox 690 2144 767 2180; x_wconf 85' lang='lat' dir='ltr'><strong>eius</strong></span> <span class='ocrx_word' id='word_1_225' title='bbox 791 2145 938 2191; x_wconf 84' lang='lat' dir='ltr'><strong>sagittis</strong></span> <span class='ocrx_word' id='word_1_226' title='bbox 964 2147 1153 2184; x_wconf 83' lang='lat' dir='ltr'><strong>confossus</strong></span> <span class='ocrx_word' id='word_1_227' title='bbox 1179 2151 1218 2185; x_wconf 90' lang='lat' dir='ltr'><strong>et</strong></span> <span class='ocrx_word' id='word_1_228' title='bbox 1241 2149 1279 2185; x_wconf 90' lang='lat' dir='ltr'><strong>in</strong></span> <span class='ocrx_word' id='word_1_229' title='bbox 1296 2150 1494 2187; x_wconf 84' lang='lat' dir='ltr'><strong>Tartarum</strong></span> <span class='ocrx_word' id='word_1_230' title='bbox 1511 2153 1678 2190; x_wconf 84' lang='lat' dir='ltr'><strong>deiectus</strong></span> 
     </span>
     <span class='ocr_line' id='line_1_33' title="bbox 197 2200 1627 2254; baseline 0.008 -19"><span class='ocrx_word' id='word_1_231' title='bbox 197 2201 270 2242; x_wconf 79' lang='lat' dir='ltr'><strong>est;</strong></span> <span class='ocrx_word' id='word_1_232' title='bbox 294 2200 368 2236; x_wconf 84' lang='lat' dir='ltr'><strong>vid.</strong></span> <span class='ocrx_word' id='word_1_233' title='bbox 396 2200 498 2237; x_wconf 86' lang='lat' dir='ltr'><strong>Serv.</strong></span> <span class='ocrx_word' id='word_1_234' title='bbox 525 2202 574 2237; x_wconf 86' lang='lat' dir='ltr'><strong>ad</strong></span> <span class='ocrx_word' id='word_1_235' title='bbox 596 2202 707 2248; x_wconf 83' lang='lat' dir='ltr'><strong>Verg.</strong></span> <span class='ocrx_word' id='word_1_236' title='bbox 734 2204 824 2240; x_wconf 88' lang='lat' dir='ltr'><strong>Aen.</strong></span> <span class='ocrx_word' id='word_1_237' title='bbox 850 2204 911 2247; x_wconf 75' lang='lat' dir='ltr'><strong>VI,</strong></span> <span class='ocrx_word' id='word_1_238' title='bbox 938 2205 1026 2250; x_wconf 80' lang='lat'>6183</span> <span class='ocrx_word' id='word_1_239' title='bbox 1050 2208 1168 2252; x_wconf 74' lang='lat' dir='ltr'><strong>myth.</strong></span> <span class='ocrx_word' id='word_1_240' title='bbox 1193 2208 1277 2244; x_wconf 89' lang='lat' dir='ltr'><strong>Vat.</strong></span> <span class='ocrx_word' id='word_1_241' title='bbox 1304 2209 1333 2251; x_wconf 86' lang='grc' dir='ltr'><strong>Ι,</strong></span> <span class='ocrx_word' id='word_1_242' title='bbox 1360 2211 1445 2253; x_wconf 86' lang='grc'><strong>205;</strong></span> <span class='ocrx_word' id='word_1_243' title='bbox 1473 2211 1521 2254; x_wconf 91' lang='grc' dir='ltr'><strong>Π,</strong></span> <span class='ocrx_word' id='word_1_244' title='bbox 1550 2213 1627 2248; x_wconf 88' lang='grc'><strong>128.</strong></span> 
     </span>
    </p>
   </div>
   <div class='ocr_carea' id='block_1_6' title="bbox 195 2271 1676 2503">
    <p class='ocr_par' dir='ltr' id='par_1_11' title="bbox 195 2271 1676 2503">
     <span class='ocr_line' id='line_1_34' title="bbox 290 2271 1676 2327; baseline 0.009 -20"><span class='ocrx_word' id='word_1_245' title='bbox 290 2271 370 2308; x_wconf 88' lang='grc'><strong>194.</strong></span> <span class='ocrx_word' id='word_1_246' title='bbox 419 2272 475 2308; x_wconf 89' lang='lat' dir='ltr'><strong>De</strong></span> <span class='ocrx_word' id='word_1_247' title='bbox 499 2284 540 2309; x_wconf 90' lang='lat' dir='ltr'><strong>re</strong></span> <span class='ocrx_word' id='word_1_248' title='bbox 566 2273 633 2310; x_wconf 85' lang='lat' dir='ltr'><strong>cfr.</strong></span> <span class='ocrx_word' id='word_1_249' title='bbox 659 2273 756 2310; x_wconf 85' lang='lat' dir='ltr'><strong>Stat.</strong></span> <span class='ocrx_word' id='word_1_250' title='bbox 781 2275 896 2311; x_wconf 88' lang='lat' dir='ltr'><strong>Theb.</strong></span> <span class='ocrx_word' id='word_1_251' title='bbox 922 2276 953 2319; x_wconf 85' lang='grc' dir='ltr'><strong>Ι,</strong></span> <span class='ocrx_word' id='word_1_252' title='bbox 981 2277 1048 2312; x_wconf 86' lang='grc'><strong>712</strong></span> <span class='ocrx_word' id='word_1_253' title='bbox 1073 2290 1185 2324; x_wconf 87' lang='lat' dir='ltr'><strong>seqq.</strong></span> <span class='ocrx_word' id='word_1_254' title='bbox 1218 2280 1283 2316; x_wconf 90' lang='lat' dir='ltr'><strong>ubi</strong></span> <span class='ocrx_word' id='word_1_255' title='bbox 1307 2281 1485 2327; x_wconf 85' lang='lat' dir='ltr'><strong>Megaera</strong></span> <span class='ocrx_word' id='word_1_256' title='bbox 1510 2284 1676 2319; x_wconf 87' lang='lat' dir='ltr'><strong>nomina-</strong></span> 
     </span>
     <span class='ocr_line' id='line_1_35' title="bbox 195 2330 1675 2387; baseline 0.009 -22"><span class='ocrx_word' id='word_1_257' title='bbox 195 2331 257 2366; x_wconf 87' lang='lat' dir='ltr'><strong>tur</strong></span> <span class='ocrx_word' id='word_1_258' title='bbox 279 2342 349 2377; x_wconf 87' lang='lat' dir='ltr'><strong>pro</strong></span> <span class='ocrx_word' id='word_1_259' title='bbox 365 2330 576 2377; x_wconf 87' lang='lat' dir='ltr'><strong>Tisiphone.</strong></span> <span class='ocrx_word' id='word_1_260' title='bbox 624 2332 679 2367; x_wconf 86' lang='lat' dir='ltr'><strong>Ex</strong></span> <span class='ocrx_word' id='word_1_261' title='bbox 697 2333 808 2369; x_wconf 84' lang='lat' dir='ltr'><strong>Statii</strong></span> <span class='ocrx_word' id='word_1_262' title='bbox 823 2335 948 2371; x_wconf 85' lang='lat' dir='ltr'><strong>verbis</strong></span> <span class='ocrx_word' id='word_1_263' title='bbox 966 2339 1126 2382; x_wconf 87' lang='lat' dir='ltr'><strong>apparet</strong></span> <span class='ocrx_word' id='word_1_264' title='bbox 1142 2337 1369 2384; x_wconf 89' lang='lat' dir='ltr'><strong>Tisiphonen</strong></span> <span class='ocrx_word' id='word_1_265' title='bbox 1387 2343 1675 2387; x_wconf 82' lang='lat' dir='ltr'><strong>praegustandis</strong></span> 
     </span>
     <span class='ocr_line' id='line_1_36' title="bbox 195 2387 1674 2441; baseline 0.008 -16"><span class='ocrx_word' id='word_1_266' title='bbox 195 2387 354 2436; x_wconf 75' lang='lat' dir='ltr'><strong>dapibus</strong></span> <span class='ocrx_word' id='word_1_267' title='bbox 379 2389 572 2428; x_wconf 79' lang='lat' dir='ltr'><strong>fastidium</strong></span> <span class='ocrx_word' id='word_1_268' title='bbox 597 2391 732 2428; x_wconf 87' lang='lat' dir='ltr'><strong>edenli</strong></span> <span class='ocrx_word' id='word_1_269' title='bbox 756 2393 946 2440; x_wconf 85' lang='lat' dir='ltr'><strong>Phlegyae</strong></span> <span class='ocrx_word' id='word_1_270' title='bbox 973 2397 1011 2431; x_wconf 79' lang='lat' dir='ltr'><strong>et</strong></span> <span class='ocrx_word' id='word_1_271' title='bbox 1044 2395 1188 2433; x_wconf 88' lang='lat' dir='ltr'><strong>Theseo</strong></span> <span class='ocrx_word' id='word_1_272' title='bbox 1207 2399 1381 2441; x_wconf 83' lang='lat' dir='ltr'><strong>movisse,</strong></span> <span class='ocrx_word' id='word_1_273' title='bbox 1414 2400 1468 2435; x_wconf 85' lang='lat' dir='ltr'><strong>ita</strong></span> <span class='ocrx_word' id='word_1_274' title='bbox 1502 2402 1544 2436; x_wconf 90' lang='lat' dir='ltr'><strong>ut</strong></span> <span class='ocrx_word' id='word_1_275' title='bbox 1574 2401 1674 2438; x_wconf 86' lang='lat' dir='ltr'><strong>fame</strong></span> 
     </span>
     <span class='ocr_line' id='line_1_37' title="bbox 195 2448 1674 2503; baseline 0.008 -20"><span class='ocrx_word' id='word_1_276' title='bbox 195 2448 412 2493; x_wconf 77' lang='lat' dir='ltr'><strong>gravissime</strong></span> <span class='ocrx_word' id='word_1_277' title='bbox 435 2451 678 2493; x_wconf 82' lang='lat' dir='ltr'><strong>vexarentur;</strong></span> <span class='ocrx_word' id='word_1_278' title='bbox 705 2452 806 2498; x_wconf 87' lang='lat' dir='ltr'><strong>apud</strong></span> <span class='ocrx_word' id='word_1_279' title='bbox 828 2452 940 2499; x_wconf 89' lang='lat' dir='ltr'><strong>Verg.</strong></span> <span class='ocrx_word' id='word_1_280' title='bbox 966 2454 1057 2490; x_wconf 85' lang='lat' dir='ltr'><strong>Aen.</strong></span> <span class='ocrx_word' id='word_1_281' title='bbox 1078 2455 1139 2497; x_wconf 79' lang='lat' dir='ltr'><strong>VI,</strong></span> <span class='ocrx_word' id='word_1_282' title='bbox 1166 2456 1271 2492; x_wconf 91' lang='grc'><strong>606</strong></span> <span class='ocrx_word' id='word_1_283' title='bbox 1259 2458 1349 2503; x_wconf 77' lang='lat' dir='ltr'><strong>ipsis</strong></span> <span class='ocrx_word' id='word_1_284' title='bbox 1373 2459 1544 2495; x_wconf 87' lang='lat' dir='ltr'><strong>manibus</strong></span> <span class='ocrx_word' id='word_1_285' title='bbox 1576 2460 1674 2495; x_wconf 83' lang='lat' dir='ltr'><strong>furia</strong></span> 
     </span>
    </p>
   </div>
   <div class='ocr_carea' id='block_1_7' title="bbox 194 2507 1673 2612">
    <p class='ocr_par' dir='ltr' id='par_1_12' title="bbox 194 2507 1673 2612">
     <span class='ocr_line' id='line_1_38' title="bbox 194 2507 1673 2564; baseline 0.009 -22"><span class='ocrx_word' id='word_1_286' title='bbox 194 2507 371 2552; x_wconf 82' lang='lat' dir='ltr'><strong>prohibet</strong></span> <span class='ocrx_word' id='word_1_287' title='bbox 386 2507 556 2545; x_wconf 81' lang='lat' dir='ltr'><strong>Ixionem</strong></span> <span class='ocrx_word' id='word_1_288' title='bbox 571 2509 863 2557; x_wconf 80' lang='lat' dir='ltr'><strong>Pirithoumque,</strong></span> <span class='ocrx_word' id='word_1_289' title='bbox 882 2513 1076 2558; x_wconf 86' lang='lat' dir='ltr'><strong>quominus</strong></span> <span class='ocrx_word' id='word_1_290' title='bbox 1094 2515 1222 2560; x_wconf 83' lang='lat' dir='ltr'><strong>epulas</strong></span> <span class='ocrx_word' id='word_1_291' title='bbox 1243 2517 1539 2562; x_wconf 85' lang='lat' dir='ltr'><strong>splendidissime</strong></span> <span class='ocrx_word' id='word_1_292' title='bbox 1560 2530 1673 2564; x_wconf 82' lang='lat' dir='ltr'><strong>appa—</strong></span> 
     </span>
     <span class='ocr_line' id='line_1_39' title="bbox 194 2567 524 2612; baseline 0.012 -12"><span class='ocrx_word' id='word_1_293' title='bbox 194 2567 297 2602; x_wconf 80' lang='lat' dir='ltr'><strong>ratas</strong></span> <span class='ocrx_word' id='word_1_294' title='bbox 322 2567 524 2612; x_wconf 75' lang='lat' dir='ltr'><strong>attingant.</strong></span> 
     </span>
    </p>
   </div>
   <div class='ocr_carea' id='block_1_8' title="bbox 289 2623 1669 2739">
    <p class='ocr_par' dir='ltr' id='par_1_13' title="bbox 289 2623 1669 2739">
     <span class='ocr_line' id='line_1_40' title="bbox 289 2623 1215 2678; baseline 0.011 -19"><span class='ocrx_word' id='word_1_295' title='bbox 289 2623 366 2660; x_wconf 79' lang='grc'><strong>195.</strong></span> <span class='ocrx_word' id='word_1_296' title='bbox 416 2629 582 2663; x_wconf 77' lang='lat' dir='ltr'><strong>tormenti</strong></span> <span class='ocrx_word' id='word_1_297' title='bbox 602 2638 729 2673; x_wconf 51' lang='lat' dir='ltr'><strong>yeme&amp;</strong></span> <span class='ocrx_word' id='word_1_298' title='bbox 754 2629 864 2676; x_wconf 85' lang='lat' dir='ltr'><strong>Verg.</strong></span> <span class='ocrx_word' id='word_1_299' title='bbox 890 2631 981 2667; x_wconf 83' lang='lat' dir='ltr'><strong>Aen.</strong></span> <span class='ocrx_word' id='word_1_300' title='bbox 1007 2632 1109 2678; x_wconf 89' lang='lat' dir='ltr'>VIII,</span> <span class='ocrx_word' id='word_1_301' title='bbox 1134 2633 1215 2670; x_wconf 86' lang='lat'>487.</span> 
     </span>
     <span class='ocr_line' id='line_1_41' title="bbox 292 2682 1669 2739; baseline 0.009 -21"><span class='ocrx_word' id='word_1_302' title='bbox 292 2682 369 2718; x_wconf 90' lang='grc'><strong>196.</strong></span> <span class='ocrx_word' id='word_1_303' title='bbox 419 2683 527 2721; x_wconf 88' lang='lat' dir='ltr'><strong>Thilo</strong></span> <span class='ocrx_word' id='word_1_304' title='bbox 551 2686 671 2731; x_wconf 86' lang='lat' dir='ltr'><strong>praef.</strong></span> <span class='ocrx_word' id='word_1_305' title='bbox 697 2687 836 2723; x_wconf 88' lang='lat' dir='ltr'>XXVII</span> <span class='ocrx_word' id='word_1_306' title='bbox 860 2691 971 2735; x_wconf 86' lang='lat' dir='ltr'><strong>putat</strong></span> <span class='ocrx_word' id='word_1_307' title='bbox 999 2692 1152 2736; x_wconf 88' lang='lat' dir='ltr'><strong>poetam</strong></span> <span class='ocrx_word' id='word_1_308' title='bbox 1182 2692 1302 2738; x_wconf 88' lang='lat' dir='ltr'><strong>ipsum</strong></span> <span class='ocrx_word' id='word_1_309' title='bbox 1337 2705 1460 2729; x_wconf 88' lang='lat' dir='ltr'><strong>secum</strong></span> <span class='ocrx_word' id='word_1_310' title='bbox 1492 2706 1669 2739; x_wconf 73' lang='lat' dir='ltr'><strong>pugnare,</strong></span> 
     </span>
    </p>
   </div>
  </div>
 </body>
</html>
