<?xml version="1.0" encoding="UTF-8"?>
<!DOCTYPE html PUBLIC "-//W3C//DTD XHTML 1.0 Transitional//EN"
    "http://www.w3.org/TR/xhtml1/DTD/xhtml1-transitional.dtd">
<html xmlns="http://www.w3.org/1999/xhtml" xml:lang="en" lang="en">
 <head>
  <title>
</title>
<meta http-equiv="Content-Type" content="text/html;charset=utf-8" />
  <meta name='ocr-system' content='tesseract 3.04.00' />
  <meta name='ocr-capabilities' content='ocr_page ocr_carea ocr_par ocr_line ocrx_word'/>
</head>
<body>
  <div class='ocr_page' id='page_1' title='image "argonauticonlibr00valeuoft_0031.png"; bbox 0 0 1890 3100; ppageno 0'>
   <div class='ocr_carea' id='block_1_1' title="bbox 621 225 1669 270">
    <p class='ocr_par' dir='ltr' id='par_1_1' title="bbox 621 225 1669 270">
     <span class='ocr_line' id='line_1_1' title="bbox 621 225 1669 270; baseline -0.005 -5"><span class='ocrx_word' id='word_1_1' title='bbox 621 226 1010 265; x_wconf 83' lang='lat' dir='ltr'>ARGONAV&#39;I&#39;ICON</span> <span class='ocrx_word' id='word_1_2' title='bbox 1033 225 1181 261; x_wconf 86' lang='lat' dir='ltr'>LIBER</span> <span class='ocrx_word' id='word_1_3' title='bbox 1204 225 1233 260; x_wconf 91' lang='grc' dir='ltr'><strong>Ι.</strong></span> <span class='ocrx_word' id='word_1_4' title='bbox 1614 227 1669 270; x_wconf 82' lang='lat'><strong>21</strong></span> 
     </span>
    </p>
   </div>
   <div class='ocr_carea' id='block_1_2' title="bbox 167 294 1753 534">
    <p class='ocr_par' dir='ltr' id='par_1_2' title="bbox 167 294 1753 534">
     <span class='ocr_line' id='line_1_2' title="bbox 236 294 287 315; baseline 0 -6"><span class='ocrx_word' id='word_1_5' title='bbox 236 294 287 315; x_wconf 39' lang='lat' dir='ltr'><strong>‘s</strong></span> 
     </span>
     <span class='ocr_line' id='line_1_3' title="bbox 167 306 1708 406; baseline -0.001 -20"><span class='ocrx_word' id='word_1_6' title='bbox 167 384 170 385; x_wconf 14' lang='grc' dir='ltr'><em>γ</em></span> <span class='ocrx_word' id='word_1_7' title='bbox 199 306 491 406; x_wconf 49' lang='grc' dir='ltr'><strong>”’”“Ξὲῐν8ἰᾶοιι</strong></span> <span class='ocrx_word' id='word_1_8' title='bbox 516 348 715 400; x_wconf 80' lang='lat' dir='ltr'>Nilusque</span> <span class='ocrx_word' id='word_1_9' title='bbox 742 351 861 385; x_wconf 85' lang='lat' dir='ltr'><strong>rates.</strong></span> <span class='ocrx_word' id='word_1_10' title='bbox 917 358 1024 383; x_wconf 88' lang='lat' dir='ltr'><strong>nunc</strong></span> <span class='ocrx_word' id='word_1_11' title='bbox 1050 349 1189 382; x_wconf 86' lang='lat' dir='ltr'><strong>nostra</strong></span> <span class='ocrx_word' id='word_1_12' title='bbox 1216 356 1382 382; x_wconf 86' lang='lat' dir='ltr'><strong>serenus</strong></span> <span class='ocrx_word' id='word_1_13' title='bbox 1520 383 1537 401; x_wconf 33' lang='lat' dir='ltr'>a</span> <span class='ocrx_word' id='word_1_14' title='bbox 1670 348 1708 377; x_wconf 84' lang='lat'><strong>20</strong></span> 
     </span>
     <span class='ocr_line' id='line_1_4' title="bbox 300 404 1753 464; baseline -0.002 -10"><span class='ocrx_word' id='word_1_15' title='bbox 300 428 391 454; x_wconf 83' lang='lat' dir='ltr'><strong>orsa</strong></span> <span class='ocrx_word' id='word_1_16' title='bbox 415 415 542 461; x_wconf 80' lang='lat' dir='ltr'><strong>iuves,</strong></span> <span class='ocrx_word' id='word_1_17' title='bbox 570 413 672 451; x_wconf 87' lang='lat' dir='ltr'><strong>haec</strong></span> <span class='ocrx_word' id='word_1_18' title='bbox 699 417 745 449; x_wconf 86' lang='lat' dir='ltr'><strong>ut</strong></span> <span class='ocrx_word' id='word_1_19' title='bbox 770 411 907 464; x_wconf 53' lang='lat' dir='ltr'><strong>Latias</strong></span> <span class='ocrx_word' id='word_1_20' title='bbox 935 423 1016 448; x_wconf 83' lang='lat' dir='ltr'><strong>vox</strong></span> <span class='ocrx_word' id='word_1_21' title='bbox 1042 408 1209 461; x_wconf 87' lang='lat' dir='ltr'><strong>impleat</strong></span> <span class='ocrx_word' id='word_1_22' title='bbox 1234 408 1367 447; x_wconf 84' lang='lat' dir='ltr'><strong>urbes.</strong></span> <span class='ocrx_word' id='word_1_23' title='bbox 1428 412 1479 437; x_wconf 40' lang='grc' dir='ltr'><strong>’ἔτ</strong></span> <span class='ocrx_word' id='word_1_24' title='bbox 1504 404 1527 436; x_wconf 68' lang='grc' dir='ltr'><strong>Ῑ”·</strong></span> <span class='ocrx_word' id='word_1_25' title='bbox 1543 408 1560 434; x_wconf 64' lang='lat'><strong>²2*</strong></span> <span class='ocrx_word' id='word_1_26' title='bbox 1575 423 1606 433; x_wconf 52' lang='grc' dir='ltr'><em>Ν</em></span> <span class='ocrx_word' id='word_1_27' title='bbox 1624 415 1686 434; x_wconf 44' lang='lat'><strong>¹³*</strong></span> <span class='ocrx_word' id='word_1_28' title='bbox 1703 414 1753 434; x_wconf 55' lang='grc' dir='ltr'><em>Μ</em></span> 
     </span>
     <span class='ocr_line' id='line_1_5' title="bbox 192 463 1439 534; baseline -0.003 -19"><span class='ocrx_word' id='word_1_29' title='bbox 192 463 281 534; x_wconf 43' lang='lat'><strong>²¹5³]</strong></span> <span class='ocrx_word' id='word_1_30' title='bbox 402 478 668 529; x_wconf 70' lang='lat' dir='ltr'><strong>Haemoniam</strong></span> <span class='ocrx_word' id='word_1_31' title='bbox 695 476 831 529; x_wconf 88' lang='lat' dir='ltr'><strong>primis</strong></span> <span class='ocrx_word' id='word_1_32' title='bbox 859 475 993 513; x_wconf 82' lang='lat' dir='ltr'><strong>Pelias</strong></span> <span class='ocrx_word' id='word_1_33' title='bbox 1022 473 1207 512; x_wconf 82' lang='lat' dir='ltr'><strong>frenabat</strong></span> <span class='ocrx_word' id='word_1_34' title='bbox 1234 473 1284 512; x_wconf 88' lang='lat' dir='ltr'><strong>ab</strong></span> <span class='ocrx_word' id='word_1_35' title='bbox 1314 474 1439 521; x_wconf 89' lang='lat' dir='ltr'><strong>annis,</strong></span> 
     </span>
    </p>
   </div>
   <div class='ocr_carea' id='block_1_3' title="bbox 0 0 193 626">
    <p class='ocr_par' dir='ltr' id='par_1_3' title="bbox 0 0 193 626">
     <span class='ocr_line' id='line_1_6' title="bbox 0 0 193 626; baseline 0 2474"><span class='ocrx_word' id='word_1_36' title='bbox 0 0 193 626; x_wconf 95' lang='lat' dir='ltr'><strong> </strong></span> 
     </span>
    </p>
   </div>
   <div class='ocr_carea' id='block_1_4' title="bbox 294 538 1446 596">
    <p class='ocr_par' dir='ltr' id='par_1_4' title="bbox 294 538 1446 596">
     <span class='ocr_line' id='line_1_7' title="bbox 294 538 1446 596; baseline -0.006 -13"><span class='ocrx_word' id='word_1_37' title='bbox 294 545 373 583; x_wconf 88' lang='lat' dir='ltr'><strong>iam</strong></span> <span class='ocrx_word' id='word_1_38' title='bbox 401 543 533 595; x_wconf 84' lang='lat' dir='ltr'><strong>gravis</strong></span> <span class='ocrx_word' id='word_1_39' title='bbox 563 548 605 580; x_wconf 86' lang='lat' dir='ltr'><strong>et</strong></span> <span class='ocrx_word' id='word_1_40' title='bbox 630 541 778 592; x_wconf 86' lang='lat' dir='ltr'><strong>longus</strong></span> <span class='ocrx_word' id='word_1_41' title='bbox 806 540 965 593; x_wconf 87' lang='lat' dir='ltr'><strong>populis</strong></span> <span class='ocrx_word' id='word_1_42' title='bbox 993 545 1143 578; x_wconf 82' lang='lat' dir='ltr'><strong>metus:</strong></span> <span class='ocrx_word' id='word_1_43' title='bbox 1171 538 1294 596; x_wconf 40' lang='lat' dir='ltr'><strong>illius„</strong></span> <span class='ocrx_word' id='word_1_44' title='bbox 1308 552 1446 577; x_wconf 85' lang='lat' dir='ltr'><strong>amnes</strong></span> 
     </span>
    </p>
   </div>
   <div class='ocr_carea' id='block_1_5' title="bbox 189 639 471 647">
    <p class='ocr_par' dir='ltr' id='par_1_5' title="bbox 189 639 471 647">
     <span class='ocr_line' id='line_1_8' title="bbox 189 639 471 647; baseline 0 2453"><span class='ocrx_word' id='word_1_45' title='bbox 189 639 471 647; x_wconf 95' lang='lat' dir='ltr'><strong> </strong></span> 
     </span>
    </p>
   </div>
   <div class='ocr_carea' id='block_1_6' title="bbox 176 679 1685 2732">
    <p class='ocr_par' dir='ltr' id='par_1_6' title="bbox 189 679 1676 904">
     <span class='ocr_line' id='line_1_9' title="bbox 307 679 1674 721; baseline -0.005 0"><span class='ocrx_word' id='word_1_46' title='bbox 307 684 364 721; x_wconf 90' lang='grc'><strong>20.</strong></span> <span class='ocrx_word' id='word_1_47' title='bbox 387 694 531 720; x_wconf 73' lang='lat' dir='ltr'><strong>serenus</strong></span> <span class='ocrx_word' id='word_1_48' title='bbox 555 683 602 718; x_wconf 88' lang='lat' dir='ltr'><strong>de</strong></span> <span class='ocrx_word' id='word_1_49' title='bbox 627 682 753 718; x_wconf 84' lang='lat' dir='ltr'><strong>fronte</strong></span> <span class='ocrx_word' id='word_1_50' title='bbox 778 682 840 718; x_wconf 84' lang='lat' dir='ltr'><strong>vel</strong></span> <span class='ocrx_word' id='word_1_51' title='bbox 864 681 971 716; x_wconf 86' lang='lat' dir='ltr'><strong>vultu</strong></span> <span class='ocrx_word' id='word_1_52' title='bbox 995 680 1224 716; x_wconf 73' lang='lat' dir='ltr'><strong>transfertur</strong></span> <span class='ocrx_word' id='word_1_53' title='bbox 1241 680 1291 714; x_wconf 90' lang='lat' dir='ltr'><strong>ad</strong></span> <span class='ocrx_word' id='word_1_54' title='bbox 1304 679 1478 721; x_wconf 88' lang='lat' dir='ltr'><strong>animum,</strong></span> <span class='ocrx_word' id='word_1_55' title='bbox 1504 679 1674 715; x_wconf 90' lang='lat' dir='ltr'><strong>hocloco</strong></span> 
     </span>
     <span class='ocr_line' id='line_1_10' title="bbox 189 738 1676 790; baseline -0.005 -10"><span class='ocrx_word' id='word_1_56' title='bbox 189 745 215 781; x_wconf 90' lang='lat' dir='ltr'><strong>i.</strong></span> <span class='ocrx_word' id='word_1_57' title='bbox 251 756 286 790; x_wconf 88' lang='lat' dir='ltr'><strong>q.</strong></span> <span class='ocrx_word' id='word_1_58' title='bbox 327 742 521 790; x_wconf 87' lang='lat' dir='ltr'><strong>propitius,</strong></span> <span class='ocrx_word' id='word_1_59' title='bbox 562 743 606 776; x_wconf 91' lang='lat' dir='ltr'><strong>ut</strong></span> <span class='ocrx_word' id='word_1_60' title='bbox 643 741 705 776; x_wconf 86' lang='lat' dir='ltr'><strong>Sil.</strong></span> <span class='ocrx_word' id='word_1_61' title='bbox 743 740 840 782; x_wconf 88' lang='lat' dir='ltr'>XIV,</span> <span class='ocrx_word' id='word_1_62' title='bbox 879 740 945 785; x_wconf 64' lang='lat'><strong>803</strong></span> <span class='ocrx_word' id='word_1_63' title='bbox 983 743 1139 774; x_wconf 81' lang='lat' dir='ltr'><strong>tractare</strong></span> <span class='ocrx_word' id='word_1_64' title='bbox 1173 749 1295 774; x_wconf 77' lang='lat' dir='ltr'><strong>sereno</strong></span> <span class='ocrx_word' id='word_1_65' title='bbox 1332 738 1479 783; x_wconf 76' lang='lat' dir='ltr'><strong>imperio</strong></span> <span class='ocrx_word' id='word_1_66' title='bbox 1514 739 1676 783; x_wconf 60' lang='lat' dir='ltr'><strong>vmqvam,-</strong></span> 
     </span>
     <span class='ocr_line' id='line_1_11' title="bbox 189 798 1676 847; baseline -0.005 -8"><span class='ocrx_word' id='word_1_67' title='bbox 189 803 349 839; x_wconf 79' lang='lat' dir='ltr'><strong>Venant.</strong></span> <span class='ocrx_word' id='word_1_68' title='bbox 373 801 476 840; x_wconf 83' lang='lat' dir='ltr'><strong>Fort.</strong></span> <span class='ocrx_word' id='word_1_69' title='bbox 499 800 564 847; x_wconf 79' lang='lat' dir='ltr'><strong>VI,</strong></span> <span class='ocrx_word' id='word_1_70' title='bbox 590 800 688 846; x_wconf 86' lang='lat'>1,90:</span> <span class='ocrx_word' id='word_1_71' title='bbox 713 800 838 835; x_wconf 76' lang='lat' dir='ltr'><strong>nubila</strong></span> <span class='ocrx_word' id='word_1_72' title='bbox 861 800 963 834; x_wconf 79' lang='lat' dir='ltr'><strong>nulla</strong></span> <span class='ocrx_word' id='word_1_73' title='bbox 978 802 1134 844; x_wconf 72' lang='lat' dir='ltr'><strong>yravant</strong></span> <span class='ocrx_word' id='word_1_74' title='bbox 1150 799 1327 843; x_wconf 79' lang='lat' dir='ltr'><strong>populum</strong></span> <span class='ocrx_word' id='word_1_75' title='bbox 1341 798 1407 833; x_wconf 66' lang='lat' dir='ltr'><strong>suh</strong></span> <span class='ocrx_word' id='word_1_76' title='bbox 1431 808 1511 843; x_wconf 73' lang='lat' dir='ltr'><strong>reqe</strong></span> <span class='ocrx_word' id='word_1_77' title='bbox 1535 808 1676 842; x_wconf 77' lang='lat' dir='ltr'><strong>sereno,-</strong></span> 
     </span>
     <span class='ocr_line' id='line_1_12' title="bbox 190 856 1556 904; baseline -0.007 -4"><span class='ocrx_word' id='word_1_78' title='bbox 190 861 258 900; x_wconf 61' lang='grc' dir='ltr'><strong>οὲ,</strong></span> <span class='ocrx_word' id='word_1_79' title='bbox 283 861 348 898; x_wconf 77' lang='lat' dir='ltr'><strong>OV.</strong></span> <span class='ocrx_word' id='word_1_80' title='bbox 376 872 422 896; x_wconf 89' lang='lat' dir='ltr'><strong>ex</strong></span> <span class='ocrx_word' id='word_1_81' title='bbox 444 860 486 895; x_wconf 91' lang='lat' dir='ltr'><strong>P.</strong></span> <span class='ocrx_word' id='word_1_82' title='bbox 510 860 560 901; x_wconf 86' lang='grc' dir='ltr'><strong>Π,</strong></span> <span class='ocrx_word' id='word_1_83' title='bbox 587 859 688 902; x_wconf 82' lang='grc'><strong>2,65;</strong></span> <span class='ocrx_word' id='word_1_84' title='bbox 714 859 824 894; x_wconf 87' lang='lat' dir='ltr'><strong>Mart.</strong></span> <span class='ocrx_word' id='word_1_85' title='bbox 852 858 967 904; x_wconf 80' lang='lat' dir='ltr'><strong>epigr.</strong></span> <span class='ocrx_word' id='word_1_86' title='bbox 994 857 1043 899; x_wconf 87' lang='lat' dir='ltr'><strong>H,</strong></span> <span class='ocrx_word' id='word_1_87' title='bbox 1069 858 1170 899; x_wconf 82' lang='lat'>24‚7;</span> <span class='ocrx_word' id='word_1_88' title='bbox 1195 857 1238 898; x_wconf 85' lang='lat' dir='ltr'><strong>V,</strong></span> <span class='ocrx_word' id='word_1_89' title='bbox 1266 857 1347 897; x_wconf 84' lang='lat'>6,9:</span> <span class='ocrx_word' id='word_1_90' title='bbox 1372 856 1437 898; x_wconf 87' lang='lat' dir='ltr'><strong>IX,</strong></span> <span class='ocrx_word' id='word_1_91' title='bbox 1463 857 1556 898; x_wconf 85' lang='lat'>24,3.</span> 
     </span>
    </p>

    <p class='ocr_par' dir='ltr' id='par_1_7' title="bbox 189 909 1680 1427">
     <span class='ocr_line' id='line_1_13' title="bbox 215 909 1674 964; baseline -0.003 -9"><span class='ocrx_word' id='word_1_92' title='bbox 215 909 232 928; x_wconf 65' lang='lat'><strong>⁹</strong></span> <span class='ocrx_word' id='word_1_93' title='bbox 307 920 364 955; x_wconf 91' lang='grc'><strong>21.</strong></span> <span class='ocrx_word' id='word_1_94' title='bbox 389 919 558 964; x_wconf 85' lang='lat' dir='ltr'><strong>Wagner</strong></span> <span class='ocrx_word' id='word_1_95' title='bbox 583 918 748 964; x_wconf 84' lang='lat' dir='ltr'><strong>explicat</strong></span> <span class='ocrx_word' id='word_1_96' title='bbox 768 915 852 963; x_wconf 81' lang='lat' dir='ltr'><strong>‘per</strong></span> <span class='ocrx_word' id='word_1_97' title='bbox 876 928 986 953; x_wconf 90' lang='lat' dir='ltr'><strong>omne</strong></span> <span class='ocrx_word' id='word_1_98' title='bbox 1011 916 1160 951; x_wconf 89' lang='lat' dir='ltr'><strong>Latium</strong></span> <span class='ocrx_word' id='word_1_99' title='bbox 1185 927 1336 951; x_wconf 88' lang='lat' dir='ltr'><strong>carmen</strong></span> <span class='ocrx_word' id='word_1_100' title='bbox 1360 916 1512 961; x_wconf 84' lang='lat' dir='ltr'><strong>legatur</strong></span> <span class='ocrx_word' id='word_1_101' title='bbox 1527 914 1674 957; x_wconf 87' lang='lat' dir='ltr'><strong>meum&#39;,</strong></span> 
     </span>
     <span class='ocr_line' id='line_1_14' title="bbox 191 974 1675 1024; baseline -0.004 -9"><span class='ocrx_word' id='word_1_102' title='bbox 191 979 260 1016; x_wconf 85' lang='lat' dir='ltr'><strong>sed</strong></span> <span class='ocrx_word' id='word_1_103' title='bbox 269 981 352 1015; x_wconf 88' lang='lat' dir='ltr'><strong>tam</strong></span> <span class='ocrx_word' id='word_1_104' title='bbox 365 978 532 1024; x_wconf 81' lang='lat' dir='ltr'><strong>angustis</strong></span> <span class='ocrx_word' id='word_1_105' title='bbox 545 977 679 1012; x_wconf 89' lang='lat' dir='ltr'><strong>finibus</strong></span> <span class='ocrx_word' id='word_1_106' title='bbox 693 978 808 1022; x_wconf 88' lang='lat' dir='ltr'><strong>poeta</strong></span> <span class='ocrx_word' id='word_1_107' title='bbox 815 976 974 1022; x_wconf 85' lang='lat' dir='ltr'><strong>gloriam</strong></span> <span class='ocrx_word' id='word_1_108' title='bbox 987 986 1092 1010; x_wconf 88' lang='lat' dir='ltr'><strong>suam</strong></span> <span class='ocrx_word' id='word_1_109' title='bbox 1106 974 1410 1010; x_wconf 80' lang='lat' dir='ltr'><strong>circumscribere</strong></span> <span class='ocrx_word' id='word_1_110' title='bbox 1424 976 1527 1010; x_wconf 87' lang='lat' dir='ltr'><strong>certe</strong></span> <span class='ocrx_word' id='word_1_111' title='bbox 1540 974 1675 1016; x_wconf 87' lang='lat' dir='ltr'><strong>noluit;</strong></span> 
     </span>
     <span class='ocr_line' id='line_1_15' title="bbox 189 1033 1678 1082; baseline -0.005 -7"><span class='ocrx_word' id='word_1_112' title='bbox 189 1051 266 1075; x_wconf 85' lang='lat' dir='ltr'><strong>non</strong></span> <span class='ocrx_word' id='word_1_113' title='bbox 289 1049 375 1074; x_wconf 83' lang='lat' dir='ltr'><strong>raro</strong></span> <span class='ocrx_word' id='word_1_114' title='bbox 391 1037 520 1073; x_wconf 86' lang='lat' dir='ltr'><strong>Latius</strong></span> <span class='ocrx_word' id='word_1_115' title='bbox 543 1048 612 1082; x_wconf 88' lang='lat' dir='ltr'><strong>pro</strong></span> <span class='ocrx_word' id='word_1_116' title='bbox 628 1036 798 1072; x_wconf 85' lang='lat' dir='ltr'><strong>Romano</strong></span> <span class='ocrx_word' id='word_1_117' title='bbox 822 1035 984 1081; x_wconf 90' lang='lat' dir='ltr'><strong>ponitur,</strong></span> <span class='ocrx_word' id='word_1_118' title='bbox 1009 1036 1054 1069; x_wconf 90' lang='lat' dir='ltr'><strong>ut</strong></span> <span class='ocrx_word' id='word_1_119' title='bbox 1077 1034 1179 1080; x_wconf 89' lang='lat' dir='ltr'><strong>apud</strong></span> <span class='ocrx_word' id='word_1_120' title='bbox 1197 1034 1263 1070; x_wconf 83' lang='lat' dir='ltr'><strong>Ov.</strong></span> <span class='ocrx_word' id='word_1_121' title='bbox 1280 1034 1378 1069; x_wconf 87' lang='lat' dir='ltr'><strong>trist.</strong></span> <span class='ocrx_word' id='word_1_122' title='bbox 1396 1033 1459 1075; x_wconf 90' lang='lat' dir='ltr'><strong>IV,</strong></span> <span class='ocrx_word' id='word_1_123' title='bbox 1485 1034 1543 1075; x_wconf 89' lang='grc'><strong>4,6</strong></span> <span class='ocrx_word' id='word_1_124' title='bbox 1558 1034 1678 1077; x_wconf 79' lang='lat' dir='ltr'><strong>forum</strong></span> 
     </span>
     <span class='ocr_line' id='line_1_16' title="bbox 191 1093 1679 1136; baseline -0.003 -3"><span class='ocrx_word' id='word_1_125' title='bbox 191 1097 341 1134; x_wconf 76' lang='lat' dir='ltr'><strong>Latium</strong></span> <span class='ocrx_word' id='word_1_126' title='bbox 365 1096 510 1132; x_wconf 85' lang='lat' dir='ltr'><strong>dicitur.</strong></span> <span class='ocrx_word' id='word_1_127' title='bbox 544 1095 681 1131; x_wconf 85' lang='lat' dir='ltr'><strong>Lucan.</strong></span> <span class='ocrx_word' id='word_1_128' title='bbox 707 1095 776 1136; x_wconf 85' lang='grc' dir='ltr'><strong>ΠΙ,</strong></span> <span class='ocrx_word' id='word_1_129' title='bbox 815 1093 885 1129; x_wconf 82' lang='grc'><strong>309</strong></span> <span class='ocrx_word' id='word_1_130' title='bbox 910 1095 1060 1129; x_wconf 78' lang='lat' dir='ltr'><strong>annales</strong></span> <span class='ocrx_word' id='word_1_131' title='bbox 1082 1093 1184 1128; x_wconf 79' lang='lat' dir='ltr'><strong>Latii</strong></span> <span class='ocrx_word' id='word_1_132' title='bbox 1213 1094 1252 1129; x_wconf 88' lang='lat' dir='ltr'><strong>et</strong></span> <span class='ocrx_word' id='word_1_133' title='bbox 1275 1093 1358 1129; x_wconf 89' lang='lat' dir='ltr'><strong>Val.</strong></span> <span class='ocrx_word' id='word_1_134' title='bbox 1383 1093 1433 1134; x_wconf 88' lang='lat' dir='ltr'><strong>H,</strong></span> <span class='ocrx_word' id='word_1_135' title='bbox 1471 1093 1543 1127; x_wconf 84' lang='lat'><strong>245</strong></span> <span class='ocrx_word' id='word_1_136' title='bbox 1578 1093 1679 1128; x_wconf 76' lang='lat' dir='ltr'><strong>Latii</strong></span> 
     </span>
     <span class='ocr_line' id='line_1_17' title="bbox 191 1151 1677 1201; baseline -0.003 -9"><span class='ocrx_word' id='word_1_137' title='bbox 191 1157 301 1201; x_wconf 73' lang='lat' dir='ltr'><strong>fasti;</strong></span> <span class='ocrx_word' id='word_1_138' title='bbox 322 1156 411 1191; x_wconf 88' lang='lat' dir='ltr'><strong>Luc.</strong></span> <span class='ocrx_word' id='word_1_139' title='bbox 427 1155 458 1197; x_wconf 95' lang='lat' dir='ltr'><strong>I,</strong></span> <span class='ocrx_word' id='word_1_140' title='bbox 475 1155 522 1189; x_wconf 89' lang='grc'><strong>22</strong></span> <span class='ocrx_word' id='word_1_141' title='bbox 541 1155 579 1190; x_wconf 90' lang='lat' dir='ltr'><strong>et</strong></span> <span class='ocrx_word' id='word_1_142' title='bbox 596 1154 659 1190; x_wconf 92' lang='lat' dir='ltr'><strong>Sil.</strong></span> <span class='ocrx_word' id='word_1_143' title='bbox 685 1153 761 1195; x_wconf 89' lang='lat' dir='ltr'><strong>XV,</strong></span> <span class='ocrx_word' id='word_1_144' title='bbox 788 1153 858 1188; x_wconf 85' lang='lat'><strong>383</strong></span> <span class='ocrx_word' id='word_1_145' title='bbox 875 1154 966 1198; x_wconf 64' lang='lat' dir='ltr'><strong>loyes</strong></span> <span class='ocrx_word' id='word_1_146' title='bbox 989 1152 1132 1194; x_wconf 52' lang='grc' dir='ltr'><strong>Μῶα</strong></span> <span class='ocrx_word' id='word_1_147' title='bbox 1159 1153 1247 1187; x_wconf 85' lang='lat' dir='ltr'><strong>sunt</strong></span> <span class='ocrx_word' id='word_1_148' title='bbox 1269 1152 1385 1198; x_wconf 88' lang='lat' dir='ltr'><strong>igitur</strong></span> <span class='ocrx_word' id='word_1_149' title='bbox 1408 1152 1521 1188; x_wconf 89' lang='lat' dir='ltr'><strong>urbes</strong></span> <span class='ocrx_word' id='word_1_150' title='bbox 1545 1151 1677 1187; x_wconf 86' lang='lat' dir='ltr'><strong>Latiae</strong></span> 
     </span>
     <span class='ocr_line' id='line_1_18' title="bbox 194 1210 1678 1259; baseline -0.003 -8"><span class='ocrx_word' id='word_1_151' title='bbox 194 1215 396 1256; x_wconf 84' lang='lat' dir='ltr'><strong>Romanae,</strong></span> <span class='ocrx_word' id='word_1_152' title='bbox 421 1214 461 1249; x_wconf 90' lang='lat' dir='ltr'><strong>in</strong></span> <span class='ocrx_word' id='word_1_153' title='bbox 477 1213 610 1259; x_wconf 90' lang='lat' dir='ltr'><strong>quibus</strong></span> <span class='ocrx_word' id='word_1_154' title='bbox 634 1212 803 1248; x_wconf 89' lang='lat' dir='ltr'><strong>homines</strong></span> <span class='ocrx_word' id='word_1_155' title='bbox 819 1212 938 1247; x_wconf 88' lang='lat' dir='ltr'><strong>latine</strong></span> <span class='ocrx_word' id='word_1_156' title='bbox 954 1212 1166 1256; x_wconf 88' lang='lat' dir='ltr'><strong>loquuntur.</strong></span> <span class='ocrx_word' id='word_1_157' title='bbox 1210 1211 1384 1247; x_wconf 86' lang='lat' dir='ltr'><strong>Ceterum</strong></span> <span class='ocrx_word' id='word_1_158' title='bbox 1401 1212 1505 1247; x_wconf 88' lang='lat' dir='ltr'><strong>recte</strong></span> <span class='ocrx_word' id='word_1_159' title='bbox 1524 1210 1678 1246; x_wconf 88' lang='lat' dir='ltr'><strong>Caussin</strong></span> 
     </span>
     <span class='ocr_line' id='line_1_19' title="bbox 194 1270 1680 1320; baseline -0.003 -11"><span class='ocrx_word' id='word_1_160' title='bbox 194 1274 296 1320; x_wconf 85' lang='lat' dir='ltr'><strong>apud</strong></span> <span class='ocrx_word' id='word_1_161' title='bbox 319 1273 544 1309; x_wconf 87' lang='lat' dir='ltr'><strong>Lemairium</strong></span> <span class='ocrx_word' id='word_1_162' title='bbox 580 1273 744 1318; x_wconf 70' lang='lat' dir='ltr'><strong>‘poetam</strong></span> <span class='ocrx_word' id='word_1_163' title='bbox 779 1270 939 1317; x_wconf 85' lang='lat' dir='ltr'><strong>principi</strong></span> <span class='ocrx_word' id='word_1_164' title='bbox 963 1270 1112 1316; x_wconf 86' lang='lat' dir='ltr'><strong>parcius</strong></span> <span class='ocrx_word' id='word_1_165' title='bbox 1149 1282 1194 1306; x_wconf 84' lang='lat' dir='ltr'><strong>ac</strong></span> <span class='ocrx_word' id='word_1_166' title='bbox 1229 1270 1460 1306; x_wconf 84' lang='lat' dir='ltr'><strong>moderatius</strong></span> <span class='ocrx_word' id='word_1_167' title='bbox 1486 1270 1680 1305; x_wconf 75' lang='lat' dir='ltr'>adulatum</span> 
     </span>
     <span class='ocr_line' id='line_1_20' title="bbox 194 1329 1679 1377; baseline -0.003 -9"><span class='ocrx_word' id='word_1_168' title='bbox 194 1331 316 1368; x_wconf 84' lang='lat' dir='ltr'><strong>fuisse’</strong></span> <span class='ocrx_word' id='word_1_169' title='bbox 341 1332 443 1374; x_wconf 89' lang='lat' dir='ltr'><strong>dicit,</strong></span> <span class='ocrx_word' id='word_1_170' title='bbox 462 1333 575 1376; x_wconf 89' lang='lat' dir='ltr'><strong>atque</strong></span> <span class='ocrx_word' id='word_1_171' title='bbox 590 1331 759 1377; x_wconf 87' lang='lat' dir='ltr'><strong>profecto</strong></span> <span class='ocrx_word' id='word_1_172' title='bbox 785 1341 897 1375; x_wconf 88' lang='lat' dir='ltr'><strong>quam</strong></span> <span class='ocrx_word' id='word_1_173' title='bbox 920 1329 1034 1375; x_wconf 86' lang='lat' dir='ltr'><strong>longe</strong></span> <span class='ocrx_word' id='word_1_174' title='bbox 1059 1330 1196 1364; x_wconf 88' lang='lat' dir='ltr'><strong>absunt</strong></span> <span class='ocrx_word' id='word_1_175' title='bbox 1220 1330 1338 1365; x_wconf 86' lang='lat' dir='ltr'><strong>verba</strong></span> <span class='ocrx_word' id='word_1_176' title='bbox 1354 1329 1496 1365; x_wconf 87' lang='lat' dir='ltr'><strong>Valerii</strong></span> <span class='ocrx_word' id='word_1_177' title='bbox 1512 1341 1535 1364; x_wconf 91' lang='lat' dir='ltr'><strong>a</strong></span> <span class='ocrx_word' id='word_1_178' title='bbox 1559 1329 1679 1365; x_wconf 85' lang='lat' dir='ltr'><strong>foedis</strong></span> 
     </span>
     <span class='ocr_line' id='line_1_21' title="bbox 195 1388 1110 1427; baseline -0.005 0"><span class='ocrx_word' id='word_1_179' title='bbox 195 1391 471 1427; x_wconf 72' lang='lat' dir='ltr'><strong>adulationibus</strong></span> <span class='ocrx_word' id='word_1_180' title='bbox 496 1390 638 1426; x_wconf 84' lang='lat' dir='ltr'><strong>Lucani</strong></span> <span class='ocrx_word' id='word_1_181' title='bbox 661 1389 741 1424; x_wconf 87' lang='lat' dir='ltr'><strong>Silii</strong></span> <span class='ocrx_word' id='word_1_182' title='bbox 770 1388 882 1423; x_wconf 86' lang='lat' dir='ltr'><strong>Statii</strong></span> <span class='ocrx_word' id='word_1_183' title='bbox 907 1388 1110 1423; x_wconf 70' lang='lat' dir='ltr'><strong>Martialis!</strong></span> 
     </span>
    </p>

    <p class='ocr_par' dir='ltr' id='par_1_8' title="bbox 193 1447 1681 1731">
     <span class='ocr_line' id='line_1_22' title="bbox 313 1447 1680 1494; baseline -0.002 -9"><span class='ocrx_word' id='word_1_184' title='bbox 313 1450 368 1485; x_wconf 83' lang='lat'><strong>22.</strong></span> <span class='ocrx_word' id='word_1_185' title='bbox 387 1450 520 1494; x_wconf 74' lang='lat' dir='ltr'><strong>primis</strong></span> <span class='ocrx_word' id='word_1_186' title='bbox 554 1449 599 1484; x_wconf 78' lang='lat' dir='ltr'><strong>ab</strong></span> <span class='ocrx_word' id='word_1_187' title='bbox 635 1448 759 1483; x_wconf 74' lang='lat' dir='ltr'><strong>anni-3.-</strong></span> <span class='ocrx_word' id='word_1_188' title='bbox 799 1447 887 1483; x_wconf 88' lang='lat' dir='ltr'><strong>inde</strong></span> <span class='ocrx_word' id='word_1_189' title='bbox 931 1447 979 1482; x_wconf 92' lang='lat' dir='ltr'><strong>ab</strong></span> <span class='ocrx_word' id='word_1_190' title='bbox 1021 1447 1286 1483; x_wconf 83' lang='lat' dir='ltr'><strong>adolescentia.</strong></span> <span class='ocrx_word' id='word_1_191' title='bbox 1327 1448 1497 1491; x_wconf 78' lang='lat' dir='ltr'><strong>frenabat</strong></span> <span class='ocrx_word' id='word_1_192' title='bbox 1532 1447 1680 1494; x_wconf 79' lang='lat' dir='ltr'><strong>scripsit</strong></span> 
     </span>
     <span class='ocr_line' id='line_1_23' title="bbox 193 1506 1679 1556; baseline 0 -12"><span class='ocrx_word' id='word_1_193' title='bbox 193 1510 309 1556; x_wconf 84' lang='lat' dir='ltr'><strong>poeta</strong></span> <span class='ocrx_word' id='word_1_194' title='bbox 349 1508 399 1543; x_wconf 80' lang='lat' dir='ltr'><strong>ad</strong></span> <span class='ocrx_word' id='word_1_195' title='bbox 449 1507 691 1543; x_wconf 81' lang='lat' dir='ltr'><strong>indicandum</strong></span> <span class='ocrx_word' id='word_1_196' title='bbox 731 1507 865 1542; x_wconf 86' lang='lat' dir='ltr'><strong>durum</strong></span> <span class='ocrx_word' id='word_1_197' title='bbox 907 1506 1036 1542; x_wconf 81' lang='lat' dir='ltr'><strong>Peliae</strong></span> <span class='ocrx_word' id='word_1_198' title='bbox 1076 1506 1289 1552; x_wconf 86' lang='lat' dir='ltr'><strong>imperium,</strong></span> <span class='ocrx_word' id='word_1_199' title='bbox 1328 1506 1402 1541; x_wconf 87' lang='lat' dir='ltr'><strong>vid.</strong></span> <span class='ocrx_word' id='word_1_200' title='bbox 1443 1519 1475 1543; x_wconf 86' lang='lat' dir='ltr'><strong>v.</strong></span> <span class='ocrx_word' id='word_1_201' title='bbox 1517 1507 1580 1549; x_wconf 83' lang='lat'><strong>23;</strong></span> <span class='ocrx_word' id='word_1_202' title='bbox 1622 1507 1679 1544; x_wconf 88' lang='lat'><strong>71.</strong></span> 
     </span>
     <span class='ocr_line' id='line_1_24' title="bbox 194 1565 1678 1614; baseline 0 -12"><span class='ocrx_word' id='word_1_203' title='bbox 194 1566 411 1614; x_wconf 80' lang='lat' dir='ltr'><strong>Apollonius</strong></span> <span class='ocrx_word' id='word_1_204' title='bbox 453 1578 603 1612; x_wconf 86' lang='lat' dir='ltr'><strong>prorsus</strong></span> <span class='ocrx_word' id='word_1_205' title='bbox 645 1566 769 1602; x_wconf 85' lang='lat' dir='ltr'><strong>omisit</strong></span> <span class='ocrx_word' id='word_1_206' title='bbox 809 1565 950 1607; x_wconf 86' lang='lat' dir='ltr'><strong>dicere,</strong></span> <span class='ocrx_word' id='word_1_207' title='bbox 993 1577 1067 1610; x_wconf 89' lang='lat' dir='ltr'><strong>qua</strong></span> <span class='ocrx_word' id='word_1_208' title='bbox 1106 1565 1146 1600; x_wconf 91' lang='lat' dir='ltr'><strong>in</strong></span> <span class='ocrx_word' id='word_1_209' title='bbox 1186 1567 1291 1602; x_wconf 87' lang='lat' dir='ltr'><strong>terra</strong></span> <span class='ocrx_word' id='word_1_210' title='bbox 1327 1567 1507 1611; x_wconf 87' lang='lat' dir='ltr'><strong>regnaret</strong></span> <span class='ocrx_word' id='word_1_211' title='bbox 1538 1566 1678 1608; x_wconf 78' lang='lat' dir='ltr'><strong>Pelias,</strong></span> 
     </span>
     <span class='ocr_line' id='line_1_25' title="bbox 196 1625 1681 1662; baseline -0.001 0"><span class='ocrx_word' id='word_1_212' title='bbox 196 1627 509 1662; x_wconf 78' lang='lat' dir='ltr'><strong>commemoratur</strong></span> <span class='ocrx_word' id='word_1_213' title='bbox 540 1637 585 1661; x_wconf 88' lang='lat' dir='ltr'><strong>ea</strong></span> <span class='ocrx_word' id='word_1_214' title='bbox 621 1637 732 1661; x_wconf 81' lang='lat' dir='ltr'><strong>versu</strong></span> <span class='ocrx_word' id='word_1_215' title='bbox 763 1625 913 1660; x_wconf 88' lang='lat' dir='ltr'><strong>demum</strong></span> <span class='ocrx_word' id='word_1_216' title='bbox 949 1625 1020 1659; x_wconf 84' lang='lat'><strong>572</strong></span> <span class='ocrx_word' id='word_1_217' title='bbox 1046 1626 1085 1661; x_wconf 88' lang='lat' dir='ltr'><strong>et</strong></span> <span class='ocrx_word' id='word_1_218' title='bbox 1109 1625 1189 1660; x_wconf 87' lang='grc'><strong>906.</strong></span> <span class='ocrx_word' id='word_1_219' title='bbox 1241 1625 1399 1661; x_wconf 88' lang='lat' dir='ltr'><strong>Omnino</strong></span> <span class='ocrx_word' id='word_1_220' title='bbox 1431 1625 1478 1661; x_wconf 88' lang='lat' dir='ltr'><strong>de</strong></span> <span class='ocrx_word' id='word_1_221' title='bbox 1502 1626 1585 1661; x_wconf 86' lang='lat' dir='ltr'><strong>toto</strong></span> <span class='ocrx_word' id='word_1_222' title='bbox 1610 1626 1681 1661; x_wconf 88' lang='lat' dir='ltr'><strong>hoc</strong></span> 
     </span>
     <span class='ocr_line' id='line_1_26' title="bbox 196 1684 1448 1731; baseline -0.001 -10"><span class='ocrx_word' id='word_1_223' title='bbox 196 1685 348 1722; x_wconf 79' lang='lat' dir='ltr'><strong>exordio</strong></span> <span class='ocrx_word' id='word_1_224' title='bbox 372 1685 628 1731; x_wconf 77' lang='lat' dir='ltr'><strong>disputantem</strong></span> <span class='ocrx_word' id='word_1_225' title='bbox 652 1685 715 1719; x_wconf 84' lang='lat' dir='ltr'><strong>cfr.</strong></span> <span class='ocrx_word' id='word_1_226' title='bbox 741 1684 954 1719; x_wconf 84' lang='lat' dir='ltr'><strong>Volkmann</strong></span> <span class='ocrx_word' id='word_1_227' title='bbox 978 1684 1018 1718; x_wconf 89' lang='lat' dir='ltr'><strong>in</strong></span> <span class='ocrx_word' id='word_1_228' title='bbox 1040 1696 1166 1730; x_wconf 85' lang='lat' dir='ltr'><strong>progr.</strong></span> <span class='ocrx_word' id='word_1_229' title='bbox 1192 1684 1216 1719; x_wconf 91' lang='lat' dir='ltr'><strong>J</strong></span> <span class='ocrx_word' id='word_1_230' title='bbox 1218 1695 1318 1720; x_wconf 89' lang='lat' dir='ltr'><strong>auer.</strong></span> <span class='ocrx_word' id='word_1_231' title='bbox 1346 1684 1448 1720; x_wconf 85' lang='lat'>1875.</span> 
     </span>
    </p>

    <p class='ocr_par' dir='ltr' id='par_1_9' title="bbox 176 1742 1682 1792">
     <span class='ocr_line' id='line_1_27' title="bbox 176 1742 1682 1792; baseline -0.001 -12"><span class='ocrx_word' id='word_1_232' title='bbox 176 1751 187 1759; x_wconf 67' lang='lat'><strong>&#39;&#39;</strong></span> <span class='ocrx_word' id='word_1_233' title='bbox 313 1744 372 1780; x_wconf 87' lang='grc'><strong>23.</strong></span> <span class='ocrx_word' id='word_1_234' title='bbox 397 1744 517 1792; x_wconf 61' lang='lat' dir='ltr'><strong>atavis</strong></span> <span class='ocrx_word' id='word_1_235' title='bbox 540 1755 590 1790; x_wconf 62' lang='lat' dir='ltr'><strong>sc,</strong></span> <span class='ocrx_word' id='word_1_236' title='bbox 616 1743 733 1785; x_wconf 86' lang='lat' dir='ltr'><strong>annis,</strong></span> <span class='ocrx_word' id='word_1_237' title='bbox 771 1742 890 1788; x_wconf 87' lang='lat' dir='ltr'><strong>qualis</strong></span> <span class='ocrx_word' id='word_1_238' title='bbox 916 1743 1020 1778; x_wconf 87' lang='lat' dir='ltr'><strong>notio</strong></span> <span class='ocrx_word' id='word_1_239' title='bbox 1043 1743 1263 1788; x_wconf 89' lang='lat' dir='ltr'><strong>plerumque</strong></span> <span class='ocrx_word' id='word_1_240' title='bbox 1289 1743 1451 1785; x_wconf 83' lang='lat' dir='ltr'><strong>additur,</strong></span> <span class='ocrx_word' id='word_1_241' title='bbox 1478 1744 1520 1778; x_wconf 92' lang='lat' dir='ltr'><strong>ut</strong></span> <span class='ocrx_word' id='word_1_242' title='bbox 1543 1748 1682 1779; x_wconf 76' lang='lat' dir='ltr'><strong>senecta</strong></span> 
     </span>
    </p>

    <p class='ocr_par' dir='ltr' id='par_1_10' title="bbox 195 1801 1680 1962">
     <span class='ocr_line' id='line_1_28' title="bbox 197 1801 1680 1847; baseline -0.001 -8"><span class='ocrx_word' id='word_1_243' title='bbox 197 1802 264 1840; x_wconf 77' lang='lat' dir='ltr'><strong>OV.</strong></span> <span class='ocrx_word' id='word_1_244' title='bbox 289 1803 380 1839; x_wconf 70' lang='lat' dir='ltr'><strong>Met.</strong></span> <span class='ocrx_word' id='word_1_245' title='bbox 403 1802 487 1845; x_wconf 84' lang='lat' dir='ltr'><strong>VH,</strong></span> <span class='ocrx_word' id='word_1_246' title='bbox 514 1802 600 1844; x_wconf 85' lang='grc'><strong>299;</strong></span> <span class='ocrx_word' id='word_1_247' title='bbox 638 1813 722 1838; x_wconf 83' lang='lat' dir='ltr'><strong>aevo</strong></span> <span class='ocrx_word' id='word_1_248' title='bbox 759 1801 870 1847; x_wconf 84' lang='lat' dir='ltr'><strong>Verg.</strong></span> <span class='ocrx_word' id='word_1_249' title='bbox 907 1803 999 1838; x_wconf 90' lang='lat' dir='ltr'><strong>Aen.</strong></span> <span class='ocrx_word' id='word_1_250' title='bbox 1031 1802 1081 1844; x_wconf 81' lang='lat' dir='ltr'><strong>H,</strong></span> <span class='ocrx_word' id='word_1_251' title='bbox 1118 1802 1205 1844; x_wconf 79' lang='lat'><strong>436;</strong></span> <span class='ocrx_word' id='word_1_252' title='bbox 1247 1806 1362 1838; x_wconf 79' lang='lat' dir='ltr'><strong>aetate</strong></span> <span class='ocrx_word' id='word_1_253' title='bbox 1398 1802 1475 1838; x_wconf 81' lang='lat' dir='ltr'><strong>Liv.</strong></span> <span class='ocrx_word' id='word_1_254' title='bbox 1507 1803 1556 1845; x_wconf 87' lang='lat' dir='ltr'><strong>H,</strong></span> <span class='ocrx_word' id='word_1_255' title='bbox 1584 1803 1680 1846; x_wconf 86' lang='lat'>19‚6;</span> 
     </span>
     <span class='ocr_line' id='line_1_29' title="bbox 195 1860 1680 1906; baseline 0.001 -10"><span class='ocrx_word' id='word_1_256' title='bbox 195 1861 278 1903; x_wconf 83' lang='lat' dir='ltr'>VII,</span> <span class='ocrx_word' id='word_1_257' title='bbox 304 1861 402 1903; x_wconf 87' lang='grc'><strong>29,1;</strong></span> <span class='ocrx_word' id='word_1_258' title='bbox 439 1861 483 1901; x_wconf 83' lang='lat' dir='ltr'><strong>X,</strong></span> <span class='ocrx_word' id='word_1_259' title='bbox 509 1861 630 1903; x_wconf 79' lang='lat'>34,12;</span> <span class='ocrx_word' id='word_1_260' title='bbox 663 1862 704 1896; x_wconf 89' lang='lat' dir='ltr'><strong>at</strong></span> <span class='ocrx_word' id='word_1_261' title='bbox 735 1860 954 1906; x_wconf 87' lang='lat' dir='ltr'><strong>simpliciter</strong></span> <span class='ocrx_word' id='word_1_262' title='bbox 978 1862 1099 1906; x_wconf 61' lang='lat' dir='ltr'><strong>gravis</strong></span> <span class='ocrx_word' id='word_1_263' title='bbox 1124 1861 1260 1896; x_wconf 89' lang='lat' dir='ltr'><strong>dicitur</strong></span> <span class='ocrx_word' id='word_1_264' title='bbox 1284 1862 1408 1897; x_wconf 89' lang='lat' dir='ltr'><strong>Aeson</strong></span> <span class='ocrx_word' id='word_1_265' title='bbox 1433 1861 1514 1898; x_wconf 83' lang='lat' dir='ltr'><strong>val.</strong></span> <span class='ocrx_word' id='word_1_266' title='bbox 1539 1862 1569 1903; x_wconf 92' lang='lat' dir='ltr'><strong>I,</strong></span> <span class='ocrx_word' id='word_1_267' title='bbox 1595 1862 1680 1905; x_wconf 76' lang='lat'>2963</span> 
     </span>
     <span class='ocr_line' id='line_1_30' title="bbox 196 1919 818 1962; baseline -0.002 -6"><span class='ocrx_word' id='word_1_268' title='bbox 196 1920 360 1956; x_wconf 83' lang='lat' dir='ltr'><strong>Acrisius</strong></span> <span class='ocrx_word' id='word_1_269' title='bbox 385 1919 481 1956; x_wconf 85' lang='lat' dir='ltr'><strong>Stat.</strong></span> <span class='ocrx_word' id='word_1_270' title='bbox 507 1920 624 1956; x_wconf 80' lang='lat' dir='ltr'><strong>Tbeb.</strong></span> <span class='ocrx_word' id='word_1_271' title='bbox 649 1920 711 1962; x_wconf 86' lang='lat' dir='ltr'><strong>VI,</strong></span> <span class='ocrx_word' id='word_1_272' title='bbox 738 1920 818 1955; x_wconf 88' lang='grc'><strong>286.</strong></span> 
     </span>
    </p>

    <p class='ocr_par' dir='ltr' id='par_1_11' title="bbox 197 1979 1685 2732">
     <span class='ocr_line' id='line_1_31' title="bbox 314 1979 1682 2026; baseline 0.001 -12"><span class='ocrx_word' id='word_1_273' title='bbox 314 1979 436 2015; x_wconf 87' lang='lat' dir='ltr'><strong>Pelias</strong></span> <span class='ocrx_word' id='word_1_274' title='bbox 460 1979 533 2014; x_wconf 86' lang='lat' dir='ltr'><strong>iam</strong></span> <span class='ocrx_word' id='word_1_275' title='bbox 563 1979 799 2024; x_wconf 85' lang='lat' dir='ltr'><strong>grandaevus</strong></span> <span class='ocrx_word' id='word_1_276' title='bbox 838 1981 920 2015; x_wconf 88' lang='lat' dir='ltr'><strong>erat</strong></span> <span class='ocrx_word' id='word_1_277' title='bbox 955 1979 1114 2025; x_wconf 88' lang='lat' dir='ltr'><strong>ideoque</strong></span> <span class='ocrx_word' id='word_1_278' title='bbox 1152 1992 1236 2016; x_wconf 85' lang='lat' dir='ltr'><strong>cum</strong></span> <span class='ocrx_word' id='word_1_279' title='bbox 1273 1980 1489 2016; x_wconf 86' lang='lat' dir='ltr'><strong>adolescens</strong></span> <span class='ocrx_word' id='word_1_280' title='bbox 1526 1992 1682 2026; x_wconf 89' lang='lat' dir='ltr'><strong>regnum</strong></span> 
     </span>
     <span class='ocr_line' id='line_1_32' title="bbox 198 2038 1684 2085; baseline 0.001 -11"><span class='ocrx_word' id='word_1_281' title='bbox 198 2039 357 2085; x_wconf 82' lang='lat' dir='ltr'><strong>adeptus</strong></span> <span class='ocrx_word' id='word_1_282' title='bbox 384 2039 492 2080; x_wconf 80' lang='lat' dir='ltr'><strong>esset,</strong></span> <span class='ocrx_word' id='word_1_283' title='bbox 520 2038 665 2084; x_wconf 88' lang='lat' dir='ltr'><strong>populis</strong></span> <span class='ocrx_word' id='word_1_284' title='bbox 692 2040 774 2074; x_wconf 87' lang='lat' dir='ltr'><strong>erat</strong></span> <span class='ocrx_word' id='word_1_285' title='bbox 799 2039 925 2084; x_wconf 64' lang='lat' dir='ltr'><strong>&amp;myas</strong></span> <span class='ocrx_word' id='word_1_286' title='bbox 947 2040 1081 2075; x_wconf 90' lang='lat' dir='ltr'><strong>metus.</strong></span> <span class='ocrx_word' id='word_1_287' title='bbox 1118 2039 1290 2075; x_wconf 88' lang='lat' dir='ltr'><strong>Heinsius</strong></span> <span class='ocrx_word' id='word_1_288' title='bbox 1306 2040 1499 2074; x_wconf 87' lang='lat' dir='ltr'><strong>Burmann</strong></span> <span class='ocrx_word' id='word_1_289' title='bbox 1515 2039 1684 2085; x_wconf 82' lang='lat' dir='ltr'><strong>Wagner</strong></span> 
     </span>
     <span class='ocr_line' id='line_1_33' title="bbox 197 2097 1683 2144; baseline 0.001 -12"><span class='ocrx_word' id='word_1_290' title='bbox 197 2098 270 2133; x_wconf 75' lang='lat' dir='ltr'><strong>iam</strong></span> <span class='ocrx_word' id='word_1_291' title='bbox 292 2097 479 2143; x_wconf 83' lang='lat' dir='ltr'><strong>particula</strong></span> <span class='ocrx_word' id='word_1_292' title='bbox 502 2097 678 2142; x_wconf 86' lang='lat' dir='ltr'><strong>neglecta</strong></span> <span class='ocrx_word' id='word_1_293' title='bbox 702 2097 823 2132; x_wconf 87' lang='lat' dir='ltr'><strong>minus</strong></span> <span class='ocrx_word' id='word_1_294' title='bbox 848 2099 952 2133; x_wconf 89' lang='lat' dir='ltr'><strong>recte</strong></span> <span class='ocrx_word' id='word_1_295' title='bbox 975 2099 1097 2143; x_wconf 68' lang='lat' dir='ltr'><strong>yravis</strong></span> <span class='ocrx_word' id='word_1_296' title='bbox 1116 2099 1163 2134; x_wconf 88' lang='lat' dir='ltr'><strong>de</strong></span> <span class='ocrx_word' id='word_1_297' title='bbox 1183 2099 1373 2143; x_wconf 86' lang='lat' dir='ltr'><strong>gravitate</strong></span> <span class='ocrx_word' id='word_1_298' title='bbox 1397 2099 1544 2144; x_wconf 84' lang='lat' dir='ltr'><strong>imperii</strong></span> <span class='ocrx_word' id='word_1_299' title='bbox 1569 2099 1683 2135; x_wconf 87' lang='lat' dir='ltr'><strong>inter-</strong></span> 
     </span>
     <span class='ocr_line' id='line_1_34' title="bbox 197 2156 1684 2202; baseline 0.002 -11"><span class='ocrx_word' id='word_1_300' title='bbox 197 2157 405 2202; x_wconf 85' lang='lat' dir='ltr'><strong>pretantur.</strong></span> <span class='ocrx_word' id='word_1_301' title='bbox 454 2160 566 2191; x_wconf 69' lang='lat' dir='ltr'><strong>metus</strong></span> <span class='ocrx_word' id='word_1_302' title='bbox 601 2168 670 2202; x_wconf 90' lang='lat' dir='ltr'><strong>pro</strong></span> <span class='ocrx_word' id='word_1_303' title='bbox 708 2167 751 2192; x_wconf 92' lang='lat' dir='ltr'><strong>eo</strong></span> <span class='ocrx_word' id='word_1_304' title='bbox 789 2156 852 2201; x_wconf 89' lang='lat' dir='ltr'><strong>qui</strong></span> <span class='ocrx_word' id='word_1_305' title='bbox 889 2158 1031 2192; x_wconf 90' lang='lat' dir='ltr'><strong>metum</strong></span> <span class='ocrx_word' id='word_1_306' title='bbox 1067 2157 1174 2192; x_wconf 85' lang='lat' dir='ltr'><strong>inicit</strong></span> <span class='ocrx_word' id='word_1_307' title='bbox 1210 2157 1271 2192; x_wconf 87' lang='lat' dir='ltr'><strong>vel</strong></span> <span class='ocrx_word' id='word_1_308' title='bbox 1309 2158 1356 2193; x_wconf 90' lang='lat' dir='ltr'><strong>de</strong></span> <span class='ocrx_word' id='word_1_309' title='bbox 1380 2158 1492 2193; x_wconf 87' lang='lat' dir='ltr'><strong>rebus</strong></span> <span class='ocrx_word' id='word_1_310' title='bbox 1531 2160 1570 2194; x_wconf 92' lang='lat' dir='ltr'><strong>et</strong></span> <span class='ocrx_word' id='word_1_311' title='bbox 1593 2158 1684 2194; x_wconf 88' lang='lat' dir='ltr'><strong>locis</strong></span> 
     </span>
     <span class='ocr_line' id='line_1_35' title="bbox 197 2214 1683 2261; baseline 0.001 -10"><span class='ocrx_word' id='word_1_312' title='bbox 197 2215 393 2251; x_wconf 83' lang='lat' dir='ltr'><strong>horrendis</strong></span> <span class='ocrx_word' id='word_1_313' title='bbox 417 2214 563 2261; x_wconf 83' lang='lat' dir='ltr'><strong>saepius</strong></span> <span class='ocrx_word' id='word_1_314' title='bbox 587 2215 742 2260; x_wconf 88' lang='lat' dir='ltr'><strong>legitur:</strong></span> <span class='ocrx_word' id='word_1_315' title='bbox 775 2215 823 2257; x_wconf 85' lang='grc' dir='ltr'><strong>Π,</strong></span> <span class='ocrx_word' id='word_1_316' title='bbox 851 2215 912 2254; x_wconf 87' lang='grc'><strong>16;</strong></span> <span class='ocrx_word' id='word_1_317' title='bbox 939 2216 1025 2258; x_wconf 82' lang='grc'><strong>277;</strong></span> <span class='ocrx_word' id='word_1_318' title='bbox 1066 2216 1128 2257; x_wconf 89' lang='lat' dir='ltr'><strong>IV,</strong></span> <span class='ocrx_word' id='word_1_319' title='bbox 1157 2216 1241 2258; x_wconf 87' lang='lat'>181;</span> <span class='ocrx_word' id='word_1_320' title='bbox 1278 2216 1320 2258; x_wconf 82' lang='lat' dir='ltr'><strong>V,</strong></span> <span class='ocrx_word' id='word_1_321' title='bbox 1343 2217 1429 2259; x_wconf 83' lang='lat'>360;</span> <span class='ocrx_word' id='word_1_322' title='bbox 1456 2217 1592 2253; x_wconf 88' lang='lat' dir='ltr'><strong>Lucan.</strong></span> <span class='ocrx_word' id='word_1_323' title='bbox 1619 2218 1683 2259; x_wconf 83' lang='lat' dir='ltr'><strong>IX,</strong></span> 
     </span>
     <span class='ocr_line' id='line_1_36' title="bbox 198 2273 1682 2321; baseline 0.001 -12"><span class='ocrx_word' id='word_1_324' title='bbox 198 2274 287 2316; x_wconf 85' lang='lat'>447;</span> <span class='ocrx_word' id='word_1_325' title='bbox 326 2273 392 2310; x_wconf 79' lang='lat' dir='ltr'><strong>Ov.</strong></span> <span class='ocrx_word' id='word_1_326' title='bbox 429 2275 517 2309; x_wconf 90' lang='lat' dir='ltr'><strong>met.</strong></span> <span class='ocrx_word' id='word_1_327' title='bbox 543 2273 605 2315; x_wconf 89' lang='lat' dir='ltr'><strong>IV,</strong></span> <span class='ocrx_word' id='word_1_328' title='bbox 633 2275 717 2315; x_wconf 89' lang='lat'>111;</span> <span class='ocrx_word' id='word_1_329' title='bbox 743 2274 786 2310; x_wconf 87' lang='grc' dir='ltr'><strong>Π.</strong></span> <span class='ocrx_word' id='word_1_330' title='bbox 824 2274 891 2310; x_wconf 86' lang='lat' dir='ltr'><strong>lat.</strong></span> <span class='ocrx_word' id='word_1_331' title='bbox 920 2274 1004 2317; x_wconf 80' lang='lat'>794;</span> <span class='ocrx_word' id='word_1_332' title='bbox 1043 2275 1126 2311; x_wconf 87' lang='lat' dir='ltr'><strong>Sen.</strong></span> <span class='ocrx_word' id='word_1_333' title='bbox 1152 2275 1287 2314; x_wconf 83' lang='lat' dir='ltr'><strong>Troad.</strong></span> <span class='ocrx_word' id='word_1_334' title='bbox 1314 2276 1401 2318; x_wconf 78' lang='lat'>243;</span> <span class='ocrx_word' id='word_1_335' title='bbox 1439 2277 1570 2321; x_wconf 78' lang='lat' dir='ltr'><strong>Agam</strong></span> <span class='ocrx_word' id='word_1_336' title='bbox 1598 2277 1682 2318; x_wconf 86' lang='lat'>765;</span> 
     </span>
     <span class='ocr_line' id='line_1_37' title="bbox 199 2332 1682 2382; baseline 0.001 -14"><span class='ocrx_word' id='word_1_337' title='bbox 199 2333 359 2371; x_wconf 84' lang='lat' dir='ltr'><strong>Phaedr.</strong></span> <span class='ocrx_word' id='word_1_338' title='bbox 371 2332 429 2375; x_wconf 86' lang='grc'><strong>29;</strong></span> <span class='ocrx_word' id='word_1_339' title='bbox 449 2332 502 2368; x_wconf 84' lang='lat' dir='ltr'><strong>sic</strong></span> <span class='ocrx_word' id='word_1_340' title='bbox 524 2344 642 2377; x_wconf 80' lang='lat' dir='ltr'><strong>pavor</strong></span> <span class='ocrx_word' id='word_1_341' title='bbox 653 2333 734 2370; x_wconf 85' lang='lat' dir='ltr'><strong>Val.</strong></span> <span class='ocrx_word' id='word_1_342' title='bbox 749 2333 811 2374; x_wconf 90' lang='lat' dir='ltr'><strong>IV,</strong></span> <span class='ocrx_word' id='word_1_343' title='bbox 826 2334 911 2376; x_wconf 88' lang='grc' dir='ltr'><strong>32Ο;</strong></span> <span class='ocrx_word' id='word_1_344' title='bbox 935 2334 1089 2376; x_wconf 77' lang='lat' dir='ltr'><strong>formido</strong></span> <span class='ocrx_word' id='word_1_345' title='bbox 1102 2335 1189 2371; x_wconf 89' lang='lat' dir='ltr'><strong>Hor.</strong></span> <span class='ocrx_word' id='word_1_346' title='bbox 1205 2336 1276 2370; x_wconf 89' lang='lat' dir='ltr'><strong>sat.</strong></span> <span class='ocrx_word' id='word_1_347' title='bbox 1289 2336 1317 2377; x_wconf 81' lang='lat' dir='ltr'><strong>I,</strong></span> <span class='ocrx_word' id='word_1_348' title='bbox 1331 2335 1404 2382; x_wconf 83' lang='lat'><strong>8,4;</strong></span> <span class='ocrx_word' id='word_1_349' title='bbox 1419 2336 1547 2371; x_wconf 77' lang='lat' dir='ltr'><strong>horror</strong></span> <span class='ocrx_word' id='word_1_350' title='bbox 1559 2335 1639 2373; x_wconf 87' lang='lat' dir='ltr'><strong>Val.</strong></span> <span class='ocrx_word' id='word_1_351' title='bbox 1654 2336 1682 2376; x_wconf 84' lang='lat' dir='ltr'><strong>I,</strong></span> 
     </span>
     <span class='ocr_line' id='line_1_38' title="bbox 200 2391 1682 2440; baseline 0.003 -14"><span class='ocrx_word' id='word_1_352' title='bbox 200 2391 286 2435; x_wconf 78' lang='lat'>744;</span> <span class='ocrx_word' id='word_1_353' title='bbox 311 2391 360 2434; x_wconf 85' lang='grc' dir='ltr'><strong>Π,</strong></span> <span class='ocrx_word' id='word_1_354' title='bbox 387 2391 443 2426; x_wconf 90' lang='grc'><strong>24.</strong></span> <span class='ocrx_word' id='word_1_355' title='bbox 469 2391 522 2427; x_wconf 91' lang='lat' dir='ltr'><strong>Ut</strong></span> <span class='ocrx_word' id='word_1_356' title='bbox 546 2393 661 2428; x_wconf 86' lang='lat' dir='ltr'><strong>antea</strong></span> <span class='ocrx_word' id='word_1_357' title='bbox 685 2392 973 2428; x_wconf 82' lang='lat' dir='ltr'><strong>diuturnitatem</strong></span> <span class='ocrx_word' id='word_1_358' title='bbox 996 2393 1153 2439; x_wconf 88' lang='lat' dir='ltr'><strong>imperii,</strong></span> <span class='ocrx_word' id='word_1_359' title='bbox 1181 2394 1233 2429; x_wconf 85' lang='lat' dir='ltr'><strong>sic</strong></span> <span class='ocrx_word' id='word_1_360' title='bbox 1259 2394 1321 2435; x_wconf 90' lang='lat' dir='ltr'><strong>eis,</strong></span> <span class='ocrx_word' id='word_1_361' title='bbox 1348 2406 1444 2439; x_wconf 87' lang='lat' dir='ltr'><strong>quae</strong></span> <span class='ocrx_word' id='word_1_362' title='bbox 1469 2397 1682 2440; x_wconf 81' lang='lat' dir='ltr'><strong>sequuntur,</strong></span> 
     </span>
     <span class='ocr_line' id='line_1_39' title="bbox 201 2450 1684 2498; baseline 0.001 -12"><span class='ocrx_word' id='word_1_363' title='bbox 201 2450 383 2486; x_wconf 78' lang='lat' dir='ltr'><strong>ambitum</strong></span> <span class='ocrx_word' id='word_1_364' title='bbox 405 2450 602 2496; x_wconf 83' lang='lat' dir='ltr'><strong>praedicat</strong></span> <span class='ocrx_word' id='word_1_365' title='bbox 625 2451 804 2492; x_wconf 86' lang='lat' dir='ltr'><strong>Valerius,</strong></span> <span class='ocrx_word' id='word_1_366' title='bbox 832 2451 900 2488; x_wconf 87' lang='lat' dir='ltr'><strong>cfr.</strong></span> <span class='ocrx_word' id='word_1_367' title='bbox 912 2452 955 2494; x_wconf 90' lang='lat' dir='ltr'><strong>V,</strong></span> <span class='ocrx_word' id='word_1_368' title='bbox 981 2452 1051 2488; x_wconf 85' lang='lat'><strong>483</strong></span> <span class='ocrx_word' id='word_1_369' title='bbox 1077 2464 1195 2498; x_wconf 85' lang='lat' dir='ltr'><strong>seqq.;</strong></span> <span class='ocrx_word' id='word_1_370' title='bbox 1221 2453 1260 2488; x_wconf 91' lang='lat' dir='ltr'><strong>in</strong></span> <span class='ocrx_word' id='word_1_371' title='bbox 1284 2465 1422 2498; x_wconf 85' lang='lat' dir='ltr'><strong>magna</strong></span> <span class='ocrx_word' id='word_1_372' title='bbox 1448 2455 1575 2490; x_wconf 87' lang='lat' dir='ltr'><strong>autem</strong></span> <span class='ocrx_word' id='word_1_373' title='bbox 1600 2465 1684 2489; x_wconf 87' lang='lat' dir='ltr'><strong>auc-</strong></span> 
     </span>
     <span class='ocr_line' id='line_1_40' title="bbox 200 2509 1684 2557; baseline 0.001 -11"><span class='ocrx_word' id='word_1_374' title='bbox 200 2509 356 2546; x_wconf 80' lang='lat' dir='ltr'><strong>toritate</strong></span> <span class='ocrx_word' id='word_1_375' title='bbox 392 2520 550 2555; x_wconf 82' lang='lat' dir='ltr'><strong>regnum</strong></span> <span class='ocrx_word' id='word_1_376' title='bbox 585 2510 714 2546; x_wconf 88' lang='lat' dir='ltr'><strong>Peliae</strong></span> <span class='ocrx_word' id='word_1_377' title='bbox 756 2510 871 2546; x_wconf 85' lang='lat' dir='ltr'><strong>fuisse</strong></span> <span class='ocrx_word' id='word_1_378' title='bbox 914 2511 1051 2547; x_wconf 89' lang='lat' dir='ltr'><strong>docent</strong></span> <span class='ocrx_word' id='word_1_379' title='bbox 1092 2512 1207 2547; x_wconf 83' lang='lat' dir='ltr'><strong>etiam</strong></span> <span class='ocrx_word' id='word_1_380' title='bbox 1248 2512 1328 2547; x_wconf 91' lang='lat' dir='ltr'><strong>ludi</strong></span> <span class='ocrx_word' id='word_1_381' title='bbox 1368 2512 1556 2553; x_wconf 81' lang='lat' dir='ltr'><strong>funebres,</strong></span> <span class='ocrx_word' id='word_1_382' title='bbox 1595 2524 1684 2557; x_wconf 88' lang='lat' dir='ltr'><strong>quos</strong></span> 
     </span>
     <span class='ocr_line' id='line_1_41' title="bbox 202 2567 1683 2618; baseline 0.002 -14"><span class='ocrx_word' id='word_1_383' title='bbox 202 2567 399 2604; x_wconf 71' lang='lat' dir='ltr'><strong>oihabitos</strong></span> <span class='ocrx_word' id='word_1_384' title='bbox 415 2579 496 2604; x_wconf 85' lang='lat' dir='ltr'><strong>esse</strong></span> <span class='ocrx_word' id='word_1_385' title='bbox 513 2568 746 2605; x_wconf 86' lang='lat' dir='ltr'><strong>Stesichorus</strong></span> <span class='ocrx_word' id='word_1_386' title='bbox 763 2569 927 2606; x_wconf 83' lang='lat' dir='ltr'><strong>carmine</strong></span> <span class='ocrx_word' id='word_1_387' title='bbox 945 2570 1106 2615; x_wconf 88' lang='lat' dir='ltr'><strong>quodam</strong></span> <span class='ocrx_word' id='word_1_388' title='bbox 1131 2571 1310 2612; x_wconf 79' lang='lat' dir='ltr'><strong>narravit,</strong></span> <span class='ocrx_word' id='word_1_389' title='bbox 1329 2571 1401 2606; x_wconf 82' lang='lat' dir='ltr'><strong>vid.</strong></span> <span class='ocrx_word' id='word_1_390' title='bbox 1422 2571 1558 2617; x_wconf 82' lang='lat' dir='ltr'><strong>Bergk.</strong></span> <span class='ocrx_word' id='word_1_391' title='bbox 1584 2573 1683 2618; x_wconf 89' lang='lat' dir='ltr'><strong>poet.</strong></span> 
     </span>
     <span class='ocr_line' id='line_1_42' title="bbox 200 2626 1685 2676; baseline 0.003 -14"><span class='ocrx_word' id='word_1_392' title='bbox 200 2626 269 2672; x_wconf 79' lang='lat' dir='ltr'><strong>lyr.</strong></span> <span class='ocrx_word' id='word_1_393' title='bbox 293 2626 334 2662; x_wconf 76' lang='lat'><strong>3⁸</strong></span> <span class='ocrx_word' id='word_1_394' title='bbox 355 2639 391 2673; x_wconf 91' lang='lat' dir='ltr'><strong>p.</strong></span> <span class='ocrx_word' id='word_1_395' title='bbox 418 2627 504 2669; x_wconf 82' lang='lat'>205;</span> <span class='ocrx_word' id='word_1_396' title='bbox 541 2627 699 2663; x_wconf 85' lang='lat' dir='ltr'><strong>Pausan.</strong></span> <span class='ocrx_word' id='word_1_397' title='bbox 726 2627 768 2669; x_wconf 90' lang='lat' dir='ltr'><strong>V,</strong></span> <span class='ocrx_word' id='word_1_398' title='bbox 798 2628 893 2670; x_wconf 83' lang='lat'>17,9;</span> <span class='ocrx_word' id='word_1_399' title='bbox 925 2629 964 2664; x_wconf 91' lang='lat' dir='ltr'><strong>in</strong></span> <span class='ocrx_word' id='word_1_400' title='bbox 989 2640 1077 2665; x_wconf 80' lang='lat' dir='ltr'><strong>vase</strong></span> <span class='ocrx_word' id='word_1_401' title='bbox 1105 2629 1312 2666; x_wconf 88' lang='lat' dir='ltr'><strong>Caeretano</strong></span> <span class='ocrx_word' id='word_1_402' title='bbox 1337 2630 1430 2676; x_wconf 89' lang='lat' dir='ltr'><strong>picti</strong></span> <span class='ocrx_word' id='word_1_403' title='bbox 1455 2632 1541 2665; x_wconf 89' lang='lat' dir='ltr'><strong>sunt</strong></span> <span class='ocrx_word' id='word_1_404' title='bbox 1566 2632 1685 2666; x_wconf 85' lang='lat' dir='ltr'><strong>certa-</strong></span> 
     </span>
     <span class='ocr_line' id='line_1_43' title="bbox 201 2684 1683 2732; baseline 0.002 -12"><span class='ocrx_word' id='word_1_405' title='bbox 201 2684 310 2720; x_wconf 85' lang='lat' dir='ltr'><strong>minis</strong></span> <span class='ocrx_word' id='word_1_406' title='bbox 333 2684 474 2721; x_wconf 78' lang='lat' dir='ltr'><strong>iudices</strong></span> <span class='ocrx_word' id='word_1_407' title='bbox 500 2687 539 2722; x_wconf 90' lang='lat' dir='ltr'><strong>et</strong></span> <span class='ocrx_word' id='word_1_408' title='bbox 554 2686 625 2721; x_wconf 87' lang='lat' dir='ltr'><strong>viri</strong></span> <span class='ocrx_word' id='word_1_409' title='bbox 642 2698 821 2732; x_wconf 88' lang='lat' dir='ltr'><strong>equorum</strong></span> <span class='ocrx_word' id='word_1_410' title='bbox 847 2687 1030 2723; x_wconf 85' lang='lat' dir='ltr'><strong>curriculo</strong></span> <span class='ocrx_word' id='word_1_411' title='bbox 1048 2690 1247 2730; x_wconf 86' lang='lat' dir='ltr'><strong>certantes,</strong></span> <span class='ocrx_word' id='word_1_412' title='bbox 1274 2701 1372 2724; x_wconf 91' lang='lat' dir='ltr'><strong>mon.</strong></span> <span class='ocrx_word' id='word_1_413' title='bbox 1391 2689 1425 2725; x_wconf 91' lang='lat' dir='ltr'><strong>d.</strong></span> <span class='ocrx_word' id='word_1_414' title='bbox 1444 2689 1530 2725; x_wconf 86' lang='lat' dir='ltr'><strong>inst.</strong></span> <span class='ocrx_word' id='word_1_415' title='bbox 1548 2689 1589 2729; x_wconf 83' lang='lat' dir='ltr'><strong>X,</strong></span> <span class='ocrx_word' id='word_1_416' title='bbox 1617 2689 1683 2725; x_wconf 78' lang='lat'><strong>4.5.</strong></span> 
     </span>
    </p>
   </div>
   <div class='ocr_carea' id='block_1_7' title="bbox 0 1588 82 3100">
    <p class='ocr_par' dir='ltr' id='par_1_12' title="bbox 0 1588 82 3100">
     <span class='ocr_line' id='line_1_44' title="bbox 0 1588 82 3100; baseline 0 0"><span class='ocrx_word' id='word_1_417' title='bbox 0 1588 82 3100; x_wconf 95' lang='lat' dir='ltr'><strong> </strong></span> 
     </span>
    </p>
   </div>
  </div>
 </body>
</html>
