1890 3100
649 190 1034 228 ABGONAVTICON
1056 190 1203 225 LIBER
1218 189 1301 225 VII.
1617 187 1703 232 511

332 312 439 351 dicta
466 310 578 350 dedit
607 312 820 363 saevisque
846 310 985 362 procul
1003 299 1187 348 discessit
1215 309 1265 347 ab
1294 309 1412 360 agris.
1439 357 1444 359 .

330 377 474 416 fixerat
501 376 571 415 ille
598 375 749 428 gradus
775 382 941 428 totoque
969 388 1022 414 ex
1049 376 1206 426 agmine
1235 374 1345 412 solus

331 442 475 489 stabat,
504 448 549 480 ut
577 442 766 480 extremis
795 440 979 479 desertus
1006 440 1057 478 ab
1086 440 1220 478 oribus
1249 440 1347 486 axis,

332 520 452 559 quem
478 508 558 545 iam
584 506 696 545 lassa
722 506 809 544 dies
838 506 1041 556 austrique
1069 504 1246 542 ardentis
1274 504 1464 550 harenae,
1707 514 1763 543 560

331 579 401 610 aut
428 585 548 624 quem
574 572 778 623 Rhipaeas
806 576 1010 609 extantem
1036 582 1173 607 rursus
1201 568 1254 607 ad
1281 582 1395 607 arces

330 637 400 675 nix
428 642 469 674 et
498 636 673 675 caerulei
699 635 855 673 Boreae
882 635 991 673 ferus
1020 633 1183 672 abstulit
1210 634 1368 681 horror3

223 760 312 801 262;
358 771 489 805 ”myria
523 781 570 788 —-
605 759 700 794 dicta
734 759 777 799 V,
815 758 885 793 599
922 757 1617 803 etVerg.Aen.X1‚381;di.-zerat
1650 757 1708 791 ille

223 819 362 864 aliqum
382 829 551 864 mamm
574 819 666 854 Aen.
690 818 739 858 X,
763 817 845 855 547.
899 817 983 852 Non
1007 817 1087 853 sine
1110 817 1231 853 ironia
1260 818 1331 853 hoc
1356 816 1503 862 scripsit
1526 815 1706 857 Valerius,

224 888 308 913 cum
330 877 449 913 socios
473 876 615 912 Iasonis
639 889 726 912 mox
751 876 965 912 discessisse
988 878 1172 912 narraret.

318 936 400 973 558.
447 937 488 971 in
510 936 608 977 Vat„
634 936 679 971 ab
705 935 791 971 edit.
818 938 907 972 Bon,

316 995 387 1030 560
410 1006 515 1042 seqq.
536 995 653 1030 Locus
671 994 960 1040 obscurissimus,
986 1006 1058 1039 quo
1076 994 1166 1041 quid
1191 994 1314 1030 dicere
1340 994 1502 1030 voluerit
1527 994 1709 1035 Valerius,

221 1066 410 1100 nunquam
434 1054 565 1100 opinor
590 1054 640 1088 ad
664 1054 842 1099 liquidum
866 1054 1021 1099 perduci
1045 1054 1194 1099 poterit.
1244 1053 1399 1089 Servavi
1434 1053 1638 1099 scripturas
1669 1053 1710 1088 in

222 1114 406 1149 Vaticano
429 1113 601 1149 traditas.
656 1114 756 1148 Ante
792 1113 926 1154 omnia,
952 1113 1041 1158 quid
1077 1113 1263 1158 significet
1298 1115 1380 1149 wis
1414 1113 1454 1148 in
1490 1126 1524 1151 v.
1550 1113 1630 1157 560,
1654 1113 1709 1148 in-

223 1175 368 1209 eertum
393 1174 462 1217 est,
500 1174 542 1207 at
578 1184 622 1207 ex
656 1172 734 1208 eins
772 1172 998 1207 substantivi
1033 1173 1185 1207 notione
1216 1174 1299 1208 tota
1330 1173 1472 1218 pendet
1497 1173 1708 1218 explicatio.

222 1231 317 1267 Sunt
340 1232 403 1278 qui
426 1232 651 1277 intellegant
688 1231 783 1267 caeli
806 1231 943 1277 polum‚
990 1231 1054 1266 alii
1092 1231 1279 1276 explicant
1317 1243 1397 1268 esse
1434 1232 1535 1267 sidus
1559 1234 1709 1278 septen-

221 1291 365 1332 trionis,
391 1291 454 1326 alii
478 1303 636 1331 currumq
650 1290 854 1327 Baehrens
878 1292 984 1326 arbos
1007 1291 1154 1336 scripsit
1175 1303 1245 1337 pro
1270 1292 1361 1333 wis,
1387 1291 1532 1327 Bussen
1550 1291 1609 1327 ‘de
1635 1291 1709 1326 Va-

222 1349 307 1386 lerii
322 1350 446 1386 Flacci
469 1349 510 1385 in
531 1350 755 1385 adhibendis
774 1350 1112 1395 comparationibus
1132 1353 1207 1385 usu’
1235 1362 1270 1395 p.
1285 1350 1332 1385 26
1348 1351 1430 1386 ales.
1449 1350 1542 1385 Mihi
1557 1350 1708 1396 quidem

221 1410 290 1444 ant
313 1409 362 1445 de
386 1409 536 1454 agmine
562 1420 735 1444 curruum
759 1409 908 1444 videtur
931 1412 1044 1454 poeta
1069 1410 1265 1455 cogitasse,
1308 1421 1353 1445 ex
1390 1410 1524 1456 quibus
1555 1410 1708 1446 ultimus

210 1468 372 1503 ’ablatus
394 1468 457 1504 vel
481 1469 676 1513 separatus
702 1479 725 1502 a
750 1468 884 1503 ceteris
909 1468 1139 1513 relinquatur
1168 1469 1370 1514 impeditus
1407 1469 1485 1504 sive
1509 1469 1548 1503 in
1586 1469 1709 1505 calida

221 1526 376 1572 regione
398 1527 468 1562 sub
493 1528 643 1562 noctem
667 1538 805 1562 arenae
828 1527 979 1563 turbine
996 1528 1075 1562 sive
1098 1528 1139 1562 in
1163 1528 1479 1574 septentrionibus
1505 1528 1542 1563 vi
1567 1529 1708 1564 nivium

221 1584 533 1633 vehementiaque
557 1585 740 1633 aquilonis
765 1588 832 1621 aut
856 1597 901 1622 ex
926 1587 1114 1622 sententia
1131 1587 1290 1623 Busseni
1315 1587 1363 1623 de
1380 1587 1481 1624 alite.
1497 1588 1561 1635 qui
1575 1588 1709 1624 eodem

223 1643 304 1680 fato
340 1645 531 1681 obruatur.
591 1644 701 1679 Illam
733 1645 1017 1690 explicationem
1053 1646 1085 1681 si
1121 1647 1279 1692 probare
1316 1647 1484 1692 velimus,
1523 1647 1560 1682 in
1598 1659 1708 1683 versu

221 1703 293 1739 560
315 1704 553 1740 scribendum
588 1708 785 1739 extremus
820 1725 865 1730 —
902 1705 952 1740 ab
989 1705 1173 1741 orbibus
1207 1706 1231 1742 i.
1268 1717 1297 1741 e.
1324 1706 1425 1747 rotis,
1465 1707 1643 1745 curribus,
1669 1706 1708 1741 in

221 1773 259 1798 v.
282 1762 352 1797 562
375 1763 633 1798 redeuntem
655 1774 800 1809 rursu-33
837 1764 894 1798 sin
913 1766 1040 1799 autem
1055 1766 1152 1800 hanc
1167 1765 1434 1810 praeferamus,
1453 1765 1708 1811 recipiendum

222 1822 406 1856 mremis
430 1842 475 1847 -
500 1822 550 1856 in
573 1823 755 1857 orbibus
777 1822 801 1858 i.
832 1834 862 1858 e.
887 1823 1101 1868 regionibus
1126 1824 1208 1860 coll.
1226 1824 1289 1860 VL
1315 1825 1377 1865 333
1405 1824 1507 1869 vm,
1533 1824 1576 1858 91
1605 1829 1706 1866 (nam

221 1880 323 1915 orbes
357 1880 581 1926 intellegere
604 1881 735 1917 turbas
766 1882 890 1916 avium
926 1883 1055 1918 orbem
1084 1882 1325 1918 formantium
1352 1883 1472 1918 minus
1496 1883 1707 1929 probabile)

221 1938 389 1985 itemque
411 1939 664 1975 redeuntem
688 1940 750 1976 vel
772 1940 896 1986 potius
920 1943 1199 1977 revelantem.

315 1997 397 2035 561.
445 1999 541 2034 lassa
564 1998 638 2034 dies
661 1999 685 2034 i.
710 2010 741 2035 e.
781 2000 886 2046 quasi
922 2003 1008 2045 post
1043 2000 1196 2046 longum
1232 2001 1304 2036 iter
1341 2001 1391 2036 ad
1420 2013 1619 2047 vesperum
1652 2002 1707 2036 in-

316 2116 396 2151 562.
447 2116 631 2161 Rhipaeas
668 2138 711 2143 —
747 2118 797 2152 ad
819 2129 933 2164 arce3;
973 2120 1059 2153 sunt
1096 2121 1241 2155 montes
1267 2119 1427 2166 Rhipaei
1462 2120 1501 2155 in
1539 2122 1707 2156 extrema

222 2173 410 2210 Sarmatia
426 2175 476 2210 ad
493 2175 767 2221 septentriones
784 2188 921 2217 versus,
940 2177 1003 2212 ubi
1019 2177 1155 2213 Tanais
1172 2178 1306 2214 oritur:
1331 2179 1424 2214 Plin.
1443 2181 1521 2216 nat.
1539 2180 1625 2216 hist.
1644 2179 1710 2226 IV,

223 2233 287 2279 78;
311 2233 375 2276 88;
400 2245 500 2270 arces
523 2235 754 2270 nominantur
779 2235 893 2271 etiam
918 2247 941 2270 a
957 2236 1123 2281 Vergilio
1141 2249 1269 2282 georg.
1295 2238 1325 2279 Ι,
1350 2238 1437 2280 240;
1463 2238 1516 2274 sic
1532 2239 1708 2274 scribitur

223 2293 396 2338 Panqaea
425 2305 494 2329 an
526 2293 606 2328 Val.
642 2294 681 2338 1,
714 2294 798 2335 575;
834 2294 1062 2340 Rhodopeiae
1094 2307 1193 2332 arces
1224 2296 1335 2343 Verg.
1370 2309 1495 2343 georg.
1530 2298 1593 2338 IV,
1619 2298 1706 2341 461;

223 2352 385 2388 Pamaei
406 2363 476 2388 arx
500 2352 567 2388 Ov.
591 2355 681 2389 met.
706 2352 735 2393 Ι,
760 2353 829 2388 467
856 2354 900 2389 al

317 2411 398 2448 563.
447 2412 628 2447 caeruleus
643 2411 783 2448 Boreas
802 2415 957 2448 vocatur
979 2416 1136 2460 propter
1159 2416 1278 2452 nubes
1304 2416 1351 2452 ab
1377 2428 1422 2452 eo
1448 2418 1635 2462 collectas,
1662 2429 1706 2454 ex

224 2469 357 2517 quibus
390 2470 502 2512 nives¹
518 2473 710 2516 proruunt,
748 2471 814 2507 cfr.
839 2473 1051 2518 nigerrimus
1073 2474 1207 2509 Auster
1230 2475 1341 2520 Verg.
1367 2488 1494 2522 georg.
1520 2476 1589 2517 ΙΠ,
1616 2477 1706 2524 278;

223 2529 325 2574 πίφα-
347 2529 473 2565 Eurus
497 2529 583 2565 Hor.
614 2530 721 2576 epod
746 2530 789 2571 X„
816 2530 855 2572 5;
893 2532 935 2566 ut
960 2534 1091 2568 contra
1115 2533 1216 2569 albus
1239 2534 1358 2570 Notus
1385 2538 1451 2574 est„
1490 2536 1552 2581 qui
1589 2537 1707 2572 nubes

226 2586 383 2634 dissipat
407 2588 507 2634 apud
531 2589 620 2625 Hor.
648 2601 677 2625 c.
706 2590 733 2629 Ι,
760 2590 792 2634 7,
820 2591 881 2633 15;
906 2588 1025 2636 Iapyx'
1048 2591 1118 2633 ῙΠ,
1143 2593 1200 2639 27,
1225 2593 1286 2635 19;
1312 2595 1432 2630 clarus
1447 2595 1582 2642 Aquilo
1595 2596 1704 2641 Verg.

225 2656 354 2692 georg.
378 2646 409 2688 1,
434 2647 515 2685 460.
