1890 3100
267 221 356 265 536
818 219 855 256 o,
884 218 1063 254 VALERI
1088 217 1263 254 FLACCI

375 340 515 391 incipit
542 338 696 378 Idaliae
726 351 875 377 numen
902 352 978 377 nec
1008 350 1198 390 spernere
1228 337 1356 375 divae.
1763 352 1818 381 225

376 405 675 457 praecipueque
706 404 777 452 sui,
809 403 1015 457 siquando,
1045 403 1086 441 in
1114 409 1293 455 tempore
1322 402 1491 454 pulcher

377 470 551 522 coniugii
580 470 742 521 Minyas
771 482 988 522 numquam
1016 468 1143 520 magis
1174 469 1322 507 eminet
1349 468 1464 515 inter,

377 535 507 588 qualis
539 525 760 587 Sanguineo
789 536 915 573 victor
946 533 1146 573 Gradivus
1176 533 1226 572 ab
1254 533 1394 572 Hebro

375 600 548 640 Idalium
579 601 684 640 furto
714 601 820 639 subit
849 605 918 638 aut
947 599 1096 638 dilecta
1126 598 1318 650 Cythera.

376 667 544 705 suscitat
574 666 745 705 adfixam
773 666 936 705 maestis
967 664 1142 704 Aeetida
1171 665 1287 711 euris,
1763 671 1818 702 230

376 745 451 770 ceu
481 746 570 770 cum
600 731 798 770 caelestes
827 730 998 769 Alcidae
1027 731 1203 769 invisere
1233 742 1393 768 mensas
1763 734 1820 764 230

375 798 454 836 iam
482 803 599 836 vacat
628 803 669 836 et
697 797 850 836 fessum
877 796 1049 834 Iunonia
1078 795 1248 834 sustinet
1277 795 1408 834 Hebe.

379 863 524 901 adsunt
552 863 749 901 unanimis
778 863 917 901 Venus
946 861 1211 913 hortatorque
1243 860 1411 913 Cupido,

376 929 464 980 ipsa
493 941 586 966 suas
615 928 674 966 illi
703 940 843 966 croceo
874 927 1126 978 subtegmine
1156 931 1292 964 vestes
1761 938 1817 968 234

362 1081 443 1118 225.
494 1082 621 1127 impit
646 1082 787 1118 Idaliae
811 1092 940 1116 numen
964 1091 1042 1116 nec
1061 1091 1225 1125 spernere
1255 1075 1374 1128 divd65
1399 1079 1465 1117 cfr.
1492 1080 1540 1116 ad
1564 1079 1627 1122 VI,
1654 1081 1700 1115 25
1727 1082 1765 1116 et

270 1141 339 1187 ΠΙ,
366 1142 398 1176 5.

362 1206 432 1242 226
457 1218 531 1252 seq.
570 1207 609 1241 in
642 1219 757 1241 unum
788 1207 978 1242 coniunxit
1012 1207 1182 1243 Valerius
1222 1207 1315 1241 duas
1355 1205 1521 1242 diversas
1559 1205 1766 1242 sententias

269 1267 353 1302 has:
381 1266 589 1312 ‘praecipue
629 1287 671 1292 —
713 1266 742 1301 si
769 1267 928 1311 quando,
960 1267 999 1302 in
1036 1268 1207 1313 tempore
1235 1289 1279 1295 -
1310 1265 1473 1311 coniugii
1497 1264 1596 1301 inter
1620 1265 1766 1310 Minyas

269 1326 419 1363 eminet'
457 1326 496 1362 et
534 1331 745 1372 ‘numquam
781 1326 901 1371 magis
940 1326 1095 1362 eminuit
1131 1337 1243 1371 quam
1279 1327 1451 1371 tempore
1489 1323 1671 1370 coniugii:
1699 1323 1765 1359 cfr.

267 1385 356 1421 Hor.
383 1386 454 1422 sat.
480 1385 510 1425 Ι,
536 1385 568 1427 4,
610 1385 678 1420 101
718 1396 820 1432 seqq.
859 1386 954 1431 quod
990 1387 1116 1422 vitium
1138 1385 1271 1431 procul
1295 1385 1395 1428 afore
1419 1385 1553 1420 chartis
1588 1404 1635 1410 —
1670 1387 1712 1419 ut
1734 1384 1768 1419 si

267 1445 355 1490 quid
389 1445 594 1489 promittere
632 1444 673 1480 de
698 1456 751 1480 me
780 1456 930 1490 possum
964 1445 1066 1480 aliud
1101 1456 1189 1486 vere,
1221 1445 1407 1490 promitto,
1447 1454 1542 1488 quae
1570 1442 1767 1479 coniuncta

269 1505 356 1539 sunt
384 1515 429 1540 ex
454 1504 511 1539 his
538 1504 746 1540 sententiis:
776 1506 834 1539 ·ut
853 1505 940 1549 quid
959 1504 1082 1540 aliud
1109 1504 1334 1550 promittere
1359 1505 1520 1549 possum’
1548 1505 1587 1538 et
1611 1502 1654 1537 ‘si
1679 1501 1767 1547 quid

265 1563 489 1609 promittere
513 1563 687 1609 possum’.

362 1635 442 1670 227.
495 1635 551 1670 De
579 1635 825 1671 collocatione
850 1637 943 1671 inter
967 1634 1256 1681 praepositionis
1283 1633 1349 1670 cfr.
1377 1634 1426 1669 ad
1445 1634 1472 1676 1,
1500 1633 1585 1676 1513
1613 1633 1659 1669 de
1683 1633 1767 1669 tota

270 1694 463 1730 sententia
489 1694 556 1731 cfr.
582 1694 694 1740 Verg.
721 1695 812 1730 Aen.
839 1695 900 1736 IV,
929 1695 996 1729 141
1025 1706 1125 1740 seqq.
1175 1690 1177 1692 ’

362 1766 445 1804 228.
494 1766 605 1802 victor
631 1778 701 1802 om.
717 1767 814 1808 Vat„
841 1766 927 1802 add.
953 1766 1050 1802 Mon.

363 1837 445 1874 233.
495 1837 565 1873 Hic
590 1848 719 1873 versus
746 1837 783 1873 in
808 1837 911 1873 libris
929 1839 1015 1883 post
1035 1837 1105 1872 232
1123 1837 1272 1883 legitur,
1298 1837 1365 1873 sed
1380 1837 1647 1882 praeterquam
1667 1835 1767 1882 quod

272 1896 589 1933 constructionem
629 1897 830 1933 verborum
873 1909 916 1933 eo
957 1897 1037 1933 loeo
1070 1897 1209 1938 turbat,
1259 1897 1419 1942 apparet
1451 1895 1770 1941 comparationem

269 1956 439 1992 Herculis
465 1955 555 1992 fessi
580 1957 692 2002 atque
718 1956 765 1992 ab
792 1956 898 1992 Hebe
924 1956 1126 1992 sustentati
1163 1964 1243 1992 non
1269 1957 1397 2001 aptam
1430 1966 1509 1991 esse
1559 1954 1608 1990 ad
1633 1954 1769 1990 deseri·
1888 1992 1890 2001 Ι

270 2015 436 2052 bendum
463 2015 639 2051 Iasonem
663 2015 763 2052 inter
788 2016 906 2051 socios
933 2015 1171 2059 eminentem,
1214 2015 1282 2051 sed
1306 2014 1495 2060 pertinere
1522 2013 1571 2049 ad.
1595 2013 1770 2050 Medeam
1882 2010 1890 2061 J

271 2075 318 2110 ab
344 2075 479 2110 Iasone
506 2076 777 2111 sustentatam:
803 2075 934 2122 itaque
958 2086 1106 2111 versum
1123 2075 1193 2110 233
1213 2073 1321 2120 posui
1333 2074 1421 2120 post
1437 2073 1507 2108 229
1534 2074 1573 2109 et
1595 2072 1635 2109 in
1659 2084 1770 2109 versu
1883 2069 1890 2085 ¹

272 2134 344 2169 230
369 2145 431 2169 ceu
455 2134 587 2180 scripsi
603 2146 672 2180 pro
699 2145 743 2170 eo
761 2134 859 2179 quod
874 2134 1035 2173 traditur
1058 2145 1130 2170 seu.
1160 2133 1328 2170 Koestlin
1348 2133 1443 2169 Phil.
1461 2132 1518 2175 39,
1543 2132 1614 2167 452
1638 2144 1673 2170 v.
1699 2131 1769 2167 233

272 2193 534 2229 collocandum
558 2195 668 2238 putat
692 2194 781 2229 ante
807 2194 887 2230 232.

363 2253 506 2288 mestis
547 2273 590 2279 —
634 2253 748 2295 curis;
791 2253 843 2288 sic
886 2253 1034 2299 saepius
1071 2254 1278 2289 maestae
1316 2252 1490 2288 dicuntur
1526 2262 1584 2287 res
1619 2261 1688 2296 per
1729 2262 1769 2287 se

269 2311 348 2347 iam
371 2311 510 2352 tristes,
538 2323 634 2356 quae
661 2312 891 2348 maestitiam
924 2312 1097 2354 afferunt,
1134 2312 1200 2348 cfr.
1241 2312 1289 2347 ad
1313 2311 1375 2356 IV,
1415 2310 1493 2346 184.
1533 2310 1691 2353 adfixam
1726 2330 1767 2338 —·-

268 2372 382 2414 πνέω
409 2370 476 2407 cfr.
501 2370 582 2406 Tib.
609 2371 638 2417 I,
665 2371 697 2413 3,
724 2371 769 2406 87
794 2372 963 2416 ‚qv-avibus
982 2373 1108 2416 pensis
1133 2372 1256 2415 adflata
1274 2371 1407 2416 puella.

365 2442 446 2480 231.
471 2442 623 2478 invisere
660 2466 706 2472 —
742 2443 814 2478 iam
851 2447 956 2479 vacat
995 2443 1163 2489 proprie:
1206 2442 1354 2479 otium
1395 2441 1515 2483 datur,
1556 2441 1600 2476 ut
1638 2441 1763 2482 liceat,

272 2502 340 2538 sed
364 2501 499 2538 latiore
525 2501 800 2547 significatione
825 2502 886 2538 hic
909 2502 1062 2548 ponitur
1087 2502 1236 2538 omnino
1273 2512 1341 2547 pro
1368 2512 1422 2546 eo,
1462 2500 1563 2547 quod
1588 2501 1645 2536 est
1670 2501 1764 2544 licet;

274 2562 327 2598 sic
350 2561 488 2607 legitur
515 2561 629 2597 etiam
653 2561 764 2606 Verg.
791 2561 882 2598 Aen.
908 2561 952 2603 X,
979 2561 1065 2604 625;
1094 2561 1160 2598 Ov.
1186 2561 1282 2596 trist.
1308 2559 1352 2602 V,
1370 2560 1402 2601 2,
1422 2559 1460 2602 6;
1487 2559 1572 2595 Luc.
1599 2559 1649 2601 II,
1675 2559 1764 2607 3773

273 2621 337 2663 IV,
363 2620 430 2666 40;
456 2620 518 2657 Sil.
545 2620 660 2664 XVII,
686 2620 766 2657 373.

366 2693 446 2727 232.
498 2693 685 2728 unanimes
711 2692 807 2739 Vat„
837 2692 1019 2728 unanimis
1045 2692 1227 2737 Meyncke
1251 2703 1342 2727 mus.
1369 2691 1486 2727 Rhen.
1514 2691 1570 2733 22,
1597 2690 1678 2727 375.
