1890 3100
600 253 983 291 ARGONAVTIOON
1007 253 1153 289 LIBER
1170 253 1252 289 Vn.
1569 252 1656 297 505

283 373 394 427 quod
422 374 523 413 caeli
551 374 742 426 spectabo
768 374 903 413 latus?
930 372 1003 412 sed
1029 379 1070 411 te
1099 371 1257 425 qnoque
1285 377 1424 423 tangat

285 453 382 479 cura
406 441 486 479 mei
514 453 764 493 quocumque
791 439 893 487 loco,
923 451 1194 491 quoscumque
1222 450 1296 490 per
1323 450 1469 483 annos3
1654 448 1709 478 ω)

284 510 405 558 atque
433 505 540 544 hune
567 511 608 544 te
635 505 862 544 meminisse
891 504 992 542 velis
1020 508 1061 542 et
1088 509 1225 542 nostra
1251 502 1368 540 fateri

284 583 463 618 munera,
493 575 694 609 servatum
721 569 871 621 pudeat
896 581 973 607 nee
1000 568 1165 619 virginis
1196 572 1295 607 arte.

283 635 324 674 ei
350 635 458 682 mihi,
489 648 559 673 eur
584 634 717 673 nullos
746 638 938 686 spargunt
965 639 1035 671 tua
1061 633 1213 671 lumina
1240 631 1384 670 fletus?

284 714 338 739 an
363 713 427 738 me
455 713 548 738 mox
575 700 717 738 merita
743 699 972 737 morituram
999 698 1122 750 patris
1152 697 1202 735 ab
1229 698 1289 736 ira

283 764 537 804 dissimulas?
562 770 604 804 te
632 778 758 816 regna
784 770 877 803 tuae
906 764 1040 803 felicia
1067 764 1210 816 gentis,
1657 767 1714 797 485

281 836 325 869 te
353 830 526 869 coniunx
552 830 715 882 natique
744 835 924 878 manent3
954 842 1030 880 ego
1058 828 1213 881 prodita
1242 828 1373 867 obibo.

280 908 359 934 nec
390 908 535 947 queror
563 900 603 934 et
629 909 701 946 pro
729 900 770 933 te
797 894 929 933 lucem
957 907 1116 947 quoque
1144 894 1252 932 laeta
1278 892 1525 944 relinquam’.

283 960 463 1011 protinus
490 960 639 1012 hospes
669 959 720 998 ad
747 959 848 998 haec
879 959 1023 1011 (tacitis
1052 972 1144 997 nam
1173 958 1355 997 cantibus
1384 958 1497 996 illum

281 1024 451 1064 flexerat
479 1030 520 1063 et
548 1024 666 1063 simili
693 1023 923 1062 iamdudum
950 1023 1116 1062 adflarat
1145 1024 1295 1075 amore)

286 1090 406 1128 ‘tune’
436 1090 490 1128 ait
518 1089 765 1127 ‘Aesoniden
794 1089 1005 1141 quiequam
1033 1094 1074 1127 te
1102 1088 1210 1127 velle
1228 1089 1370 1127 relicta
1654 1098 1710 1128 490

284 1154 413 1194 credis
443 1160 484 1193 et
511 1155 594 1193 ulla
622 1155 706 1206 pati
735 1155 821 1192 sine
848 1160 890 1193 te
918 1153 1035 1192 loca?
1062 1153 1186 1192 redde
1214 1159 1388 1205 tyranno

269 1297 352 1332 480.
399 1307 614 1346 quocumque
636 1297 727 1338 loom
765 1300 911 1342 saepius
946 1295 999 1331 ita
1022 1307 1229 1342 pronomen
1253 1297 1323 1332 hoe
1352 1296 1460 1342 ponit
1483 1295 1654 1332 Valerius

173 1356 292 1392 verbo
315 1368 391 1392 non
416 1356 552 1396 addito,
577 1357 620 1391 nt
646 1355 748 1396 VIII,
772 1356 816 1397 4;
842 1356 904 1397 34;
929 1355 992 1397 51;
1020 1355 1088 1390 169
1114 1355 1162 1391 al.

269 1426 349 1464 481.
396 1427 491 1462 Imm
525 1430 558 1462 te
593 1427 789 1462 meminisse
824 1427 909 1462 velas
943 1426 967 1462 i.
993 1438 1025 1463 e.
1050 1428 1090 1461 te
1114 1426 1154 1461 in
1184 1427 1255 1461 hac
1281 1426 1497 1462 condicione
1522 1425 1656 1467 fussam

173 1485 244 1522 cfr.
269 1485 335 1522 Ov.
365 1487 455 1522 met.
480 1486 563 1527 VIL
605 1485 676 1520 293
700 1486 853 1531 (Aeson)
880 1486 960 1521 olim
985 1490 1068 1521 ante
1092 1490 1217 1531 quater
1240 1486 1348 1521 denos
1376 1487 1471 1521 hunc
1493 1496 1531 1521 se
1554 1487 1659 1522 remi·

173 1545 479 1589 nimmoemoe3
515 1544 626 1590 Verg.
651 1545 742 1580 Aen.
768 1544 833 1586 IX,
870 1545 939 1580 481
976 1545 1071 1580 hunc
1107 1556 1168 1590 eqo
1205 1549 1248 1589 te,
1285 1545 1456 1591 Euryale,
1491 1546 1659 1590 aspide?

173 1600 246 1642 cfr.
267 1604 362 1640 Stat.
387 1604 504 1642 Theb.
530 1604 613 1645 XII,
640 1604 720 1638 322.

270 1675 352 1712 482.
394 1675 533 1720 pudeat
556 1686 637 1712 nec:
663 1674 730 1711 cfr.
757 1675 807 1710 ad
830 1675 860 1715 1,
888 1675 956 1710 175
982 1677 1020 1712 et
1045 1675 1126 1714 261.

269 1746 349 1782 483.
397 1748 578 1792 stringunt
600 1746 696 1788 Vat„
721 1751 897 1792 sparqunt
921 1751 1042 1785 Burm.
1068 1759 1161 1790 see.;
1187 1747 1299 1783 simili
1314 1747 1502 1783 sententia
1528 1758 1658 1792 quam-

174 1815 290 1850 quam
314 1805 389 1840 alia.
413 1805 685 1842 construetione
709 1806 885 1842 Horatius
911 1806 1059 1852 scripsit
1083 1818 1115 1842 c.
1140 1806 1188 1847 Π,
1217 1807 1250 1848 6,
1276 1807 1322 1841 22
1346 1807 1514 1842 calentem
1538 1807 1657 1842 debita

173 1874 324 1910 Qun-903
347 1865 494 1900 lam-ima
515 1865 691 1907 favillam.

270 1935 352 1971 484.
398 1936 608 1972 morituram
631 1957 680 1963 —
703 1937 748 1972 ab
772 1937 844 1973 ira:
882 1936 957 1974 vid.
983 1937 1033 1971 ad
1056 1936 1124 1978 ΠΙ.
1150 1937 1209 1972 36.

270 2006 340 2043 485
365 2018 441 2052 seq.
480 2006 654 2042 Nondum
691 2018 821 2053 regem
858 2019 937 2043 esse
973 2008 1147 2044 Iasonem
1182 2009 1341 2043 noverat
1367 2008 1501 2043 Medea
1529 2019 1575 2043 ex
1599 2019 1655 2050 eo,

106 2064 115 2075 '
175 2065 277 2111 qnod
299 2065 412 2102 Iason
436 2066 592 2111 dixerat,
618 2077 658 2102 se
682 2066 782 2102 iussu
806 2066 933 2102 Peliae
958 2067 1006 2102 ad
1025 2067 1144 2103 vellus
1168 2067 1424 2112 recipiendum
1449 2067 1658 2113 expeditio-

177 2136 264 2161 nem
279 2124 412 2161 fecisse
432 2125 474 2163 V,
493 2125 564 2160 483
580 2136 692 2170 seqq.;
719 2125 786 2161 cfr.
805 2125 887 2171 VII,
912 2126 959 2161 92
976 2137 1087 2172 seqq„
1112 2126 1194 2162 447.
1218 2126 1350 2162 Verbis
1366 2126 1482 2172 igitur
1497 2130 1531 2162 te
1546 2137 1658 2172 royna

174 2187 260 2219 tuae
280 2184 402 2227 felicia
422 2186 538 2230 yentis
562 2205 607 2210 —
631 2189 773 2220 manent
797 2185 932 2221 Medea
956 2185 1153 2231 sig-nificat,
1178 2185 1303 2221 Iasoni
1318 2187 1470 2231 postero
1486 2187 1658 2232 tompore

174 2253 334 2288 regnum
359 2254 438 2279 esse
463 2243 647 2286 futurum
684 2244 811 2289 itaque
848 2244 1013 2290 cogimur
1050 2245 1161 2280 etiam
1187 2245 1306 2280 verba.
1331 2256 1427 2292 quse
1452 2247 1657 2290 sequuntur

174 2305 211 2337 te
234 2303 390 2338 monim
423 2303 567 2348 natique
602 2307 744 2338 manent
781 2303 891 2338 simili
920 2304 1031 2340 modo
1070 2304 1266 2350 explicare,
1304 2305 1347 2339 nt
1371 2304 1506 2340 Medea.
1530 2304 1656 2340 dicere

176 2360 279 2403 velit,
305 2361 478 2398 Iasonem
501 2363 634 2407 postea
658 2362 759 2398 domi
782 2373 935 2398 uxorem
959 2363 1156 2398 ducturum
1181 2374 1225 2399 ex
1263 2374 1380 2409 eaque
1411 2363 1548 2399 liberos
1573 2375 1659 2409 pro-

176 2421 400 2462 creatorum,
427 2432 511 2456 cum
534 2420 616 2467 ipsa
640 2421 820 2457 moritura
845 2421 904 2458 sit.

271 2491 353 2527 486.
401 2495 575 2537 nataeque
598 2492 693 2533 Vat„
719 2494 863 2538 natique
886 2493 1063 2535 Schenkl;
1088 2494 1192 2529 abibo
1218 2494 1313 2535 Vat„
1340 2495 1441 2530 obibo
1459 2495 1539 2533 eod
1559 2494 1657 2530 Cart.

271 2561 354 2599 487.
402 2563 508 2598 lucem
535 2585 580 2592 —
604 2564 814 2608 relinquam:
840 2563 949 2609 Verg.
975 2565 1067 2601 Aen.
1093 2564 1175 2605 XII,
1202 2564 1258 2601 62.

272 2634 353 2672 489.
402 2634 553 2678 adflebat
578 2634 673 2677 vat„
699 2635 854 2678 adflarat
878 2636 974 2672 Pius.

273 2704 354 2741 491.
396 2707 475 2750 peti
498 2706 593 2747 Vat„
613 2707 697 2751 pati
722 2706 939 2743 Gronovius.
