1890 3100
586 221 972 259 ARGONAVTICON
995 220 1143 256 Lissa
1167 220 1236 256 111.
1558 222 1644 264 217

268 343 338 382 ille
366 343 479 382 leves
508 342 559 381 de
585 355 696 380 more
723 353 864 379 manus
894 340 1101 392 aciemque
1129 339 1347 390 Pelasgum

267 421 341 460 per
367 413 526 447 noctem
552 412 756 446 remeasse
783 412 893 444 ratus
921 405 1164 457 pulsumque
1191 405 1401 456 requirens

269 486 390 525 saepe
419 473 494 512 sibi
520 485 625 511 vano
653 472 890 523 Thamyrim
919 471 1092 509 clamore
1119 470 1286 522 petebat

270 537 419 577 arduus
447 544 488 578 et
514 537 596 576 late
623 537 794 576 fumanti
821 536 929 575 nube
959 548 1165 583 coruscus;

270 609 441 656 quantus
468 602 538 641 ubi
563 603 759 640 immenso
786 601 993 654 prospexit
1021 601 1071 639 ab
1101 601 1267 639 aethere
1295 599 1472 651 Typhon
1646 607 1703 637 130

267 669 362 720 igne
391 668 508 706 simul
534 668 748 719 ventisque
776 666 937 714 rubens,
968 679 1087 719 quem
1115 665 1297 717 Iuppiter
1324 665 1406 702 alte

269 733 377 772 edne
404 738 533 781 tenet;
561 732 764 784 trepidant
791 731 876 770 diro
906 731 979 770 sub
1009 732 1159 769 lumine
1186 743 1354 782 puppes.

267 798 421 837 tollitur
446 798 539 836 hinc
565 804 758 850 tentoque
786 797 865 835 ruit
892 797 1131 848 Tirynthius
1160 810 1256 834 arcu

267 869 430 916 pectore
459 869 569 901 certa
595 875 741 914 regens
770 862 942 901 adversa
969 862 1124 914 spicula
1150 861 1309 899 flamma

266 942 341 981 per
365 929 501 981 piceos
531 942 702 967 accensa
729 928 883 980 globos,
914 934 955 966 et
982 933 1123 980 pectus
1151 926 1333 965 harundo
1647 936 1702 966 135

267 1007 339 1045 per
366 993 541 1032 medium
569 999 758 1032 contenta
785 993 905 1044 fugit3
931 994 1011 1031 ruit
1037 993 1107 1031 ille
1137 992 1309 1031 comanti

258 1123 336 1158 129.
383 1124 541 1167 fumanti
564 1124 658 1158 nube
681 1134 847 1159 coruscus
870 1123 894 1158 i.
921 1134 952 1158 e.
978 1122 1074 1167 face,
1100 1134 1212 1167 quam
1237 1121 1450 1167 quassabat.

256 1182 336 1218 130.
389 1183 538 1229 :typhon
560 1182 907 1218 vehementissimus
933 1183 991 1218 est
1014 1182 1136 1222 turbo,
1163 1181 1353 1217 interdum
1378 1192 1463 1216 cum
1486 1179 1644 1215 fulmine

162 1252 208 1277 ex
243 1241 405 1277 nubibus
442 1253 650 1287 erumpens,
689 1241 755 1277 cfr
789 1241 885 1277 Plin.
910 1242 986 1276 nat.
1013 1241 1099 1276 hist.
1125 1240 1173 1282 H
1201 1240 1246 1275 91
1284 1240 1432 1285 diraque
1467 1243 1646 1285 comperta

162 1301 377 1346 Aethiopum
402 1305 435 1336 et
458 1302 789 1346 Aeyyptipopulm
827 1301 885 1336 cui
914 1311 1039 1336 nomen
1070 1302 1148 1336 aevi
1172 1301 1249 1336 eius
1271 1311 1336 1335 rex
1360 1300 1456 1335 dedit
1484 1299 1644 1345 Typhon,

162 1361 403 1405 iynoaspecic
427 1360 738 1405 acspiraemodo
763 1361 907 1401 intorta,
932 1361 1171 1405 visuquoque
1195 1363 1304 1401 torvo,
1331 1359 1646 1394 neesteuavmus

161 1430 268 1464 quam
296 1419 462 1464 quidmn
459 1420 596 1464 iyneus
628 1419 765 1459 nodum
802 1419 896 1454 haec
930 1418 1159 1455 conferenda
1196 1430 1280 1454 cum
1317 1418 1381 1460 eis,
1419 1429 1515 1463 quae
1554 1417 1646 1453 dicit

162 1478 182 1524 ξ
206 1477 292 1520 131;
323 1477 400 1516 vid.
425 1477 540 1514 etiam
565 1477 660 1514 Gen.
685 1478 785 1523 XIX,
811 1478 842 1518 1,
868 1478 910 1525 33
947 1478 1031 1514 Seu.
1058 1479 1201 1522 quaest.
1227 1479 1305 1513 nat.
1331 1477 1364 1512 V
1389 1489 1418 1514 c.
1445 1478 1490 1512 12
1516 1479 1555 1513 et
1580 1477 1644 1519 13;

165 1537 267 1574 [auor.
292 1537 356 1579 VI,
382 1537 452 1572 426
475 1549 589 1584 seqq,
631 1538 717 1573 Luc.
742 1537 824 1575 VII.
852 1538 920 1572 155
945 1549 1064 1583 seqq.;
1107 1538 1255 1583 poetice
1280 1539 1460 1583 tanquam
1484 1547 1645 1583 persona

161 1596 360 1642 cogitatur.
400 1597 511 1643 Apud
526 1597 678 1633 Hesiod.
695 1598 825 1643 theog.
840 1597 911 1632 869
937 1609 983 1633 ex
999 1597 1178 1643 Typhoeo
1203 1597 1309 1633 venti
1333 1597 1548 1643 gignuntur,
1576 1596 1644 1633 cfr.

159 1655 316 1692 Pmlleri
346 1668 402 1701 gr.
432 1656 587 1701 mythol.
614 1656 659 1697 1⁴,
691 1656 738 1691 63
763 1668 863 1702 seqq.
928 1656 1035 1699 Quod
1066 1658 1195 1692 autem
1226 1657 1318 1692 dicit
1348 1656 1532 1700 Valerius,
1569 1668 1645 1691 non

160 1714 281 1750 solum
302 1714 391 1760 igne
415 1715 483 1751 sed
509 1715 623 1751 etiam
652 1716 775 1751 ventis
806 1716 942 1752 rubere
973 1715 1209 1762 Typhonem,
1247 1716 1321 1751 vid.
1354 1716 1460 1751 Lucr.
1486 1715 1547 1757 VI,
1576 1716 1644 1750 175

159 1783 262 1819 seqq.
286 1778 411 1810 ventus
433 1774 496 1809 ubi
518 1774 652 1810 invasit
674 1775 800 1810 nubem
825 1779 858 1810 et
881 1779 1044 1811 versatus
1067 1776 1194 1811 ibidem
1219 1775 1324 1811 Fecit
1348 1779 1389 1810 ut
1411 1779 1496 1811 ante
1520 1786 1643 1810 cavam

161 1832 266 1869 domni
287 1834 496 1877 spissescere
518 1833 653 1877 nubem,
680 1834 882 1870 Mobilitate
904 1846 974 1870 sua
995 1835 1169 1877 fervescit.

255 1904 335 1940 133.
382 1904 521 1940 tollitur
552 1905 636 1941 hinc
665 1905 690 1941 i.
716 1917 746 1941 e.
780 1905 916 1942 deinde
946 1906 1103 1952 prosilit,
1141 1906 1324 1953 impetum
1358 1906 1462 1951 facit,
1500 1905 1567 1942 cfr.
1594 1905 1642 1947 Π,

155 1963 248 2006 5163
274 1963 374 2005 VIII,
400 1963 487 2006 32&
514 1963 578 2000 Sil.
604 1964 701 2006 XVI,
727 1964 814 2006 394;
841 1965 921 2001 510.

254 2026 415 2068 totusque
436 2023 534 2063 Vnt„
559 2027 721 2068 ten-toque
743 2024 937 2060 Baehrens
944 2038 953 2067 ;
980 2024 1121 2060 frustra
1140 2025 1343 2061 Loehbach
1368 2025 1453 2062 coll.
1471 2024 1554 2069 VII,
1572 2024 1643 2060 600

160 2085 322 2127 muneque
345 2093 495 2118 servare
521 2083 688 2118 conatur.

255 2141 335 2178 134.
377 2145 522 2186 pectore
551 2145 648 2177 certa
677 2153 800 2187 reyens
830 2164 877 2169 —
900 2144 1060 2188 spic-uhu
1099 2143 1263 2179 Schenkl
1287 2144 1385 2179 stud.
1410 2156 1447 2190 p.
1473 2143 1544 2179 365
1571 2144 1642 2180 ‘die

159 2201 290 2236 rechte
313 2200 424 2235 Hand
453 2200 548 2235 wird
577 2201 648 2236 mit
679 2201 746 2237 der
772 2201 894 2238 Sehne
924 2203 982 2238 bis
1012 2215 1076 2238 zur
1106 2203 1220 2238 Brust
1249 2203 1563 2249 zurfickgezogen,
1602 2215 1643 2239 so

160 2259 247 2295 dass
283 2259 351 2295 der
385 2259 581 2295 Ausdruck
615 2262 770 2306 pectore
801 2273 830 2297 c.
864 2274 893 2298 r.
928 2274 981 2308 sp.
1015 2262 1114 2298 wohl
1147 2262 1318 2298 denkbar
1351 2263 1423 2298 ist!
1472 2263 1642 2298 Adversa

158 2317 312 2354 flamma
335 2317 440 2363 quasi
464 2329 596 2364 scopus
614 2321 681 2361 est,
708 2320 758 2355 ad
783 2332 892 2365 quem
909 2321 1052 2367 spicula
1070 2323 1175 2357 certa
1192 2322 1354 2367 dirigere
1378 2333 1447 2368 per
1462 2322 1641 2358 tenebras

158 2376 264 2419 licet;
301 2377 396 2413 haec
420 2378 548 2413 autem
572 2378 714 2423 spicula
746 2391 830 2415 cum
858 2380 980 2426 ipsam
1003 2380 1194 2416 flammam
1217 2382 1433 2423 transirent,
1461 2382 1641 2417 accende-

159 2435 309 2474 bantur.
528 2456 529 2459 =

255 2495 335 2534 136.
381 2498 505 2544 fugere
528 2498 676 2544 saepius
702 2499 838 2534 dicitur
863 2499 911 2535 de
928 2499 1042 2535 celeri
1058 2501 1173 2541 motu,
1200 2499 1253 2535 sic
1277 2500 1383 2535 hasta
1407 2500 1503 2545 fuyit
1527 2499 1638 2545 Verg.

160 2554 252 2592 Aen.
277 2555 320 2598 X,
345 2556 417 2593 340
440 2559 481 2594 et
510 2557 573 2594 Sil.
599 2557 660 2600 IV,
687 2558 775 2602 290;
811 2560 985 2603 spiculum
1010 2558 1093 2595 Seu.
1119 2559 1227 2595 Herc.
1255 2559 1326 2595 fur.
1352 2559 1438 2606 9943
1476 2560 1641 2595 harundo

162 2612 309 2661 Coripp.
333 2615 414 2652 Ioh.
439 2616 502 2658 IV,
528 2617 614 2659 976;
662 2617 728 2653 cfr.
760 2618 1037 2654 substanfivum
1066 2619 1178 2664 suque
1208 2619 1260 2654 sic
1292 2621 1513 2665 usurpatum
1543 2620 1638 2655 Stat.

161 2671 279 2710 Theb.
302 2674 367 2715 IX,
394 2676 473 2715 125.
