1890 3100
614 178 1003 215 ARGONAVTICON
1025 178 1173 214 LIBER
1196 179 1297 214 VIII.
1614 180 1699 223 527

317 297 420 336 vidit
445 298 567 345 humi,
596 298 697 336 fusis
726 298 874 337 circum
900 299 1080 350 proiecta
1105 298 1266 337 lacertis

319 376 447 415 seque
478 376 675 415 suumque
703 364 822 402 simul
848 363 960 402 flevit
988 363 1162 402 crudelis
1191 363 1405 401 alumnum.
1428 353 1432 355 ‚
1468 384 1473 388 ·

319 433 416 466 ‘non
445 441 521 479 ego
549 435 590 467 te
620 442 711 467 sera
736 428 861 467 talem
889 429 964 467 sub
991 435 1111 467 nocte
1140 427 1327 466 videbam

319 506 434 531 sacra
460 493 595 532 ferens
625 494 847 545 epulasque
874 493 959 539 tibi,
988 506 1065 531 nec
1092 493 1184 531 talis
1212 493 1339 530 hianti

317 558 442 596 mella
469 558 613 596 dabam
641 572 688 596 ac
714 558 861 596 nostris
889 557 1089 596 nutribam
1116 557 1198 596 fida
1223 558 1404 596 venenis.

320 637 439 675 quam
467 622 634 674 gravida
659 636 766 660 nunc
792 622 899 660 mole
929 622 1055 660 iaces!
1085 635 1204 674 quam
1231 623 1366 673 segnis
1394 622 1564 660 inertem

315 687 434 726 flatus
462 687 603 726 habet!
631 700 707 725 nec
734 693 776 725 te
806 686 961 734 saltem,
990 686 1229 733 miserande,
1258 687 1431 738 peremi!

301 752 398 790 ‘heu
427 765 592 790 saevum
619 765 787 803 passure
816 750 942 790 diem!
970 752 1050 789 iam
1077 751 1190 790 nulla
1217 751 1373 790 videbis
1700 761 1754 790 100

317 816 482 863 vellera,
510 816 623 854 nulla
649 822 720 854 tua
747 816 946 867 fulgentia
974 816 1079 855 dona
1108 817 1182 855 sub
1210 817 1363 855 umbra.

318 880 419 919 cede
435 880 549 921 ‚adeo
577 882 699 933 inque
728 881 816 919 aliis
846 882 1001 919 senium
1029 895 1136 919 nunc
1166 881 1304 933 digere
1332 882 1434 920 lucis

316 945 535 993 immemor,
566 959 646 993 oro,
675 946 772 993 mei3
801 959 877 984 nec
906 959 970 984 me
998 952 1069 984 tua
1097 946 1215 984 sibila
1241 952 1328 1000 toto

318 1010 525 1062 exagitent
551 1010 701 1049 infesta
726 1012 838 1049 mari.
895 1011 968 1049 sed
995 1017 1039 1048 tu
1069 1025 1230 1063 quoque
1259 1018 1436 1058 cunctas,

317 1075 536 1122 Aesonide,
566 1075 719 1114 dimitte
747 1089 891 1122 moras,
921 1082 1041 1128 atque
1069 1076 1203 1127 effuge
1231 1077 1355 1127 raptis
1422 1127 1430 1131 .
1702 1086 1756 1116 105

319 1139 549 1178 velleribus.
605 1141 755 1192 patrios
784 1141 937 1187 extinxi
964 1141 1086 1179 noxia
1112 1147 1267 1188 tauros3

317 1206 541 1256 terrigenas
569 1206 611 1243 in
638 1205 721 1243 fata
749 1204 859 1252 dedi3
888 1205 1021 1243 fusum
1051 1219 1146 1244 ecce
1176 1206 1359 1244 draconis

322 1282 467 1321 corpus
494 1270 632 1317 habes,
661 1270 821 1322 iamque
852 1283 968 1308 omne
996 1270 1124 1317 nefas,
1154 1272 1245 1317 iam,
1276 1285 1405 1322 spero,
1435 1271 1599 1323 peregi.'

320 1335 529 1387 quaerenti
555 1340 651 1373 tunc
680 1335 826 1373 deinde
854 1335 971 1382 viam,
1002 1349 1081 1387 qua
1110 1349 1155 1374 se
1184 1335 1331 1374 arduus
1360 1337 1479 1375 heros

317 1399 441 1438 ferret
468 1399 520 1438 ad
548 1401 756 1451 aurigerae
786 1406 906 1451 caput
934 1401 1099 1448 arboris,
1131 1402 1217 1447 ‘eia,
1246 1415 1320 1453 per
1346 1402 1477 1453 ipsum
1700 1412 1753 1441 ιιο

302 1498 361 1536 98.
408 1510 516 1544 quam
538 1500 656 1544 scynis
679 1500 825 1534 inertem
847 1501 957 1542 flatu-3
979 1501 1099 1542 habe&
1127 1501 1194 1536 cfr.
1220 1501 1270 1536 ad
1295 1501 1337 1542 V,
1364 1501 1446 1538 283.

241 1591 246 1594 ,
302 1557 362 1594 99.
410 1558 618 1602 miserande,
636 1561 792 1603 peremi.-
822 1559 889 1594 Ov.
914 1561 1004 1595 met.
1030 1560 1093 1601 IV,
1122 1560 1199 1596 110.

304 1617 384 1653 101.
422 1621 531 1652 -tuam
554 1617 715 1652 umbram
739 1620 867 1653 utrum
891 1620 1003 1663 poeta
1018 1618 1246 1655 intellexerit
1263 1620 1434 1655 draconis
1445 1620 1571 1666 ipsius,
1596 1621 1697 1667 quod

206 1675 358 1722 putavit
379 1675 556 1721 Wagner,
589 1687 638 1711 an
663 1677 806 1712 arboris
832 1677 880 1712 ab
907 1688 951 1712 eo
976 1678 1196 1718 custoditae,
1223 1679 1323 1723 quod
1348 1679 1466 1714 voluit
1490 1680 1696 1722 Burmann,

208 1746 285 1770 non
320 1734 412 1769 satis
449 1735 580 1780 liquet:
617 1735 709 1770 illud
745 1735 958 1781 simplicius,
996 1748 1221 1781 quamquam
1251 1739 1294 1772 ut
1318 1737 1488 1773 Valerius
1514 1739 1609 1774 dixit
1632 1751 1701 1774 sua

209 1794 338 1829 vollem
360 1805 395 1828 v.
419 1792 477 1834 89,
503 1805 599 1838 quae
624 1805 647 1829 a
673 1794 836 1830 dracone
868 1795 1188 1836 custodiebantur,
1221 1797 1274 1831 sic
1299 1800 1397 1831 tuam
1428 1798 1607 1833 arborem
1637 1798 1699 1834 vel

207 1852 370 1887 mbram
393 1863 538 1898 quoque
563 1852 689 1888 dicere
715 1853 750 1888 ei
772 1853 924 1889 licebat.

304 1910 384 1946 102.
434 1911 515 1946 cede
538 1911 642 1946 adeo:
680 1912 768 1947 adeo
791 1912 980 1957 particula
1010 1913 1232 1958 imperativo
1258 1914 1389 1949 addita
1418 1915 1559 1960 legitur
1583 1916 1700 1951 etiam

209 1969 312 2015 apud
333 1970 412 2006 Ter.
439 1970 553 2005 Andr.
581 1970 660 2005 759.
1154 1963 1158 1967 ’

284 2029 423 2064 sentium
428 2039 525 2063 nunc
532 2028 649 2074 digere
655 2040 724 2074 pro
733 2040 776 2065 eo
784 2030 884 2074 quod
891 2031 1090 2078 est-senium
1103 2031 1128 2065 d
1133 2042 1179 2076 eq
1186 2042 1204 2066 e
1216 2032 1387 2077 exemplo
1394 2044 1524 2069 carere
1531 2033 1681 2070 videtur
1688 2047 1697 2079 3

209 2087 314 2123 certe
338 2087 449 2123 aliter
472 2098 513 2122 ee
533 2082 657 2122 tabet
681 2087 777 2124 Stat.
803 2088 884 2124 silv.
910 2087 958 2129 Π,
984 2089 1017 2129 3,
1043 2089 1091 2124 69
1114 2091 1177 2134 qui
1201 2090 1333 2135 digeris
1356 2092 1511 2127 ordine
1534 2093 1655 2129 vitam.

305 2145 439 2181 Sedem
463 2147 508 2180 ut
530 2147 657 2182 mu‘oet
678 2147 801 2187 draco,
827 2147 964 2187 Medea
988 2149 1105 2193 optat,
1131 2160 1179 2184 ne
1204 2149 1286 2185 loco
1308 2150 1397 2196 ‘ipso
1422 2151 1578 2196 rapinae
1602 2163 1698 2188 sem-

208 2215 279 2250 per
303 2206 594 2240 commoneatur.
1235 2202 1237 2207 ’

307 2262 387 2299 103.
436 2274 499 2298 nec
524 2284 566 2289 -—
593 2266 788 2309 exagitent,
814 2263 880 2302 cfr.
907 2265 956 2299 ad
980 2265 1010 2306 Ι,
1039 2265 1118 2302 175.
1206 2301 1214 2312 ,

304 2321 383 2357 107.
431 2322 566 2364 infesta
601 2322 767 2364 Monac.;
804 2323 845 2358 in
864 2323 949 2364 fata
971 2324 1091 2360 Vatic.
1117 2326 1257 2361 saeculi
1281 2326 1363 2369 XV;
1402 2327 1470 2364 cfr.
1494 2327 1579 2369 VII,
1605 2329 1691 2371 545;

208 2379 294 2416 Ter.
318 2380 434 2419 Andr.
459 2380 549 2427 8303
575 2381 676 2417 Man.
699 2381 742 2422 V,
769 2381 851 2418 652.

305 2438 385 2482 108.
435 2439 571 2475 Medea
585 2439 757 2476 Iasonem
773 2440 1007 2483 adhortatur,
1025 2444 1084 2483 ut,
1098 2454 1195 2488 quae
1214 2443 1388 2480 facienda
1405 2446 1560 2489 restent,
1580 2446 1699 2482 celer-

209 2496 305 2533 rime
329 2496 473 2533 effectis
496 2498 667 2544 protinus
693 2498 825 2544 fugiat,
850 2501 953 2535 metu
978 2500 1091 2537 ducta
1115 2513 1173 2546 ne,
1199 2502 1230 2537 si
1254 2515 1352 2539 nova
1377 2505 1416 2539 et
1439 2505 1699 2550 inexspectata

209 2554 478 2602 impedimenta.
514 2557 737 2607 obiciantur,
773 2558 879 2605 novis
920 2559 1036 2595 etiam
1070 2560 1265 2597 fraudibus
1290 2563 1472 2598 utendum
1496 2563 1562 2610 sit;
1586 2564 1697 2599 simul

210 2613 355 2650 indicat
377 2617 492 2660 poeta
516 2614 682 2651 futuram
707 2616 861 2662 Absyrti
886 2618 1052 2654 caedem.
