1890 3100
189 232 203 245 ⁶
244 255 328 297 178
764 251 800 287 O.
826 250 1006 286 VALERI
1030 251 1202 288 FLAOOI

350 371 555 410 desiliunt:
585 385 677 423 pars
706 371 799 409 hinc
826 371 982 410 levibus
1013 372 1224 411 candentia
1249 372 1351 411 velis

350 442 479 475 castra
506 437 632 483 locat,·
661 437 753 475 trito
782 451 875 488 pars
903 437 1050 488 frangit
1079 437 1226 476 adorea
1255 450 1351 475 saxo

347 502 469 550 farra3
501 502 620 540 citum
650 502 795 540 strictis
826 503 925 541 alius
956 502 1005 541 de
1035 503 1216 541 cautibus
1245 503 1379 554 ignem

349 566 522 605 ostendit
550 567 655 605 foliis
686 573 726 606 et
755 567 944 619 sulphure
972 569 1101 619 pascit
1129 568 1266 606 amico.
1721 577 1775 606 450

399 632 565 671 Alcides
595 633 872 685 Telamonque
902 647 1034 672 comes
1065 633 1156 671 dum
1186 634 1303 671 litora
1330 632 1477 671 blando

346 697 526 737 anfractu
557 698 718 736 sinuosa
745 698 898 749 legunt,
927 712 1006 737 vox
1035 698 1178 737 accidit
1207 711 1335 745 aures,

345 762 478 801 flebile
509 763 743 811 succedens,
776 777 864 802 cum
892 763 1018 802 fracta
1046 769 1307 802 remurmurat
1335 762 1456 801 unda.

331 905 411 941 447.
462 906 544 941 hinc
568 905 591 942 i.
618 906 717 950 quod
743 905 888 947 deinde,
915 906 958 940 ut
982 905 1030 946 II,
1070 905 1154 947 534;
1192 905 1278 947 540;
1316 905 1385 946 III,
1423 905 1487 946 72;
1528 904 1616 952 1333
1655 905 1722 941 Ov.

236 965 324 999 met.
351 964 433 1006 XII,
461 965 530 1000 268
557 966 595 1000 et
620 964 766 1010 saepius
793 964 908 999 etiam
934 965 1034 1010 apud
1059 964 1256 1011 scriptores
1283 965 1487 1009 argenteae
1513 963 1660 1000 aetatis.

330 1030 409 1065 448.
461 1034 580 1065 castra
605 1031 695 1065 levat
729 1029 824 1071 Vat..
857 1041 885 1065 c.
918 1031 1010 1065 locat
1034 1029 1221 1072 Heinsius;
1261 1029 1402 1064 dictum
1439 1030 1497 1065 est
1534 1041 1579 1065 ex
1617 1040 1723 1065 more

235 1090 415 1131 Romano,
444 1089 510 1126 cfr.
536 1090 564 1130 I,
593 1089 681 1127 143:
708 1089 754 1125 de
780 1089 968 1125 sententia
995 1100 1120 1125 eorum
1147 1100 1240 1134 quae
1277 1090 1480 1133 sequuntur
1514 1088 1582 1126 cfr.
1608 1089 1721 1134 Verg.

236 1153 326 1185 Aen.
353 1149 382 1191 I,
411 1148 479 1183 174
505 1160 605 1194 seqq.

331 1212 604 1244 tracto—saxo
621 1207 718 1250 Vat„
746 1209 845 1253 quod
871 1208 959 1253 quid
985 1208 1043 1250 sit,
1070 1220 1144 1244 non
1169 1208 1360 1253 intellego,
1387 1209 1471 1244 trito
1487 1219 1515 1243 3.
1537 1207 1720 1243 Heinsius.

264 1282 295 1295 κ·
329 1273 410 1310 449.
459 1274 594 1309 studetis
617 1273 857 1309 referendum
883 1273 932 1308 ad
954 1273 1061 1318 foliis,
1090 1273 1155 1309 cfr.
1173 1273 1283 1318 Verg.
1311 1273 1375 1309 ecl.
1403 1273 1434 1315 9,
1462 1273 1523 1315 61;
1544 1272 1646 1308 Caes
1673 1272 1722 1308 de

235 1333 324 1381 bell.
352 1333 419 1368 civ.
446 1333 510 1377 111,
537 1332 593 1379 58,
619 1333 657 1374 3;
684 1344 731 1368 ne
757 1333 836 1378 quis
863 1333 989 1368 autem
1013 1334 1131 1378 putet,
1157 1334 1312 1378 propter
1339 1332 1622 1368 collocationem
1638 1343 1720 1367 ver-

234 1393 367 1428 borum
393 1392 442 1427 ad
467 1393 629 1427 cautibus
653 1393 723 1428 hoc
748 1392 987 1438 participium
1011 1392 1211 1438 pertinere,
1239 1392 1305 1427 cfr.
1333 1391 1503 1437 exempla
1529 1391 1578 1426 ad
1595 1390 1623 1433 Ι,
1650 1391 1720 1426 284

234 1452 367 1494 allata;
394 1453 509 1497 iqnem
534 1452 685 1488 ostendit
707 1452 806 1495 foliis
832 1452 1007 1487 audacius
1034 1452 1183 1497 quidem
1209 1452 1348 1487 dictum
1373 1462 1493 1496 neque
1520 1451 1719 1487 admodum

236 1511 439 1556 eleganter,
466 1511 533 1547 sed
557 1513 686 1547 tamen
713 1523 734 1546 a
767 1523 870 1547 more
901 1512 1035 1557 poetae
1072 1523 1145 1546 non
1180 1511 1383 1546 abhorrere
1418 1511 1526 1555 put0;
1560 1510 1658 1554 quod
1688 1510 1721 1545 si

234 1570 523 1616 improbandum
547 1570 706 1610 videtur,
736 1582 819 1605 cum
844 1570 1034 1616 Madvigio
1061 1571 1143 1605 adv.
1170 1570 1219 1611 ΙΙ,
1248 1569 1316 1604 138
1340 1580 1416 1604 una
1440 1569 1609 1604 litterula
1640 1581 1720 1604 mu-

237 1631 320 1666 tata
345 1630 501 1665 obtendit
525 1629 744 1675 scripserim.

328 1695 408 1730 450.
453 1706 601 1740 pascere
625 1695 752 1740 ignem
776 1697 912 1741 poetae
939 1696 1077 1737 dicunt,
1104 1697 1142 1731 in
1166 1709 1278 1742 prosa
1309 1697 1484 1733 scribitur
1516 1697 1617 1738 alere,
1651 1695 1718 1732 cfr.

233 1755 283 1797 II,
311 1754 396 1796 659;
426 1754 490 1790 Ov.
522 1756 611 1791 met.
642 1754 737 1793 XIV.
772 1755 856 1798 4673
894 1755 975 1791 Luc.
1008 1755 1049 1797 V,
1085 1756 1169 1803 5253
1203 1756 1265 1793 Sil.
1297 1757 1378 1798 VII,
1411 1756 1498 1800 3703
1531 1756 1593 1797 IX,
1626 1755 1717 1798 603;

234 1814 331 1860 XIV,
357 1814 449 1861 3073
476 1814 561 1856 421;
588 1814 703 1859 XVII,
731 1814 809 1850 593.

328 1879 408 1915 451.
459 1880 587 1915 blando
614 1880 782 1922 anfractu
806 1880 828 1916 i.
857 1892 886 1916 e.
914 1892 1088 1929 amoen03
1114 1882 1346 1918 blandissima
1370 1882 1492 1917 littora
1517 1881 1611 1918 Stat.
1637 1881 1718 1919 silv,

232 1939 297 1980 III,
326 1939 357 1980 5,
385 1938 451 1986 963
478 1939 646 1974 blandum
668 1939 788 1985 friyus
815 1939 942 1975 Claud.
976 1940 1089 1985 epith.
1126 1941 1166 1988 13
1204 1941 1355 1976 blandus
1386 1951 1496 1986 sapor
1527 1940 1650 1976 Sedul.
1686 1951 1719 1986 c,

228 2000 355 2045 pasch.
382 1998 431 2039 II,
459 1998 500 2042 23
527 1999 658 2034 blanda
683 2003 765 2034 acta
788 1999 892 2035 Paul.
918 1999 1001 2037 Nol.
1029 2011 1058 2035 c.
1086 2000 1140 2042 10,
1169 2000 1237 2035 183
1246 2017 1254 2047 3
1273 2001 1396 2036 blandi
1413 2001 1537 2036 odores
1555 2001 1715 2047 (florum)

235 2058 377 2095 Orient.
404 2070 582 2094 common.
610 2059 638 2104 Ι,
664 2059 745 2096 325.

327 2123 408 2159 452.
460 2124 580 2159 littora
604 2145 651 2150 -—
676 2125 793 2170 lequnt
826 2136 875 2160 sc.
903 2125 1138 2167 ambulando,
1169 2125 1476 2168 ‘durchstreifen',
1512 2126 1577 2161 cfr.
1604 2126 1715 2172 Prop.

230 2183 260 2225 Ι,
288 2183 343 2223 20,
372 2183 409 2225 7;
438 2182 502 2218 Ov.
528 2184 617 2219 met.
643 2184 686 2222 V,
713 2183 799 2226 5793
827 2183 888 2219 Sil.
914 2184 995 2226 VII,
1025 2185 1107 2226 132;
1127 2185 1209 2226 XII,
1236 2185 1320 2228 524;
1348 2185 1442 2220 Stat.
1469 2186 1558 2221 Ach.
1585 2185 1631 2227 II,
1659 2186 1714 2229 73;

234 2242 352 2279 Theb.
378 2242 406 2283 I,
434 2242 520 2284 3763
547 2242 596 2284 II,
622 2242 702 2277 497.
735 2254 804 2278 vox
829 2244 956 2279 accidit
981 2255 1101 2286 aure3;
1128 2245 1206 2280 solo
1232 2245 1442 2280 accusativo
1466 2244 1585 2280 utitur
1601 2246 1719 2290 poeta.

234 2313 278 2337 ex
303 2301 514 2336 imitatione
541 2301 790 2346 antiquiorum
815 2303 1052 2348 scriptorum:
1078 2304 1202 2340 Plaut.
1228 2304 1342 2340 Stich.
1367 2304 1429 2346 88;
1449 2304 1581 2340 eadem
1598 2304 1718 2340 verba.

230 2360 471 2396 inveniuntur
507 2360 546 2395 in
582 2361 821 2408 inscriptione
852 2362 1009 2398 metrica
1047 2363 1147 2408 apud
1178 2363 1354 2399 Buechel.
1393 2363 1532 2399 anthol.
1565 2363 1632 2400 lat.
1664 2363 1712 2406 II,

230 2419 311 2461 227,
338 2420 382 2461 3;
423 2419 488 2455 cfr.
515 2419 626 2464 Verg.
665 2421 757 2455 Aen.
795 2420 858 2461 IX,
901 2422 969 2455 474
1006 2423 1137 2457 nuntia
1171 2422 1289 2457 Fama
1319 2423 1393 2458 ruit
1425 2423 1617 2467 wzatrisque
1649 2422 1713 2457 ad-

230 2479 363 2514 labitur
387 2479 498 2515 awn's.

324 2544 404 2581 453.
438 2544 555 2580 Recte
582 2544 745 2590 explicat
770 2545 883 2579 Kurtz
911 2546 1053 2590 ephem.
1080 2558 1204 2591 gymn.
1223 2546 1345 2583 Austr.
1371 2546 1416 2581 28
1441 2558 1477 2592 p.
1504 2546 1574 2581 610
1595 2551 1712 2582 ‘wenn

232 2603 292 2638 die
317 2604 438 2649 Woge
465 2615 531 2638 ans
555 2603 647 2639 Ufer
672 2604 844 2645 brandet,
871 2604 964 2639 wird
990 2605 1049 2640 die
1075 2606 1269 2641 schwache
1288 2605 1538 2641 menschliche
1557 2605 1711 2641 Stimme

229 2663 419 2705 fibertont,
446 2674 486 2698 so
513 2662 571 2698 oft
597 2663 656 2697 die
682 2663 804 2698 Welle
831 2663 1045 2708 gebrochen
1071 2664 1149 2699 sich
1173 2665 1380 2700 murmelnd
1414 2664 1587 2705 verlauft,
1626 2665 1717 2700 hort

229 2733 319 2756 :man
345 2722 411 2756 das
437 2722 678 2767 Wehklagen
703 2722 948 2767 regelmassig
973 2723 1111 2758 darauf
1140 2723 1286 2768 folgen'3
1318 2724 1429 2767 flebile
1464 2724 1562 2770 (Vat.
1590 2724 1715 2769 flebili)
