1890 3100
0 0 87 23 kkkkkkkk

569 186 957 231 ARGONAVTICON
981 185 1129 227 LIBER
1154 185 1195 219 V.
1535 186 1620 228 377

247 308 433 359 imperet:
462 307 662 345 Arsinoen
688 306 747 344 illi
774 305 1015 367 tepidaeque
1044 306 1251 358 requirunt

248 373 329 411 otia
356 372 464 411 laeta
490 372 610 410 Phari
636 372 904 424 pinguemque
935 371 1020 409 sine
1048 370 1240 412 imbribus
1269 383 1428 415 annum,

248 437 289 476 hi
315 437 394 476 iam
423 437 652 476 Sarmaticis
681 441 908 488 permutant
936 435 1102 479 carbasa
1128 435 1271 474 bracis.
1621 439 1677 468 425

247 502 441 541 barbarus
468 502 508 540 in
536 502 673 554 patriis
703 506 879 547 sectatur
906 500 1105 543 montibus
1134 501 1252 538 Aean

248 567 390 606 Phasis
419 580 552 605 amore
581 566 736 605 furens:
771 564 937 618 pavidas
966 565 1061 603 iacit
1087 565 1158 607 illa
1184 565 1392 616 pharetras

248 632 428 684 virgineo
455 632 615 670 turbata
641 636 751 669 metu
779 629 1023 674 discursibus
1053 636 1094 671 et
1120 631 1199 668 iam

250 697 394 744 deficit,
423 710 470 734 ac
497 696 650 734 volucri
676 696 822 741 victam
850 694 950 734 deus
979 695 1118 746 alligat
1152 695 1269 734 unda.

249 762 397 801 flebant
424 761 621 813 populeae
649 762 836 802 iuvenem
862 761 1115 802 Phaethonta
1143 773 1311 807 sorores,
1623 758 1681 787 430

249 833 336 866 ater
363 832 404 865 et
430 825 598 864 Eridani
624 825 823 877 trepidum
851 825 994 878 globus
1030 825 1114 864 ibat
1140 826 1181 865 in
1209 839 1383 872 amnem3

249 898 291 930 at
315 892 412 942 iuga
438 892 506 929 vix
533 891 690 942 Tethys
719 904 979 943 sparsumque
1009 891 1207 944 recolligit
1241 904 1358 930 axem

237 998 318 1033 423.
360 998 530 1043 pinguem
556 1018 600 1023 -
625 1009 774 1039 annuum
813 997 879 1036 cfr.
903 997 1055 1039 fecundo
1083 1018 1124 1023 -
1151 1008 1246 1035 anno
1280 997 1348 1033 Ov.
1373 1008 1444 1031 am.
1471 996 1540 1037 ΙΙΙ,
1569 996 1624 1037 10.

141 1057 204 1099 37;
239 1057 372 1100 fertilis
395 1080 440 1085 —
466 1070 584 1093 annus
610 1062 719 1104 Prop.
745 1058 808 1096 IV.
833 1058 866 1100 8,
895 1058 956 1099 14;
984 1058 1094 1092 simul
1119 1059 1247 1094 autem
1271 1057 1415 1093 indicat
1431 1057 1525 1101 Va1.‚
1552 1056 1626 1092 fer-

140 1116 322 1153 tilitatem
345 1129 419 1153 non
443 1117 624 1152 imbribus
649 1117 716 1152 sed
739 1117 869 1162 pingui
894 1117 982 1152 limo
1009 1117 1082 1151 Nili
1109 1117 1304 1158 effectam
1341 1117 1418 1152 sine
1454 1116 1625 1151 imbribus

139 1187 275 1211 annum
301 1176 379 1211 ‘das
401 1177 596 1222 regenlose
619 1176 734 1217 Jahr',
761 1176 835 1212 vid.
861 1176 911 1215 ad
936 1176 1002 1212 III.
1029 1176 1099 1210 362
1126 1178 1164 1211 et
1188 1176 1250 1216 VI.
1283 1176 1364 1213 220.

236 1247 317 1283 424.
366 1251 399 1282 et
436 1247 532 1288 Vat„
569 1248 608 1282 1ιί
647 1247 821 1291 Wagner.
882 1246 1052 1283 Lemaire
1090 1251 1123 1282 et
1158 1247 1348 1292 particula
1385 1248 1536 1282 servata
1572 1247 1627 1283 illi

143 1317 349 1351 pronomen
384 1318 419 1342 v.
456 1306 527 1340 422
563 1307 680 1342 refert
717 1306 766 1341 ad
804 1317 883 1348 eos,
923 1306 984 1352 qui
1021 1307 1258 1342 remanentes
1296 1306 1512 1342 desiderant
1550 1306 1628 1341 otia

144 1363 307 1412 Aegypti
332 1366 371 1400 et
393 1366 523 1401 tamen
548 1365 669 1400 coacti
692 1365 816 1410 patria
842 1365 978 1406 omissa
994 1367 1137 1401 vestem
1163 1366 1331 1412 mutant5
1356 1365 1423 1401 sed
1448 1377 1523 1401 non
1548 1377 1627 1401 cre-

143 1423 260 1460 dibile
285 1425 353 1466 est,
388 1427 476 1470 post
499 1425 564 1459 hos
586 1436 792 1470 pronomen
817 1436 851 1460 v.
875 1425 945 1464 421
971 1425 1102 1459 statim
1136 1425 1287 1461 eosdem
1311 1424 1482 1471 homines,
1505 1424 1626 1460 altero

142 1483 362 1528 pronomine
385 1483 542 1518 indicari
564 1495 685 1529 posse.

224 1541 397 1587 *carbasa
422 1542 575 1588 propria
600 1542 868 1588 Aegyptiorum
892 1543 1117 1579 vestimenta
1143 1543 1271 1581 lintea.

237 1601 318 1637 425.
367 1601 542 1636 barbam-s·
579 1622 622 1628 —
662 1602 809 1637 Phasis:
859 1601 894 1642 Ι,
932 1602 1012 1637 517.
1075 1603 1185 1637 Aeam
1227 1603 1432 1648 nympham
1474 1602 1626 1647 eiusque

141 1661 292 1706 raptum
314 1660 395 1706 ipse
420 1659 588 1696 Valerius
614 1661 859 1707 excogitavit;
898 1661 1011 1697 aliam
1036 1662 1082 1697 de
1110 1661 1269 1697 Phaside
1294 1662 1549 1698 narrationem
1574 1662 1626 1697 le-

141 1719 264 1765 gimus
289 1719 390 1765 apud
412 1719 671 1756 Pseudo-Plut.
700 1720 747 1756 de
767 1720 886 1755 fluviis
913 1720 955 1766 V,
977 1721 1007 1755 1.

237 1784 319 1820 428.
368 1785 493 1830 alliqat
519 1806 561 1811 —
588 1785 709 1820 unda:
735 1785 845 1831 Verg.
871 1787 964 1824 Aen.
989 1786 1051 1825 VI,
1078 1786 1159 1822 439.

238 1855 319 1891 429.
363 1856 540 1900 populeae
556 1867 695 1892 sorores
713 1857 846 1892 audaci
863 1857 1051 1892 brevitate
1070 1857 1211 1892 dictum
1227 1869 1295 1903 pro
1313 1857 1511 1901 sororibus,
1530 1869 1625 1902 quae

142 1914 184 1949 in
205 1914 363 1960 populos
389 1916 667 1950 convertuntur.

237 1985 319 2023 430.
368 1989 445 2020 ater
466 1986 590 2030 ylobus
614 1987 672 2021 est
697 1997 829 2032 corpus
846 1987 1093 2022 Phaethontis
1119 1986 1274 2022 fulmine
1300 1987 1486 2023 adustum.

238 2044 346 2080 eundi
379 2044 538 2080 verbum
572 2045 694 2080 varios
730 2047 853 2081 motus
886 2045 1082 2089 signifieat,
1121 2046 1235 2081 etiam
1273 2046 1444 2082 currendi
1475 2046 1627 2082 volandi

142 2102 259 2138 nandi
283 2102 422 2139 fluendi
448 2103 616 2143 vehendi,
644 2105 714 2139 hoc
740 2105 865 2140 autem
890 2104 972 2140 loco
998 2104 1167 2141 cadendi.

237 2162 319 2198 431.
366 2163 745 2208 sparmaxispotest
758 2174 838 2198 esse
852 2163 1004 2200 fractus.
1028 2164 1234 2205 laceratus:
1270 2164 1338 2201 cfr.
1359 2164 1423 2200 Ov.
1439 2167 1527 2201 met.
1543 2165 1626 2210 VII,

141 2220 230 2262 442;
257 2220 374 2256 Ibidis
387 2221 473 2267 533;
499 2221 586 2257 Luc.
601 2222 631 2267 Ι,
645 2222 731 2264 502;
749 2222 816 2258 sed
832 2222 982 2258 videtur
997 2223 1164 2258 Valerius
1183 2223 1366 2269 cogitasse
1385 2224 1431 2260 de
1456 2224 1627 2269 partibus

144 2273 270 2315 currus
294 2279 409 2326 ipsius
434 2281 589 2317 diversis
615 2281 704 2317 locis
729 2282 857 2326 sparsi,
884 2293 975 2327 quas
999 2283 1135 2327 Tethys
1161 2282 1314 2328 colligit,
1350 2283 1416 2320 cfr.
1444 2283 1511 2319 Ov.
1536 2285 1626 2319 met.

145 2336 193 2379 Π,
218 2338 300 2375 316.
348 2338 581 2385 Quamquam
604 2340 848 2385 recolligendi
873 2341 1028 2376 verbum
1064 2341 1253 2378 interdum
1278 2342 1485 2387 simplicem
1510 2343 1628 2378 habet

146 2396 338 2433 notionem
361 2398 417 2434 rei
448 2399 495 2434 de
521 2399 599 2435 solo
624 2399 825 2438 tollendae.
852 2411 947 2445 quae
974 2402 1088 2436 antea
1118 2401 1251 2436 cecidit
1269 2401 1431 2446 quidem,
1459 2401 1527 2437 sed
1552 2413 1627 2436 non

145 2454 269 2491 fracta
294 2458 360 2498 est,
398 2457 451 2493 sic
488 2457 536 2506 (le
567 2458 693 2503 gladio
719 2458 856 2494 dicitur
886 2459 1016 2494 Iustin.
1052 2459 1224 2505 XXXIII,
1261 2461 1294 2500 2,
1320 2461 1361 2501 4;
1403 2460 1451 2496 de
1476 2460 1625 2496 homine

142 2513 226 2560 ipso
249 2515 415 2553 Frontin.
440 2519 547 2553 strat.
573 2517 634 2558 IV.
674 2517 706 2558 5,
748 2518 807 2559 17;
846 2518 911 2554 cfr.
940 2519 1055 2554 etiam
1080 2519 1177 2558 Viet.
1203 2520 1250 2555 de
1275 2520 1340 2555 vir.
1366 2520 1417 2554 ill.
1444 2520 1473 2556 Ι.
1499 2520 1523 2554 3
1547 2530 1629 2555 mox

146 2572 347 2611 Fuisse-aue
375 2580 506 2620 pastor
541 2577 743 2622 (puerulos)
780 2578 938 2613 oolla-tos
973 2578 1090 2613 Accae
1132 2579 1324 2614 Larentiae
1359 2580 1501 2624 coniuyi
1544 2579 1627 2613 edu-

143 2633 280 2670 candos
303 2634 408 2670 dedit.
