1890 3100
231 201 315 244 152
776 199 812 235 C.
837 199 1019 234 VALERI
1043 198 1218 233 FLACCI

334 319 507 357 intonuit
537 319 775 371 signumque
805 318 914 357 dedit
942 319 1140 357 Mavortia
1169 318 1358 356 coniunx.

333 384 398 422 hic
428 383 536 422 aliud
563 384 702 422 Venus
733 389 772 422 et
800 384 924 422 multo
953 385 1079 436 magis
1108 385 1196 436 ipsa
1222 383 1474 422 tremendum

337 462 426 487 orsa
454 448 568 487 nefas
598 450 771 500 gemitus
800 450 914 500 fingit
941 463 1144 501 vocesque
1175 448 1388 487 cadentum
1713 456 1773 486 210

333 513 560 566 inrupitque
591 514 741 561 domos,
772 520 811 553 et
841 515 1100 566 singultantia
1128 520 1290 565 gestans

335 593 403 617 ora
430 592 549 617 manu
577 579 752 631 taboque
782 580 891 618 sinus
919 580 1082 631 perfusa
1109 580 1261 618 recenti

335 645 579 697 arrectisque
609 645 730 683 comis
762 646 933 683 ‘meritos
965 659 1015 684 en
1043 645 1170 697 prima
1196 651 1376 683 revertor

333 710 419 748 ulta
446 715 566 757 toros,
598 711 742 762 premit
771 724 866 749 ecce
896 710 1007 749 dies'.
1063 716 1148 748 tum
1176 710 1345 748 verbere
1374 710 1500 748 victas

333 775 375 813 in
402 775 600 814 thalamos
630 776 712 827 agit
742 781 781 814 et
810 776 1088 814 cunctantibus
1116 775 1263 827 ingerit
1292 788 1421 813 enses.
1714 776 1771 806 215

321 888 400 924 208.
453 888 672 923 Mavortiam
703 889 879 933 eoniuyem
915 888 1101 923 Venerem
1133 889 1248 934 poeta
1280 899 1356 923 non
1387 887 1466 923 sine
1505 886 1714 922 acerbitate

227 947 331 988 dixit,
358 947 444 992 quia
471 947 518 982 ab
547 947 623 982 eius
650 959 733 982 cum
758 947 881 982 Marte
908 946 1174 982 consuetudine
1200 947 1283 982 tota
1307 946 1401 982 haec
1439 945 1634 981 calamitas
1659 945 1713 980 in-

226 1006 334 1041 itium
361 1007 523 1052 ceperat.

322 1065 402 1101 209.
451 1066 563 1111 Verg.
590 1066 681 1101 Aen.
706 1065 755 1107 11,
784 1064 862 1100 199.
912 1065 996 1101 Non
1020 1065 1338 1110 praetereundum
1362 1065 1433 1100 hoc
1453 1064 1536 1100 loco
1553 1064 1713 1106 videtur,

228 1126 326 1170 quod
349 1126 464 1171 poeta
489 1126 532 1160 ut
555 1125 654 1160 viros
678 1136 828 1170 prorsus
860 1124 1078 1160 innocentes
1117 1124 1306 1164 describit,
1338 1123 1391 1159 sic
1423 1124 1536 1160 etiam
1569 1124 1714 1169 culpam
1871 1125 1890 1167 ’ς’

226 1184 432 1226 mulierum,
460 1185 642 1229 quantum
666 1184 746 1220 fieri
770 1184 931 1229 poterat,
960 1183 1108 1219 elevare
1144 1184 1308 1219 conatur.
1358 1182 1439 1218 Iam
1463 1182 1620 1228 primum
1656 1194 1714 1218 re·
1875 1178 1883 1183 '¹

226 1243 437 1289 putandum
462 1244 528 1285 est,
555 1243 625 1278 nisi
651 1243 722 1279 dea
747 1243 829 1289 ipsa
853 1242 1136 1283 intercessisset,
1162 1243 1311 1277 tantum
1348 1242 1454 1278 nefas
1493 1253 1556 1278 eas
1593 1253 1715 1288 neque

228 1314 381 1338 ausuras
406 1314 527 1348 neque
553 1302 702 1338 omnino
727 1303 855 1338 mente
882 1303 1123 1347 concepturas
1150 1301 1275 1337 fuisse.
1324 1301 1454 1347 Neque
1479 1302 1598 1337 solum
1627 1301 1715 1347 post

228 1362 383 1397 Famam
414 1362 496 1408 ipsa
532 1361 657 1397 Venus
696 1362 763 1396 sub
801 1361 964 1406 imagine
1002 1361 1170 1406 Dryopes
1210 1360 1366 1397 feminas
1403 1360 1608 1406 instigavit,
1647 1361 1715 1396 sed

229 1420 344 1457 etiam
373 1432 460 1457 vera
486 1421 557 1457 dea
583 1421 727 1457 caelum
755 1422 793 1456 et
817 1421 948 1463 terras,
975 1421 1018 1455 ut
1044 1420 1158 1462 aiunt,
1185 1419 1344 1456 miscuit.
1393 1420 1444 1455 At
1467 1431 1515 1456 ne
1540 1421 1611 1456 hoc
1637 1419 1715 1465 qui-

228 1481 315 1516 dem
339 1480 429 1516 satis
457 1492 536 1516 esse
564 1480 597 1516 ei
622 1480 832 1521 videbatur,
872 1480 938 1516 sed
976 1479 1088 1515 foeda
1124 1479 1258 1515 fraude
1296 1479 1421 1515 caedis
1457 1479 1533 1514 iam
1569 1479 1715 1515 initium

228 1539 372 1575 factum
397 1551 478 1576 esse
502 1541 701 1585 postquam
726 1539 917 1580 indicavit,
943 1539 1025 1584 ipsa
1048 1538 1087 1573 in
1124 1539 1311 1574 thalamos
1350 1539 1429 1584 agit
1453 1539 1627 1575 mulieres
1659 1540 1714 1574 at-

228 1610 299 1644 que
326 1599 393 1634 dat
418 1610 537 1634 arma:
563 1599 618 1634 ita
645 1599 794 1634 demum
820 1599 954 1634 caedes
980 1609 1019 1634 re
1045 1609 1136 1634 vera
1162 1598 1289 1634 oritur.
1317 1597 1435 1633 Simili
1451 1598 1562 1634 modo
1579 1598 1715 1634 Medea

230 1658 331 1704 apud
356 1658 543 1694 Valerium
571 1658 650 1694 sola
676 1658 755 1694 fere
783 1658 938 1694 dearum
963 1669 1078 1703 opera
1104 1657 1153 1692 ad
1178 1657 1350 1693 Iasonem
1376 1658 1578 1693 amandum
1610 1657 1717 1703 quasi

230 1717 384 1764 cogitur.

322 1778 403 1814 211.
452 1777 536 1812 Non
563 1778 713 1813 veretur
736 1778 849 1822 poeta
877 1776 1066 1811 Romanus
1092 1776 1345 1812 foedissimam
1375 1776 1578 1822 imaginem
1608 1776 1718 1812 nobis

229 1838 318 1872 ante
345 1837 469 1873 oculos
492 1847 712 1883 proponere,
741 1836 940 1872 dummodo
964 1835 1171 1878 imminuat,
1197 1837 1240 1871 ut
1266 1837 1378 1872 antea
1404 1836 1555 1879 dictum,
1587 1836 1719 1873 mulie-

229 1908 310 1932 rum
353 1897 519 1942 culpam:
563 1897 721 1942 apparet
757 1895 882 1931 Venus
919 1906 1031 1930 manu
1070 1894 1223 1940 gestans
1262 1896 1375 1941 caput
1412 1895 1597 1931 abscisum
1632 1895 1713 1931 viri.

323 1956 405 1992 212.
453 1955 676 2001 sinyultaudi
699 1955 855 1991 verbum
887 1954 1034 2000 saepius
1059 1954 1257 1996 invenitur,
1291 1966 1374 1990 cum
1400 1954 1447 1990 de
1471 1955 1717 1991 morientibus

230 2015 357 2050 dicunt
379 2015 528 2060 poetae,
554 2014 621 2051 sed
645 2014 751 2049 varia
775 2013 922 2050 ratione
946 2015 1168 2059 usurpatur:
1202 2013 1418 2060 simpliciter
1442 2013 1628 2060 significat
1652 2026 1716 2050 no-

230 2076 349 2110 strum
375 2074 571 2110 ‘roccheln'
597 2074 669 2110 hoc
693 2074 786 2115 loco,
812 2074 894 2108 tum
920 2073 982 2109 Sil.
1008 2074 1035 2114 I,
1063 2073 1132 2109 388
1159 2074 1198 2109 et
1223 2072 1318 2109 Stat.
1345 2073 1461 2109 Theb.
1487 2073 1591 2115 VIII,
1629 2073 1718 2116 7535

231 2133 298 2169 cfr.
336 2133 613 2168 substantivum
652 2134 830 2178 sinyuztus
860 2133 942 2169 Val.
980 2132 1047 2174 III,
1087 2133 1172 2175 107;
1209 2132 1319 2178 Verg.
1359 2143 1486 2178 georg.
1523 2132 1592 2175 ΠΙ,
1630 2133 1718 2176 507;

230 2195 320 2229 Aen.
347 2192 410 2234 IX,
435 2192 525 2234 415;
553 2192 618 2228 Ov.
644 2193 733 2229 met.
770 2192 831 2234 VI,
873 2192 956 2234 5093
995 2192 1081 2228 Luc.
1107 2191 1208 2234 VIH,
1247 2191 1335 2238 6833
1374 2191 1467 2229 Stat.
1493 2191 1611 2242 Theb.
1648 2192 1718 2235 HI,

231 2252 294 2294 90;
335 2251 481 2297 Coripp.
513 2252 589 2287 Ioh.
629 2251 689 2293 IV,
729 2251 810 2287 934.
860 2252 981 2287 anima
1006 2252 1140 2287 dicitur
1175 2252 1370 2297 sinyultare
1407 2250 1470 2288 Sil.
1495 2250 1590 2292 XIV,
1629 2251 1717 2294 551;

232 2312 388 2347 animam
411 2311 607 2355 simultare
635 2310 835 2345 transitiva
858 2310 896 2345 vi
921 2310 1058 2355 legitur
1085 2310 1151 2346 Ov.
1177 2311 1264 2347 met.
1290 2311 1334 2353 V,
1362 2310 1445 2358 1343
1478 2309 1573 2346 Stat.
1599 2310 1716 2347 Theb.

231 2370 274 2412 V,
301 2370 387 2412 261;
415 2369 574 2414 denique
602 2369 777 2404 audacius
804 2369 951 2415 scripsit
975 2369 1086 2415 Verg.
1113 2370 1204 2405 Aen.
1231 2369 1294 2411 IX,
1321 2369 1390 2405 332
1415 2373 1489 2405 twm
1513 2374 1623 2414 caput
1646 2370 1722 2414 ipsi

233 2429 351 2472 aufert
375 2429 516 2465 domino
541 2432 807 2473 truncumque
830 2429 998 2474 relinquit
1023 2429 1250 2474 Sanquine
1273 2429 1598 2474 sinyultantem.

200 2510 205 2514 -
326 2488 407 2524 213.
456 2492 679 2532 arrectasque
696 2499 813 2523 eomas
829 2487 926 2530 Vat.,
945 2489 1159 2533 arrectisque
1175 2488 1282 2524 comis
1297 2487 1521 2533 Peerlkamp
1540 2488 1588 2523 ad
1605 2487 1718 2533 Verg.

231 2548 323 2584 Aen.
350 2547 393 2589 X,
421 2546 500 2582 726.
548 2547 845 2588 meritos—toros,
873 2546 940 2581 cfr.
966 2546 1015 2581 ad
1039 2547 1067 2587 I,
1096 2547 1174 2582 727.

327 2607 408 2643 215.
456 2606 590 2642 invenit
613 2605 716 2647 Vat.;
743 2606 872 2651 iuyeoit
897 2605 1083 2648 Heinsius;
1111 2605 1176 2641 cfr.
1203 2605 1349 2641 Nemes.
1384 2616 1512 2651 cyneg.
1545 2606 1568 2640 5
1595 2605 1719 2641 Casta-

238 2668 374 2711 Ziusque
397 2666 485 2702 mihi
508 2676 601 2701 nova
620 2666 754 2710 pocula
776 2665 888 2708 fontis
914 2666 1078 2700 alumnus
1104 2666 1254 2710 Iuyerit;
1286 2665 1391 2701 Koch
1417 2665 1571 2702 coniect.
1602 2678 1638 2711 p.
1673 2666 1717 2700 17
