1890 3100
599 238 990 275 ARGONAVTICON
1014 238 1162 273 LIBER
1187 238 1291 276 VIII.
1577 241 1665 284 523

283 359 443 411 excepit
470 358 698 410 blandoque
726 358 835 409 prior
862 359 919 396 sic
948 371 1016 396 ore
1045 358 1222 396 locutus:

284 430 319 463 ‘o
348 423 471 462 decus
499 424 541 461 in
568 429 725 461 nostros
754 436 943 473 magnum
970 427 1141 461 ventura
1166 428 1348 473 penates,

284 489 448 540 solaque
477 493 677 526 tantarum
705 488 818 538 virgo
846 487 945 525 haut
970 487 1137 538 indigna
1163 487 1317 524 viarum

281 567 406 592 causa
432 558 592 604 reperta
618 553 726 598 mihi,
755 553 835 590 iam
862 552 941 589 iam
968 564 1050 589 non
1076 550 1161 588 ulla
1187 551 1347 602 requiro

280 618 435 657 vellera
461 623 582 669 teque
611 630 726 655 meae
755 617 851 655 satis
881 621 943 654 est
971 616 1181 667 quaesisse
1210 616 1382 654 carinae.
1682 629 1726 658 40

283 696 424 721 verum
452 696 527 733 age
557 688 598 720 et
624 682 701 720 hoc
730 682 862 727 etiam,
893 680 1053 732 quando
1083 687 1210 732 potes,
1240 680 1354 719 adice
1383 681 1505 719 tantis

284 747 515 786 muneribus
542 746 776 798 meritisque
803 746 902 793 tuis3
932 759 1105 797 namque
1133 759 1257 783 aurea
1284 746 1383 784 iussi

278 819 394 864 terga
418 811 571 850 referre
600 824 755 857 sumus;
786 811 919 849 socios
949 824 1003 849 ea
1030 810 1159 861 gloria
1186 811 1339 862 tangit.⁷

285 877 342 915 sic
369 877 425 915 ait
453 882 494 914 et
520 876 656 928 primis
686 875 858 927 supplex
887 875 997 914 dedit
1026 875 1165 914 oscula
1191 875 1346 927 palmis.

338 941 490 980 Contra
516 941 630 991 virgo
657 941 772 978 novis
800 941 945 978 iterum
974 940 1215 991 singultibus
1246 954 1336 979 orsa
1365 946 1444 979 est:
1685 956 1723 985 45

281 1006 430 1058 ‘linquo
458 1005 596 1044 domos
624 1005 772 1057 patrias
801 1012 842 1043 te
871 1014 1033 1056 propter
1061 1018 1240 1057 opesque
1268 1019 1463 1053 meorum;

284 1084 360 1110 nec
387 1072 466 1109 iam
493 1084 600 1108 nunc
627 1071 768 1122 regina
795 1071 949 1122 loquor,
980 1071 1230 1122 sceptrisque
1258 1071 1408 1109 relictis

284 1141 380 1174 vota
407 1149 571 1187 sequor:
601 1149 719 1173 serva
746 1135 849 1173 hanc
878 1135 1085 1186 profugae,
1114 1136 1221 1186 prior
1248 1137 1335 1187 ipse
1364 1135 1511 1174 dedisti

284 1214 402 1252 quam
433 1200 526 1252 (scis
554 1200 715 1251 nempe)
744 1199 876 1238 fidem.
934 1199 974 1237 di
1001 1201 1147 1238 nostris
1176 1200 1342 1238 vocibus
1372 1200 1529 1247 adsunt,

282 1265 414 1304 sidera
441 1270 483 1303 et
509 1265 611 1302 haec
638 1271 679 1302 te
708 1278 854 1316 meque
883 1264 1040 1311 vident3
1069 1270 1204 1302 tecum
1232 1278 1420 1316 aequora,
1449 1270 1584 1304 tecum
1684 1275 1722 1305 50

282 1330 466 1381 experiar
494 1342 766 1381 quascumque
795 1330 892 1375 vias,
922 1328 1040 1367 modo
1069 1330 1212 1381 nequis
1242 1330 1424 1367 abactam

283 1395 364 1433 huc
390 1394 538 1432 referat
566 1407 630 1432 me
658 1394 761 1432 forte
791 1393 877 1432 dies
907 1394 1114 1445 oculisque
1142 1395 1319 1445 parentis

277 1459 453 1510 ingerar3
482 1459 559 1496 hoc
588 1472 766 1510 superos,
796 1459 872 1509 hoc
900 1464 941 1497 te
971 1472 1131 1510 quoque
1160 1458 1365 1510 deprecor,
1395 1459 1568 1511 hospes.'

330 1524 445 1562 Haec
474 1524 529 1561 ait
556 1529 677 1575 atque
705 1523 842 1561 furens
873 1523 1010 1574 rapido
1038 1537 1112 1574 per
1140 1523 1258 1562 devia
1285 1537 1409 1574 passu

241 1594 246 1598 ’
277 1588 442 1627 tollitur.
497 1588 567 1626 ille
594 1588 736 1626 haeret
765 1601 898 1627 comes
929 1594 969 1627 et
998 1589 1209 1630 miseratur
1237 1595 1411 1636 euntem,
1684 1594 1722 1624 55

278 1667 369 1692 cum
398 1653 529 1692 subito
557 1653 763 1704 ingentem
791 1653 925 1691 media
951 1654 1056 1692 inter
1083 1653 1222 1691 nubila
1249 1653 1448 1692 flammam

281 1719 474 1770 conspicit
502 1724 542 1756 et
570 1731 693 1756 saeva
719 1718 924 1756 vibrantes
952 1718 1044 1757 luce
1073 1719 1276 1757 tenebras.

173 1806 237 1842 vel
258 1806 438 1842 subantem
473 1806 624 1840 medium
661 1806 855 1849 arriperem
879 1807 1039 1851 Adelph.
1076 1806 1156 1847 316,
1196 1806 1358 1850 quodam
1389 1806 1499 1842 modo
1525 1795 1662 1842 ab'usus

177 1876 274 1910 ease,
299 1865 343 1900 ut
372 1864 558 1899 indicaret
592 1866 787 1909 pectore
826 1865 998 1900 Medeam
1038 1866 1078 1899 in
1115 1865 1328 1910 amplexum
1364 1865 1508 1900 Iasonis
1545 1866 1661 1902 ruisse

174 1935 251 1959 non
285 1923 378 1959 satis
414 1923 618 1958 habentem
654 1923 702 1968 ei}
725 1934 856 1957 manus
888 1923 988 1959 dare.
1036 1924 1093 1959 De
1118 1923 1242 1958 verbis
1266 1934 1304 1959 se
1327 1924 1423 1959 misit
1452 1924 1519 1959 cfr.
1549 1923 1662 1970 Verg.

171 1981 264 2018 Aen.
290 1981 351 2023 IV,
377 1982 466 2023 253;
492 1982 602 2027 Prop.
627 1981 676 2026 II,
702 1981 758 2023 26,
786 1981 842 2017 19.

267 2041 325 2077 37.
369 2042 476 2085 prior
498 2041 550 2076 sic
574 2051 634 2076 ore
659 2041 810 2077 locut-us:
837 2040 903 2075 Ov.
930 2041 1007 2076 her.
1035 2040 1118 2085 XII,
1146 2041 1202 2077 72.

268 2099 324 2135 39.
375 2101 447 2136 iam
473 2102 569 2145 Vat„
595 2101 669 2135 iam
694 2101 763 2135 iam
791 2100 1036 2136 Monacensis.

267 2159 326 2195 41.
375 2159 432 2194 De
455 2158 564 2194 initio
589 2170 717 2194 versus
743 2158 811 2194 cfr.
837 2159 947 2204 Verg.
974 2159 1068 2195 Aen.
1094 2159 1177 2203 XII,
1201 2159 1283 2196 832.

199 2231 207 2235 ·
267 2218 327 2256 44.
375 2218 536 2254 Pulchre
559 2219 675 2263 poeta
699 2218 882 2263 pudorem
906 2218 1200 2263 modestiamque
1225 2219 1369 2254 Iasonis
1394 2219 1591 2264 significat.

269 2277 314 2312 51
339 2288 416 2322 seq.
442 2277 566 2312 Inscia
582 2277 720 2312 Medea
743 2277 783 2311 id
808 2277 1045 2322 deprecatur,
1073 2278 1174 2322 quod
1196 2279 1332 2323 postea
1357 2289 1492 2314 revera
1518 2278 1666 2314 accidit.

267 2335 327 2374 53.
374 2336 546 2380 hospitem
586 2335 722 2371 Medea
759 2335 926 2380 appellat
958 2335 1127 2371 Iasonem
1166 2339 1207 2371 ut
1231 2336 1309 2377 VII,
1349 2336 1419 2371 437
1450 2337 1667 2382 Thessalum,

174 2394 339 2430 nondum
364 2405 454 2430 ausa
480 2405 563 2429 eum
587 2393 739 2439 proprio
764 2393 913 2429 nomine
930 2394 990 2430 vel
1016 2394 1151 2430 amoris
1176 2395 1450 2440 significatione
1468 2396 1666 2441 appellare,

177 2454 277 2498 quod
299 2459 348 2489 ne
372 2452 518 2489 faceret
543 2453 657 2488 etiam
682 2454 764 2487 tum
786 2453 929 2498 pudore
954 2453 1234 2498 prohibebatur.
1285 2454 1370 2490 Non
1394 2456 1666 2500 perspexerunt

174 2510 402 2558 interpretes
426 2512 654 2548 sententiam
677 2513 823 2557 poetae.
853 2503 859 2507 ’

272 2570 329 2607 55.
377 2571 512 2606 tollitur
535 2571 558 2607 i.
584 2571 712 2613 currit,
738 2572 932 2616 properat;
959 2571 1027 2607 cfr.
1054 2571 1120 2607 Ov.
1147 2573 1237 2608 met.
1263 2571 1342 2612 VII,
1370 2572 1451 2612 780,
1485 2572 1549 2607 ubi
1574 2583 1666 2608 sane

178 2628 327 2665 accedit
349 2629 453 2665 notio
477 2629 652 2665 movendi
682 2629 722 2664 in
748 2629 922 2665 altiorem
945 2630 1081 2667 locum:
1118 2631 1217 2666 colus
1241 2641 1335 2675 apex
1358 2631 1464 2666 medii
1499 2631 1666 2667 subiectis

174 2688 333 2724 immine
354 2689 469 2724 amis.-
498 2689 617 2724 Tollor
640 2699 679 2724 eo
703 2690 875 2733 capioque
896 2690 981 2724 novi
1003 2690 1207 2733 spectacula
1232 2700 1368 2727 cursus.
