1890 3100
222 253 304 296 182
732 249 769 286 C.
795 249 975 284 VALERI
999 250 1120 286 FLAC
1126 249 1174 285 01

326 384 415 408 cum
444 370 598 408 subitus
627 369 760 421 fragor
789 374 828 408 et
857 369 997 408 fluctus
1027 369 1149 409 Idaea
1177 376 1383 409 moventes

326 449 415 473 cum
446 435 613 473 stabulis
642 448 818 473 nemora.
867 448 961 473 ecce
990 449 1134 487 repens
1165 448 1406 487 consurgere
1436 441 1556 487 ponto

325 500 456 547 belua,
487 505 706 538 monstrum
735 500 895 552 ingens;
932 500 1034 539 hanc
1062 506 1106 539 tu
1135 514 1209 539 nee
1238 501 1437 539 montibus
1467 500 1558 539 ullis

324 579 399 604 nec
427 571 562 604 nostro
591 566 731 604 metire
760 566 870 604 mari.
926 565 1127 617 primaeva
1155 566 1302 604 furenti
1701 584 1755 614 480

314 690 392 725 479.
444 690 568 725 Nimia
593 691 662 725 hoc
686 690 769 725 loco
787 689 990 735 superlatio
1017 690 1294 726 excusationem
1319 690 1436 725 habet
1460 690 1614 735 propter
1639 700 1701 725 ve-

219 751 412 786 hementes
438 749 592 795 virginis
611 760 780 794 angores.

314 821 393 856 480.
445 820 640 856 Sententia
664 820 752 856 inde
778 820 825 855 ab
853 821 923 856 hoc
948 831 1057 856 versu
1084 820 1236 856 confuse
1263 832 1437 866 expressa
1464 821 1536 856 est:
1565 819 1699 856 etenim

222 892 305 916 cum
331 880 422 916 dicit
445 880 616 916 Valerius
642 879 873 925 primaevam
898 891 1073 915 manum
1098 881 1263 915 monstro
1291 880 1458 916 deditam
1492 890 1571 915 esse
1603 879 1702 914 inter

221 940 411 986 amplexus
451 942 660 986 parentum,
703 940 914 976 necessario
958 939 1220 981 concludimus,
1263 940 1388 985 plures
1426 940 1502 975 iam
1538 939 1701 985 virgines

219 1001 385 1036 monstro
411 1000 558 1035 oblatas
593 1000 631 1035 et
660 1000 741 1034 tum
772 1000 858 1044 post
893 1010 954 1034 eas
989 998 1176 1034 Hesionen
1209 1000 1309 1035 sorte
1341 999 1569 1035 destinatam
1605 1010 1701 1043 esse3

220 1071 304 1095 cum
328 1060 399 1094 hac
424 1059 611 1095 sententia
636 1058 869 1099 conveniunt,
898 1069 992 1103 quae
1017 1058 1193 1103 leguntur
1226 1070 1259 1094 v.
1286 1058 1355 1093 563
1388 1063 1472 1104 quot
1501 1059 1588 1094 mihi
1617 1062 1703 1102 post

219 1120 393 1163 lacrimas,
414 1123 499 1164 post
523 1122 658 1164 quanta
676 1118 825 1163 piacula
843 1122 1025 1162 patrum
1064 1129 1163 1153 serus
1201 1117 1304 1153 ades!
1335 1117 1401 1153 cfr.
1435 1118 1549 1154 etiam
1582 1120 1699 1163 myth.

219 1179 301 1214 Vat.
327 1178 354 1220 I,
383 1178 449 1213 137
478 1180 516 1214 et
540 1178 587 1220 II,
616 1177 693 1220 193,
726 1177 790 1213 ubi
816 1178 964 1213 oraculo
990 1179 1164 1213 narratur
1190 1177 1332 1213 editum
1357 1177 1572 1213 obiciendas
1598 1178 1701 1214 nobi-

218 1238 272 1273 les
297 1238 441 1284 puellas
466 1237 610 1274 bestiae
644 1238 682 1273 et
707 1237 841 1282 Hygin.
873 1237 949 1272 fab.
975 1237 1021 1272 89
1052 1237 1181 1282 Apollo
1206 1239 1323 1272 iratus
1353 1237 1407 1272 ita
1438 1237 1636 1281 respondit:
1671 1239 1703 1273 si

223 1297 457 1333 Troianorum
481 1297 634 1342 viryines
659 1301 730 1332 ceto
755 1298 924 1342 r·eli9atae
946 1297 1110 1340 fuissent,
1135 1297 1242 1338 finem
1262 1297 1486 1341 pestilentiae
1517 1296 1699 1341 futurarm

220 1368 297 1391 cnm
349 1357 543 1401 complures
598 1361 824 1401 consumptae
880 1361 992 1392 essent
1053 1361 1083 1392 et
1134 1357 1307 1392 Hesiones
1358 1368 1436 1392 sors
1489 1356 1615 1392 exisset
1672 1360 1704 1391 et

212 1415 327 1460 petris
362 1417 513 1462 religata
554 1420 650 1458 esset,
692 1416 862 1451 Hercules
899 1420 931 1451 et
968 1416 1141 1460 Telamon,
1181 1427 1258 1451 eum
1299 1415 1444 1451 Colchos
1469 1415 1701 1461 Aryonautae
1884 1430 1890 1463 Ξ

218 1475 317 1517 irent,
345 1475 459 1511 eodem
483 1479 652 1511 venerunt
677 1486 707 1512 e.
735 1487 768 1520 q.
794 1487 821 1512 s.
851 1475 989 1511 Contra
1017 1476 1111 1511 teste
1137 1475 1250 1512 schol.
1276 1475 1319 1512 ΙΙ.
1347 1475 1422 1517 ΧΧ,
1454 1475 1520 1510 146
1537 1474 1701 1510 Hellani-

218 1546 279 1570 cus
303 1534 524 1576 tradiderat,
544 1535 694 1570 oraculo
717 1535 838 1580 ipsam
854 1534 1041 1570 Hesionen
1060 1534 1287 1570 destinatam
1306 1546 1384 1570 esse
1403 1535 1442 1570 et
1459 1534 1511 1570 sic
1528 1534 1700 1580 Apollod.

217 1593 264 1636 II,
292 1593 323 1635 5,
350 1594 382 1640 9,
411 1594 470 1640 11;
498 1593 563 1629 cfr.
592 1594 657 1630 Ov.
683 1595 772 1629 met.
799 1593 864 1635 XI,
892 1593 976 1641 211;
1002 1593 1110 1631 Diod.
1137 1593 1200 1635 IV,
1235 1594 1281 1628 42
1320 1593 1479 1638 denique
1516 1594 1618 1629 sorte
1656 1604 1701 1628 ex

218 1653 387 1689 omnibus
426 1653 630 1699 virginibus
668 1653 870 1689 secundum
907 1653 1088 1698 Apollinis
1128 1652 1318 1688 oraculum
1363 1653 1476 1688 ducta
1511 1652 1699 1688 Hesionen

218 1712 444 1748 destinatam
470 1724 549 1748 esse
575 1713 738 1758 exponit,
767 1714 805 1748 et
830 1713 923 1748 haec
949 1712 1138 1748 sententia
1163 1712 1261 1748 inest
1285 1712 1323 1747 in
1348 1712 1472 1748 verbis
1490 1710 1700 1747 Valerianis

215 1771 304 1808 inde
329 1783 351 1807 a
376 1784 410 1809 v.
436 1771 523 1819 482;
548 1783 635 1807 nam
660 1772 759 1816 quod
784 1771 930 1817 scripsit
953 1773 1068 1817 poeta
1092 1783 1126 1808 v.
1151 1771 1220 1806 484
1244 1773 1438 1816 sortitaque
1454 1771 1587 1807 Lethen
1612 1781 1698 1806 eor-

210 1843 345 1877 pora,
374 1843 463 1867 cave
489 1831 697 1867 necessario
718 1831 764 1866 de
781 1831 948 1877 pluribus
964 1831 1290 1876 interpretandum
1306 1832 1426 1876 putes,
1446 1831 1512 1866 sed
1528 1831 1571 1865 ut
1588 1841 1700 1876 saepe

217 1891 317 1937 apud
341 1892 472 1936 poetas
498 1890 606 1926 corda
624 1894 772 1935 pectora
797 1902 861 1926 ora
898 1891 987 1926 eolla
1025 1890 1071 1926 de
1109 1903 1133 1925 u
1146 1902 1202 1926 no
1241 1889 1391 1926 homine
1428 1890 1610 1932 dicuntur,
1650 1888 1701 1924 sic

217 1961 368 1995 corpora
393 1950 439 1986 de
464 1961 539 1985 una
562 1950 831 1996 Hypermestra
858 1949 922 1985 Ov.
955 1951 1033 1986 her.
1067 1949 1162 1991 XIV,
1203 1949 1289 1992 126;
1324 1950 1486 1995 Absyrto
1518 1948 1578 1991 VI,
1615 1947 1699 1990 130;

217 2009 349 2045 Iasone
376 2009 457 2051 XII,
484 2010 546 2052 47;
573 2009 708 2045 Paride
734 2009 829 2051 XVI,
857 2009 942 2052 2533
969 2009 1138 2045 Daedalo
1164 2010 1235 2044 art.
1260 2008 1309 2050 II,
1337 2008 1399 2050 68;
1426 2008 1584 2054 Daphne
1610 2008 1698 2043 met.

216 2068 245 2110 I,
274 2069 359 2111 5273
386 2069 624 2104 Phaethonte
641 2068 690 2111 II,
712 2068 781 2103 326
790 2082 797 2111 ;
825 2080 916 2114 apro
944 2068 1148 2113 Calydonio
1173 2068 1276 2114 VIII,
1310 2068 1390 2110 416;
1417 2067 1591 2102 Maratho
1617 2066 1698 2102 Tib.

217 2127 246 2170 I,
272 2127 305 2170 8,
332 2127 393 2170 52;
421 2127 584 2173 Sulpicia
601 2128 661 2170 lV,
686 2128 739 2169 11,
759 2128 791 2163 2.
841 2127 979 2170 Quodsi
998 2128 1185 2164 Hesionen
1201 2128 1354 2173 praeter
1371 2126 1463 2162 alias
1482 2126 1700 2162 damnatam

219 2199 298 2224 esse
322 2188 436 2233 poeta
461 2200 495 2223 v.
521 2188 591 2223 483
617 2199 691 2233 seq.
720 2187 844 2223 dicere
868 2187 1056 2229 voluisset,
1083 2198 1203 2232 neque
1228 2187 1412 2233 potuisset
1429 2185 1609 2230 singulari
1633 2197 1699 2220 nu-

217 2258 320 2283 mero
357 2247 412 2282 uti
449 2247 707 2292 viryineam
744 2247 913 2282 damnare
950 2247 1119 2282 anima-m
1157 2247 1196 2282 et
1233 2245 1442 2282 necessario
1482 2248 1568 2290 post
1607 2244 1700 2279 alias

220 2306 290 2353 (vel
317 2306 397 2342 tale
423 2306 524 2352 quid)
553 2306 768 2342 addendum
791 2306 923 2342 fuisset
949 2306 997 2342 ad
1021 2307 1138 2342 verba
1162 2317 1216 2340 me
1241 2305 1403 2341 destinat.
1453 2304 1597 2340 Deinde
1623 2315 1699 2338 non

218 2365 596 2413 praetermittendum
622 2367 688 2407 est,
716 2365 922 2410 quicunque
948 2366 1065 2401 verba
1090 2378 1123 2400 v.
1142 2365 1211 2400 482
1237 2366 1302 2400 hoe
1325 2368 1436 2400 sortes
1451 2364 1516 2399 hoc
1541 2363 1700 2407 corniger

218 2426 368 2470 imperat
385 2425 564 2460 Hammon
582 2425 728 2469 legerit,
756 2436 800 2460 ea
817 2425 937 2470 primo
955 2425 1164 2460 necessario
1188 2425 1237 2459 ad
1256 2435 1309 2466 ea,
1337 2434 1432 2468 quae
1456 2421 1697 2468 praecedunt,

219 2484 371 2526 referre,
397 2485 440 2519 ut
463 2485 596 2530 postea
622 2484 771 2519 demum
799 2496 829 2519 v.
856 2483 926 2518 483
950 2483 1049 2519 lecto
1075 2495 1114 2519 se
1141 2483 1322 2519 erravisse
1347 2481 1557 2526 intellegat.
1596 2480 1698 2523 Quae

220 2555 303 2579 cum
326 2543 382 2578 ita
406 2543 490 2585 sint,
516 2543 664 2578 videtur
695 2542 864 2578 Valerius
895 2543 934 2577 in
966 2543 1208 2588 concipiendo
1243 2535 1406 2578 carmine
1437 2542 1633 2586 postquam
1663 2551 1696 2574 v.

219 2603 288 2638 482
314 2603 512 2648 scripserit,
547 2602 709 2637 incertus
736 2601 858 2644 fuisse,
898 2613 1024 2651 quam·
1039 2602 1161 2647 potius
1186 2602 1440 2638 narrationem
1470 2601 1696 2646 sequeretur,
1852 2633 1854 2639 ,
1878 2635 1880 2645 ,

221 2661 438 2707 addiditque
465 2662 579 2698 etiam
604 2662 772 2703 alteram,
798 2662 930 2706 postea
955 2661 1114 2696 alteram
1139 2662 1258 2696 utram
1281 2661 1480 2696 deleturus.
1530 2659 1697 2704 Denique
1845 2667 1878 2855 ῖ

1843 2856 1866 2952 ἓ

221 2721 319 2757 addo
343 2721 535 2758 Valerium
559 2721 598 2756 in
624 2733 677 2763 eo,
713 2721 812 2766 quod
842 2720 1019 2756 Hercules
1051 2720 1237 2756 Hesionen
1268 2719 1444 2756 liberavit
1474 2731 1556 2755 cum
1580 2718 1697 2764 Argo-

1833 2913 1866 3100 Ξ
