1890 3100
203 161 290 204 368
727 159 764 195 C.
791 160 972 195 VALERI
997 160 1170 196 ΕΒΑ-001

309 293 382 318 nec
413 279 547 331 pelagi
574 293 647 318 nos
676 279 785 318 mille
815 281 916 328 viae,
947 293 1022 319 nec
1051 280 1159 319 fama
1188 280 1339 320 fefellit

311 345 544 396 Soligenam
573 346 733 384 Aeeten
761 345 895 385 media
922 359 1092 397 regnare
1123 346 1196 384 sub
1227 352 1348 385 arcto.

311 424 407 462 ergo
437 411 505 449 ubi
532 410 603 449 lux
633 411 757 449 altum
787 416 948 463 sparget
978 425 1098 458 mare,
1128 418 1237 450 tecta
1265 412 1440 464 petenda

311 476 420 514 urbis
451 482 491 515 et
519 477 645 528 ignoti
674 490 786 516 mens
817 477 1063 529 experienda
1091 478 1263 528 tyranni.

312 541 461 580 adnuet
489 543 587 594 ipse,
617 556 723 591 reor;
754 556 886 594 neque
915 542 1162 581 inexorabile
1193 549 1313 590 certe,
1693 561 1748 592 320

311 607 418 659 quod
446 608 637 659 petimus:
668 608 729 646 sin
756 622 852 647 vero
882 621 1022 660 preces
1053 614 1093 647 et
1122 608 1228 646 dicta
1257 608 1452 660 superbus

310 674 508 725 respuerit
535 697 588 701 -—
614 673 692 712 iam
722 687 826 712 nunc
857 675 1008 712 animos
1037 674 1190 712 firmate
1220 674 1420 726 repulsae,

312 752 469 791 quaque
499 739 565 777 via
593 739 730 791 patriis
759 739 978 778 referamus
1007 739 1161 778 vellera
1188 740 1316 787 terris,

314 875 393 909 stet
420 870 570 922 potius:
601 870 721 908 rebus
752 883 910 921 semper
937 869 1065 922 pudor
1093 870 1197 909 absit
1225 871 1266 908 in
1295 871 1418 910 artis'.

313 935 479 982 dixerat,
511 940 551 974 et
581 934 811 986 Scythicam
842 936 909 986 qui
938 948 981 974 se
1012 936 1250 974 comitentur
1278 935 1329 974 ad
1357 935 1496 975 urbem
1693 954 1749 983 325

206 1048 371 1093 effugere
397 1059 592 1093 erumpere
632 1047 760 1092 egredi
803 1047 962 1083 evadere
1001 1047 1093 1083 eniti
1119 1047 1218 1084 exire
1258 1048 1458 1093 enavigare
1485 1047 1694 1092 eremigare

206 1107 283 1154 (Sil.
309 1107 404 1148 XIV,
433 1107 515 1151 191)
542 1107 723 1142 excedere
750 1106 863 1149 elabi;
903 1108 970 1143 cfr.
996 1107 1057 1143 Sil.
1084 1107 1151 1149 ΙΙΙ,
1179 1107 1247 1142 662
1272 1108 1379 1143 valles
1404 1118 1474 1151 en.;
1512 1107 1588 1153 XV,
1625 1106 1695 1142 375

203 1167 316 1211 fretun
343 1167 467 1204 Sidon.
494 1167 612 1210 XXII,
639 1167 707 1201 167
734 1170 855 1202 enatat
880 1187 925 1193 -
944 1167 1105 1212 palaqus.

301 1238 380 1274 316.
431 1238 545 1280 ,Mille
572 1238 640 1273 viis
657 1249 726 1284 per
750 1249 853 1273 mare
881 1249 1029 1274 currere
1057 1238 1162 1274 nobis
1180 1238 1329 1279 licebat,
1356 1238 1548 1274 sedunam
1565 1248 1695 1274 veram

208 1298 369 1334 feliciter
395 1297 625 1333 invenimus’.

302 1369 372 1404 318
398 1380 515 1415 seqq.;
542 1369 581 1404 in
607 1369 766 1405 eandem
791 1371 867 1405 fere
893 1369 1130 1410 sententiam,
1158 1370 1223 1405 sed
1247 1369 1414 1415 pluribus
1439 1368 1564 1404 verbis
1582 1368 1695 1404 Iason

207 1429 410 1473 alloquitur
435 1428 553 1464 socios
579 1428 679 1474 apud
704 1428 824 1474 ApoU.
843 1428 900 1475 Π,
929 1429 1126 1466 171-193,

302 1489 364 1524 ubi
389 1489 452 1524 luoe
475 1489 586 1523 altum
610 1492 755 1533 sparyet
778 1500 877 1523 mare
902 1492 992 1524 tecta
1011 1488 1167 1533 petenda
1191 1489 1291 1524 urbis
1307 1499 1382 1524 non
1399 1487 1490 1523 satis
1508 1487 1693 1532 quadrare

206 1548 383 1584 videntur
421 1548 468 1583 ad
494 1559 539 1583 ea
571 1559 666 1593 quae
693 1549 909 1592 sequuntur,
949 1559 1032 1583 cum
1057 1547 1167 1583 Iason
1206 1547 1309 1582 nulla
1340 1558 1446 1583 mora
1470 1546 1693 1592 interposita

206 1607 336 1643 statim
374 1607 474 1643 viros
507 1618 643 1643 novem
674 1608 775 1643 sorte
809 1607 948 1643 electos
981 1618 1107 1643 secum
1139 1607 1261 1642 ducat.
1305 1606 1379 1642 Sed
1407 1606 1522 1642 noctu
1556 1618 1575 1641 e
1607 1606 1694 1641 navi

207 1678 387 1712 egressus,
416 1678 499 1702 cum
524 1667 670 1712 longior
695 1667 756 1702 via
781 1678 895 1712 usque
914 1667 960 1702 ad
980 1667 1112 1703 urbem
1135 1666 1347 1702 emetienda
1366 1667 1474 1707 esset,
1501 1677 1591 1701 sane
1616 1665 1693 1701 sole

206 1726 358 1763 demum
385 1727 514 1763 exorto
539 1726 623 1761 urbi
649 1726 934 1772 appropinquat,
962 1726 1037 1763 vid.
1062 1738 1097 1761 v.
1117 1726 1197 1761 328.

301 1787 363 1822 cum
386 1790 531 1831 spa-met
554 1797 666 1828 mare;
693 1786 803 1831 Verg.
830 1786 922 1822 Aen.
948 1786 1010 1827 IV,
1039 1785 1124 1828 5843
1152 1786 1257 1821 Lucr.
1284 1785 1334 1831 ΙΙ,
1361 1785 1441 1820 144.

300 1858 380 1893 320.
430 1857 607 1893 emorabile
630 1858 726 1899 Vat„
765 1857 983 1894 inexorabile
1008 1857 1151 1893 Monac.
1194 1869 1216 1894 a
1253 1868 1352 1893 man.
1379 1868 1462 1898 sec„
1489 1857 1512 1893 i.
1539 1868 1569 1892 e.
1597 1856 1695 1902 quod

206 1917 352 1953 exorari
389 1929 463 1953 non
500 1917 628 1963 possit,
667 1917 807 1952 dictum
844 1917 883 1952 id
920 1917 1071 1962 quidem
1107 1918 1260 1963 praeter
1299 1916 1615 1957 consuetudinem,
1655 1917 1696 1951 at

204 1989 280 2013 non
304 1978 458 2023 praeter
482 1977 678 2018 rationem,
706 1988 789 2012 cum
815 1978 854 2013 et
879 1978 990 2013 homo
1018 1970 1173 2012 exorari
1202 1976 1358 2018 dicatur,
1398 1987 1420 2011 a
1457 1987 1529 2021 quo
1555 1975 1695 2020 aliquid

203 2037 388 2082 petamus,
417 2037 455 2072 et
480 2047 538 2072 res
563 2035 655 2082 ipsa,
683 2047 779 2081 quae
803 2037 970 2082 petatur.

299 2096 379 2132 321.
429 2106 510 2131 vero
535 2095 647 2131 valde
672 2097 885 2141 suspectum
909 2096 1065 2141 propter
1091 2107 1112 2131 o
1137 2095 1306 2131 litteram
1332 2095 1552 2141 correptam.

299 2155 380 2191 322.
430 2155 521 2191 Post
544 2156 719 2200 respuerit
744 2155 890 2200 signum
915 2155 1149 2200 interruptae
1186 2155 1364 2190 orationis
1389 2154 1506 2200 posui.

299 2214 381 2250 323.
430 2214 514 2250 Non
553 2216 642 2260 apte
679 2214 739 2249 hic
763 2225 892 2250 versus
928 2214 1072 2260 pendet
1108 2214 1155 2249 ab
1190 2214 1241 2249 eis
1279 2225 1375 2259 quae
1401 2214 1604 2258 sequuntur
1629 2216 1697 2248 stet

199 2274 334 2319 potius,
360 2285 429 2319 pro
455 2273 587 2318 quibus
614 2275 854 2319 exspectatur
879 2273 1138 2310 consideremus
1162 2273 1223 2309 vel
1247 2273 1325 2309 tale
1352 2273 1462 2318 quid;
1495 2273 1696 2318 praeterea

207 2334 334 2379 autem
358 2333 462 2368 notio
489 2333 734 2374 desideratur,
763 2345 835 2378 qua
862 2334 1054 2379 appareat,
1083 2344 1148 2368 cur
1173 2332 1283 2368 Iason
1315 2332 1431 2368 socios
1457 2332 1621 2371 moneat,
1648 2342 1696 2367 ne

204 2393 384 2438 pudore
410 2396 724 2429 commoveantur.
764 2393 898 2438 Itaque
925 2394 1012 2428 ante
1037 2392 1107 2427 324
1132 2403 1260 2428 versus
1285 2391 1481 2427 nonnullos
1517 2390 1695 2427 excidisse

204 2452 347 2488 conicio
372 2451 479 2487 huius
507 2451 585 2487 fere
611 2452 838 2488 sententiae:
867 2452 1189 2487 ‘considerandum
1215 2453 1302 2496 (qua
1328 2450 1388 2485 via
1408 2471 1448 2476 -
1468 2450 1693 2492 referamus)

206 2512 245 2547 et
269 2522 316 2547 ne
341 2511 459 2547 vellus
485 2510 736 2556 relinquamus
763 2512 802 2546 et
826 2510 968 2546 infecta
1005 2522 1045 2547 re
1084 2510 1332 2551 discedamus,
1372 2509 1432 2546 vel
1470 2509 1602 2545 fraude
1639 2509 1694 2544 uti

205 2572 282 2607 stet
310 2570 456 2616 potius'.
508 2570 673 2606 Obscure
697 2570 773 2605 iam
797 2570 984 2605 indicatur
1010 2570 1131 2606 alieno
1158 2570 1293 2605 auxilio
1321 2570 1359 2605 et
1389 2568 1522 2604 fraude
1553 2569 1633 2605 fore
1651 2570 1694 2604 ut

204 2630 323 2666 vellus
350 2630 530 2675 capiatur.
