1890 3100
849 221 971 268 Caput
994 220 1063 255 IH.
1646 221 1702 263 15

215 339 309 377 hist.
338 339 413 388 ΙΠ,
443 341 495 378 74
521 351 711 388 aramque
728 338 870 388 posuit
897 352 1015 379 casus
1048 350 1139 378 suos
1174 336 1221 376 in
1246 350 1439 377 marmore
1467 350 1700 387 eoepressam.

217 405 311 442 Non
337 404 416 443 huc
442 404 617 457 pertinet
633 404 804 456 Vergilii
830 404 943 443 locus
973 403 1047 442 ecl.
1066 402 1141 450 III,
1163 404 1240 441 106
1260 401 1322 442 dic
1348 401 1497 450 quibus
1522 404 1569 442 in
1588 402 1703 442 terris

218 468 408 519 inser-apii
431 467 595 509 nomina
622 481 760 518 reyum
783 473 1006 510 nascantur
1027 471 1140 516 flores
1168 474 1210 506 et
1234 468 1322 520 ipsc
1342 481 1394 506 ex
1411 481 1522 505 more
1544 467 1701 506 Graeco

220 534 360 582 dictus,
399 534 468 587 qui
494 547 657 586 prorsus
687 534 805 573 aliam
831 534 957 572 habet
986 533 1312 586 explicationem:
1350 538 1395 570 ut
1423 532 1530 571 enim
1559 545 1701 571 secun—

219 598 314 638 dum
357 599 491 650 legem
536 605 671 637 notam
719 598 902 638 Graecae
954 599 1118 650 linguae
1172 598 1421 637 enuntiatum
1474 597 1594 650 quale
1641 603 1703 635 est

218 664 383 710 ἀνθ-ρώπῳ
413 664 614 700 ἀποκὸπτειν
645 663 704 709 τήν
734 664 892 710 κεφαλήν,
922 663 982 710 τὴν
1012 668 1104 711 χεῖρα
1139 665 1182 702 in
1219 664 1424 716 passivum
1464 676 1702 701 conversum

217 729 295 768 hoc
325 727 443 767 modo
478 729 710 781 exprimitur
746 728 920 775 ἄνθρωπος
955 729 1178 766 ἀποκὸπτεται
1213 727 1272 774 τὴν
1301 728 1465 774 κεφαλήν,
1503 727 1563 774 τὴν
1598 731 1701 774 χεῖρα,

218 793 287 832 cfr.
313 793 476 832 Kuehn.
506 807 671 845 gramm.
701 807 833 845 graec.
862 794 905 832 Π
932 795 958 846 ξ
987 796 1077 841 378,
1107 795 1132 832 8
1175 794 1243 845 qui
1278 793 1387 831 hunc
1421 806 1539 831 usum
1566 799 1701 831 tamen

216 857 333 896 nimis
362 858 542 908 angustis
569 858 715 896 finibus
743 859 1029 897 circumscribit
1058 863 1099 897 et
1116 858 1269 909 Krueg.
1301 871 1464 909 gramm.
1494 871 1552 909 gr.
1573 859 1636 905 52,
1664 859 1701 904 4,

217 924 255 969 2,
298 923 355 960 sic
387 923 559 961 Romani
595 937 755 975 quoque
789 930 934 976 poetae
978 924 1213 976 saepissime
1255 923 1379 961 locuti
1421 928 1531 961 sunt:
1573 928 1618 961 ut
1658 936 1703 961 re

217 985 414 1038 defungar
439 1001 519 1026 uno
549 988 734 1040 exemplo
763 988 898 1035 allato,
942 987 1049 1041 apud
1077 988 1199 1039 Verg.
1228 988 1332 1026 Aen.
1361 987 1415 1034 Π,
1450 989 1527 1026 273
1552 1000 1704 1037 perque

207 1053 328 1100 pedes
366 1051 550 1092 traiectus
580 1053 764 1101 (Hector)
799 1054 884 1092 lora
925 1056 1113 1093 tumentes
1156 1051 1438 1105 explicandum
1480 1065 1531 1091 ex
1573 1053 1706 1090 activa

217 1117 511 1154 constructione
551 1117 730 1155 ‘Hectori
756 1130 830 1169 per
857 1117 982 1169 pedes
1010 1117 1098 1156 lora
1125 1117 1306 1155 traicere'
1338 1117 1495 1156 Graeco
1522 1130 1633 1156 more
1662 1118 1703 1155 in

217 1181 421 1234 passivum
455 1194 650 1220 conversa
691 1187 812 1234 atque
849 1182 906 1220 sic
949 1183 1068 1220 etiam
1115 1182 1188 1220 ecl.
1218 1182 1292 1229 ΙΠ,
1338 1183 1415 1222 106
1456 1197 1529 1235 pro
1572 1183 1703 1221 activo

220 1245 392 1284 ‘floribus
430 1247 591 1284 nomina
631 1246 860 1285 inscribere'
903 1247 945 1284 in
985 1248 1147 1299 passivo
1190 1246 1334 1285 dicitur
1371 1247 1500 1286 ‘flores
1542 1248 1704 1286 nomina

220 1310 518 1362 (inscribuntur)
546 1311 724 1364 inscripti
753 1312 868 1350 sunt'.
