1890 3100
609 194 996 232 ARGONAVTICON
1023 193 1172 229 LIBER
1195 193 1257 229 VI.
1571 194 1659 238 467

294 316 390 368 quid
415 315 547 354 fratris
574 315 735 354 meritas
763 321 850 362 tua,
879 314 1076 366 Iuppiter,
1106 299 1236 363 omxffa
1262 325 1414 365 poenas
1463 337 1467 340 -
1667 314 1722 347 ⁷oe
1777 320 1784 327 ⁵
1848 318 1858 328 ²
1878 312 1890 323 “

291 383 508 433 promisere
536 380 659 419 mihi?
685 380 801 419 nobis
829 381 967 431 Argoa
992 379 1163 431 parabas

293 445 445 484 scilicet
474 446 623 484 auxilia
651 451 691 484 et
718 450 850 483 tantas
878 444 1122 495 coniungere
1150 443 1268 481 vires.

292 524 414 549 saeva
442 511 602 564 quidem
630 511 731 549 lucis
759 510 913 548 miseris
941 522 1072 557 mora3
1102 508 1199 547 dent
1225 514 1373 555 tamen,
1403 521 1487 555 oro,

290 590 412 614 unum
440 576 552 615 illum
579 576 676 614 mihi
703 575 787 614 fata
814 574 932 622 diem,
962 574 1030 626 qui
1057 573 1172 612 fallat
1201 573 1376 612 Achivos

291 641 348 679 sie
375 642 549 688 meritos,
579 653 739 694 quoque
766 639 873 678 hunc
899 638 1059 677 videam
1086 639 1233 677 virtute
1263 637 1479 690 superbum
1667 633 1722 663 735

290 706 524 745 Aesoniden
551 712 684 744 tantos
710 704 874 743 flentem
903 705 989 743 sine
1017 704 1169 743 honore
1197 703 1382 742 labores’.

296 770 450 810 dixerat
477 771 579 809 haec
605 775 827 822 pectusque
857 769 938 808 suis
967 769 1179 808 everberat
1206 769 1325 807 armis

292 842 332 875 et
360 836 518 887 galeam
546 835 654 883 fletu,
684 835 843 887 galeam
871 834 1110 886 singultibus
1139 834 1295 885 implet3

290 900 373 939 ibat
401 906 442 939 et
469 901 510 939 in
537 900 659 939 medii
685 913 879 952 praeceps
907 899 1093 938 incendia
1119 899 1228 945 belli,

292 966 334 1004 ni
359 966 469 1016 prior
495 965 674 1004 adversis
702 965 837 1003 Pallas
865 964 1033 1003 vidisset
1061 964 1111 1002 ab
1141 965 1260 1003 armis
1667 966 1722 997 740

293 1036 334 1069 et
362 1043 514 1069 secum:
545 1031 635 1068 ‘ruit
663 1044 758 1069 ecce
786 1030 900 1068 ferox
927 1030 969 1068 in
995 1030 1138 1068 funera
1164 1030 1321 1074 Perses,

292 1109 410 1148 quem
438 1096 594 1147 genitor
624 1095 786 1134 Colchis
816 1095 997 1147 solioque
1025 1095 1231 1146 imponere
1259 1094 1391 1132 fratris

290 1161 369 1199 iam
398 1161 549 1199 statuit.
605 1167 742 1199 nostra
769 1173 912 1199 vereor
938 1173 990 1199 ne
1019 1159 1160 1198 fraude
1187 1166 1438 1212 peremptum

290 1225 471 1277 increpet
499 1231 539 1264 et
568 1226 724 1277 culpam
751 1226 855 1264 hanc
882 1238 1028 1276 magno
1052 1230 1204 1263 terrore
1232 1224 1454 1277 rependat’.

295 1290 397 1329 haee
425 1289 562 1347 dicens
592 1296 676 1329 atro
704 1290 894 1329 nebulam
923 1289 1108 1328 diffundit
1135 1290 1281 1328 amictu

185 1414 280 1467 quod
288 1414 458 1459 princepe
482 1414 573 1456 colit,
600 1417 642 1449 ut
664 1414 819 1449 colamus
843 1425 976 1455 omne&
1019 1413 1143 1450 Sidon.
1171 1425 1228 1460 ep.
1254 1413 1318 1459 IX,
1345 1414 1400 1460 13.
1426 1414 1449 1449 5
1466 1426 1500 1450 v.
1520 1415 1540 1449 1
1566 1425 1666 1461 seqq.

187 1477 380 1509 convocatu
396 1474 513 1518 pubes
536 1493 583 1500 —
607 1474 702 1508 iubet
725 1477 766 1508 ut
788 1474 950 1509 volumen
973 1473 1072 1509 istud
1093 1494 1141 1500 —
1163 1473 1295 1509 studiis
1318 1474 1358 1509 in
1382 1477 1484 1510 astra
1506 1474 1621 1510 tollas.

280 1532 360 1568 734.
407 1543 477 1577 quo
510 1532 607 1575 fellet
630 1532 714 1568 Vat.
747 1534 808 1577 qui
841 1532 950 1575 fallat
972 1532 1157 1578 Wagner3
1191 1533 1382 1570 Baehrens
1419 1533 1565 1580 scripsit
1601 1545 1670 1581 quo

182 1591 266 1634 falli
288 1595 330 1637 et,
357 1592 456 1637 quod
478 1593 634 1637 propter
658 1592 927 1637 synaloepham
950 1592 1086 1637 longae
1110 1592 1252 1628 vocalis
1267 1592 1417 1628 Valerio
1440 1592 1480 1628 in
1505 1603 1550 1629 ea
1581 1593 1671 1630 sede

183 1650 394 1686 inauditam
416 1650 570 1696 probari
593 1662 668 1686 non
691 1651 835 1696 potest3
860 1651 946 1686 vide
960 1651 1136 1687 Koesters
1162 1652 1304 1696 quaest.
1329 1653 1436 1688 metr.
1462 1664 1495 1697 p.
1521 1652 1568 1687 46
1593 1664 1668 1698 seq.

281 1709 360 1748 736.
408 1711 484 1745 sine
507 1710 640 1745 honore
663 1710 819 1745 labores:
859 1709 924 1745 Ov.
950 1711 1038 1747 met.
1064 1710 1116 1751 IL
1142 1710 1230 1753 3873
1263 1710 1329 1746 cfr.
1356 1711 1406 1746 ad
1429 1710 1499 1753 ΠΙ,
1525 1711 1607 1747 362.

283 1769 364 1804 737.
406 1772 599 1814 pectusque
621 1769 697 1804 suis
730 1769 907 1804 everberat
931 1769 1057 1804 annis:
1094 1771 1138 1804 ut
1173 1770 1296 1805 solent
1330 1771 1462 1815 pectus
1486 1770 1670 1816 plangere

185 1826 358 1862 manibus
394 1827 562 1863 homines
603 1827 818 1863 vehementi
854 1828 981 1864 dolore
1018 1828 1080 1864 vel
1104 1828 1208 1863 luctu
1234 1829 1422 1874 concitati,
1461 1830 1512 1865 sic
1536 1830 1669 1866 Perses

186 1885 299 1922 armis
322 1886 346 1921 i.
373 1897 403 1922 e.
430 1897 543 1921 manu
568 1887 721 1931 armata,
746 1888 878 1932 pectus
895 1886 1000 1930 ferit3
1026 1887 1074 1923 de
1098 1887 1223 1923 verbis
1248 1887 1316 1924 cfr.
1334 1888 1444 1933 Verg.
1469 1889 1563 1925 Aen.
1579 1889 1668 1931 XII,

185 1944 256 1980 866
280 1946 495 1990 clipeumque
519 1946 696 1981 everberat
720 1946 799 1983 alis.

280 2004 360 2040 738.
409 2004 540 2041 Perses
577 2005 726 2050 galeam
761 2006 869 2040 tenet
906 2007 993 2040 ante
1030 2005 1165 2048 oculos,
1203 2017 1249 2041 ne
1282 2006 1330 2041 ab
1362 2006 1443 2042 aliis
1467 2006 1665 2043 lacrimans

187 2063 447 2109 conspiciatur.

284 2121 363 2158 742.
412 2122 468 2159 De
493 2122 681 2158 sententia
707 2122 772 2158 cfr.
799 2123 842 2164 V,
869 2123 939 2158 680
963 2134 1064 2168 seqq.

281 2181 362 2216 743.
413 2181 487 2218 cfr.
512 2181 618 2217 Hom.
645 2181 688 2216 11.
719 2181 804 2227 XX,
829 2181 909 2223 301,
947 2182 1012 2217 ubi
1036 2182 1194 2218 similem
1230 2182 1456 2219 sententiam
1494 2183 1669 2232 exprimit

185 2239 384 2287 Neptunus
409 2240 588 2276 sollicitus
614 2241 661 2276 de
678 2241 815 2282 Aenea,
843 2241 902 2276 cui
927 2241 1080 2277 exitium
1104 2241 1274 2277 imminet
1298 2242 1345 2277 ab
1370 2242 1525 2281 Achille,

282 2299 362 2334 745.
412 2303 491 2335 atro
526 2299 688 2335 nebulam
724 2299 894 2342 diffundit
930 2301 1059 2336 amictu
1100 2300 1253 2337 obscure
1291 2300 1451 2337 dictum:
1499 2301 1670 2348 Wagner

188 2357 387 2394 Palladem
420 2359 503 2394 atro
537 2359 674 2393 amictu
706 2358 876 2394 indutam
906 2359 1082 2395 nebulam
1106 2360 1305 2396 removisse
1330 2371 1352 2396 a
1377 2372 1417 2396 se
1441 2362 1568 2407 putat;
1601 2361 1669 2397 sed

187 2416 336 2453 omnino
367 2429 442 2453 non
473 2417 652 2454 credibile
683 2419 835 2462 poetam
867 2418 901 2453 ei
935 2418 1111 2454 amictum
1148 2420 1270 2454 atrum
1306 2419 1498 2467 tribuisse;
1536 2422 1668 2456 contra

186 2474 320 2511 Perses
353 2476 400 2511 ab
435 2487 480 2512 ea
511 2477 649 2512 nebula-
683 2476 825 2522 tegitur
858 2476 930 2519 ita,
967 2479 1010 2512 ut
1044 2477 1200 2513 amictus
1237 2478 1313 2514 eius
1347 2480 1428 2515 ater
1464 2479 1546 2521 fiat;
1585 2483 1666 2515 atro

187 2534 320 2570 amida
359 2546 434 2571 non
472 2537 528 2571 est
569 2535 756 2570 ablativus
793 2535 855 2580 qui
892 2535 1027 2571 dicitur
1062 2537 1328 2583 separationis,
1367 2538 1433 2574 sed
1469 2538 1553 2583 loci,
1597 2538 1664 2574 cfr.

189 2589 266 2635 111,
307 2593 379 2628 560
413 2595 483 2629 tale
518 2595 623 2630 iubar
659 2594 829 2637 diffundit
863 2596 966 2640 aquis
1002 2596 1042 2631 et
1066 2596 1136 2638 VI,
1170 2596 1216 2631 56
1252 2597 1381 2633 rutilas
1416 2598 1525 2633 scutis
1561 2597 1666 2640 diffu-

190 2651 286 2687 deri-s
318 2653 410 2688 alae:
450 2664 518 2698 per
544 2654 721 2689 amictum
747 2653 922 2690 diffundit
945 2655 1121 2691 nebulam
1146 2656 1356 2701 nebulaque
1386 2658 1509 2692 ‘tectus
1533 2656 1666 2692 Pers&

1671 1300 1725 1331 745
