1890 3100
593 173 980 221 ARGoNAv'r'ICON
1003 183 1151 218 LIBER
1176 183 1260 219 vn.
1589 181 1675 225 481

299 307 393 346 hinc
419 312 546 359 pater.
597 306 674 345 illa
700 319 806 344 nova
832 305 978 357 rumpit
1004 303 1214 343 formidine
1243 313 1426 353 somnos·

301 372 545 425 erigiturque
573 377 680 420 toro3
709 371 878 410 famulas
907 382 1100 422 carosque
1127 375 1296 420 penates

300 438 493 488 agnoscit,
522 437 641 476 modo
669 435 925 475 Thessalicas
952 439 1110 486 raptata
1135 446 1208 484 per
1234 432 1374 470 urbes:

298 502 481 541 turbidus
509 509 554 540 ut
582 502 728 541 Poenis
757 501 969 552 caecisque
995 499 1210 551 pavoribus
1240 510 1379 536 ensem

300 568 459 620 corripit
488 573 528 606 et
557 580 704 606 saevae
730 567 823 605 ferit
849 565 1009 616 agmina
1035 564 1170 602 matris
1201 563 1385 610 Orestes;

297 633 429 684 ipsum
456 645 621 684 angues,
649 633 780 684 ipsum
806 629 1002 669 horrisoni
1029 629 1157 681 quatit
1184 628 1242 666 ira
1269 626 1436 679 flagelli3

299 703 419 750 atque
447 699 591 737 iterum
617 698 795 736 incestae
824 709 868 734 se
896 695 1053 734 fervere
1082 693 1206 732 caede
1234 693 1445 731 Lacaenae

301 762 427 801 credit
456 776 595 814 agenS,
624 761 807 813 falsaque
835 760 939 799 redit
967 759 1016 798 de
1047 765 1181 810 strage
1210 758 1374 797 dearum

298 827 431 866 fessus
460 833 502 866 et
529 827 572 865 in
597 827 768 865 miserae
797 825 1020 864 conlabitur
1048 838 1115 863 ore
1145 824 1302 862 sororis.
1353 853 1374 859 ἢ

350 892 427 930 ffis
455 892 525 931 ubi
554 892 799 944 nequiquam
825 896 1033 929 nutantem
1062 889 1258 928 Colchida
1286 890 1391 928 curis

191 993 417 1038 precantem,
442 1003 491 1028 ne
515 992 639 1027 Iasoni
665 991 840 1027 auxilium
866 990 981 1032 ferat;
1016 990 1132 1026 etiam
1168 989 1269 1024 aliud
1306 1001 1374 1035 per
1398 1000 1566 1025 somnum
1592 999 1675 1023 eam

191 1050 328 1087 vidisse
353 1052 514 1097 apparet
539 1063 584 1087 ex
609 1063 642 1085 v.
669 1051 749 1086 146.

286 1110 366 1146 147.
415 1110 470 1144 Ex
494 1122 623 1146 somno
649 1110 812 1145 excitata
839 1109 974 1144 Medea
1011 1109 1141 1144 eodem
1179 1108 1291 1144 modo
1328 1119 1452 1143 rerum
1476 1107 1676 1144 veritatem

191 1169 361 1214 agnoseit
386 1170 501 1214 atque
528 1169 689 1211 Orestes,
723 1181 807 1204 cum
824 1168 942 1203 Furiis
969 1167 1107 1213 agitari
1132 1167 1259 1214 desiitj;
1302 1167 1349 1203 de
1374 1168 1508 1203 Poenis
1532 1167 1599 1203 cfr.
1626 1168 1675 1202 ad

191 1227 222 1269 Ι,
248 1228 335 1273 797;
371 1229 604 1264 comitantur
634 1229 811 1268 matrem,
850 1238 959 1273 quam
990 1227 1202 1272 conspicere
1234 1227 1302 1261 sibi
1331 1226 1483 1262 videtur
1515 1227 1674 1269 Orestes,

190 1287 265 1324 vid.
283 1288 397 1333 Verg.
421 1288 512 1323 Aen.
531 1288 595 1330 IV,
613 1288 699 1329 471;
727 1287 773 1323 de
798 1286 1034 1322 substantivo
1057 1288 1204 1332 aqmina
1229 1287 1294 1321 cfr.
1320 1286 1368 1322 ad
1392 1286 1442 1327 H,
1468 1286 1536 1320 227
1563 1286 1674 1321 dicta.

285 1347 366 1387 149,
412 1348 472 1383 ira
496 1358 520 1382 a
544 1347 624 1382 deis
649 1347 699 1382 ad
723 1346 883 1392 flagella,
908 1346 1041 1391 quibus
1065 1347 1231 1387 utuntur,
1256 1345 1502 1392 transfertur;
1541 1345 1675 1380 similia

189 1407 277 1441 sunt
301 1406 473 1452 exempla
499 1406 548 1441 ad
573 1406 601 1446 Ι,
630 1406 698 1441 109
723 1405 871 1441 collata.

285 1465 365 1501 150.
412 1466 564 1509 infestae
588 1466 686 1507 Vat„
710 1466 864 1501 mestoc
887 1464 995 1500 Dom.
1020 1464 1169 1500 Marius.

280 1524 416 1567 fervere
440 1525 559 1562 caede:
586 1525 699 1570 Verg.
723 1525 816 1559 Aen.
841 1523 905 1568 IX,
931 1524 1012 1559 693.

242 1596 246 1599 ·
284 1583 364 1620 151.
412 1584 469 1620 De
483 1584 680 1630 participio
697 1595 806 1630 agens
822 1583 889 1619 cfr.
907 1585 954 1618 ad
969 1583 1030 1624 IV,
1052 1584 1139 1625 111;
1158 1583 1396 1628 attractione,
1412 1595 1509 1628 quae
1526 1583 1674 1625 dicitur,

190 1643 262 1678 hoc
276 1642 360 1679 leco
375 1643 629 1679 nominativus
646 1644 785 1689 positus
802 1644 859 1678 est
874 1653 942 1688 pro
958 1642 1172 1678 accusativo
1188 1646 1357 1688 ayentem,
1376 1643 1492 1678 etiam
1509 1642 1675 1688 apertius

189 1700 231 1736 id
255 1701 301 1737 fit
322 1701 423 1737 infra
447 1714 482 1739 v.
506 1702 577 1737 309
601 1702 695 1738 videt
718 1706 860 1737 externo
883 1712 922 1736 se
938 1702 1093 1746 prodere
1110 1706 1252 1746 patrem
1278 1702 1394 1737 dura
1417 1703 1504 1737 viro.

284 1760 365 1799 152.
413 1772 479 1796 ora
497 1761 594 1803 Vat„
619 1772 679 1796 ore
701 1761 872 1797 Koestlin
886 1761 1019 1797 Philol.
1043 1761 1090 1796 39
1113 1773 1150 1806 p.
1175 1762 1240 1798 45:
1265 1761 1304 1796 in
1321 1762 1524 1807 conspectu
1540 1761 1675 1796 sororis

191 1819 386 1855 collabitur
411 1819 575 1857 Orestes,

285 1878 355 1914 153
378 1890 480 1924 seqq.
506 1881 621 1924 poeta
658 1879 781 1915 omnia
817 1879 918 1925 fecit,
956 1880 999 1914 ut
1028 1879 1134 1925 virgo
1170 1880 1280 1925 culpa
1316 1880 1489 1916 videatur
1523 1892 1675 1925 prorsus

189 1948 349 1979 vacare,
403 1950 488 1974 cum
544 1938 621 1974 iam
660 1938 795 1974 victrix
834 1938 968 1974 Iunoni
1010 1938 1161 1974 resistat
1199 1939 1429 1986 tandemque
1471 1939 1675 1974 conitmctis

187 1995 341 2032 domum
364 1997 516 2033 Iunonis
543 1999 582 2033 et
607 1997 761 2033 Veneris
785 1997 925 2032 viri-bus
966 1998 1185 2033 succumbat
1210 1998 1368 2043 quidem,
1406 1998 1474 2033 sed
1508 1998 1570 2033 vix
1594 2010 1675 2034 suc-

190 2056 342 2092 cumbat
366 2058 480 2101 atque
505 2058 592 2102 post
617 2056 704 2092 satis
729 2068 851 2092 acrem
877 2056 1029 2092 Veneris
1054 2057 1342 2099 contentionem,
1374 2057 1441 2094 cfr.
1467 2057 1537 2092 292
1562 2069 1673 2103 seqq„

189 2114 263 2150 306
274 2126 398 2179 5.,5ᾳᾳ
437 2126 668 2161 quamquam
691 2115 768 2150 vim
791 2115 943 2151 Veneris
981 2127 1164 2150 summam
1194 2127 1275 2152 esse
1302 2116 1491 2152 indicatur
1519 2129 1554 2152 V.
1589 2116 1671 2158 193,

190 2173 258 2209 cfr.
274 2156 399 2210 etiam
436 2174 505 2210 182
530 2186 630 2219 seqq.
681 2174 800 2210 Multo
824 2174 972 2210 brevius
998 2174 1283 2220 simpliciusque,
1320 2176 1388 2211 sed
1412 2176 1528 2212 etiam
1550 2176 1670 2212 imbe-

191 2233 340 2272 sillitati
362 2234 555 2270 hominum
573 2234 912 2270 accommodatius
903 2245 1000 2269 nanc
1024 2245 1104 2270 rem
1119 2234 1301 2270 tractavit
1317 2235 1543 2281 Apollonius,
1570 2236 1673 2281 apud

189 2303 301 2337 quem
323 2293 467 2338 sagitta
495 2292 684 2339 Cupidinis
709 2293 844 2328 Medea
867 2292 1096 2333 vulneratur,
1122 2293 1259 2331 deinde
1283 2305 1352 2340 per
1375 2305 1539 2330 sororem
1561 2294 1672 2330 Chal-

191 2350 322 2397 §.iopen
346 2362 370 2387 a
392 2352 465 2389 filio
492 2356 591 2397 Argo
617 2351 837 2387 submissam
858 2353 1020 2396 rogatur,
1056 2353 1098 2387 ut
1122 2352 1248 2388 Iasoni
1272 2364 1382 2399 opem
1406 2353 1525 2395 ferat;
1564 2354 1672 2390 Chal-

191 2409 298 2456 ciope
323 2412 450 2447 autem
487 2411 599 2447 facile
634 2411 705 2446 hoc
743 2422 872 2445 munus
908 2410 948 2446 in
972 2422 1012 2446 se
1036 2411 1180 2457 recipit,
1212 2423 1294 2447 cum
1318 2413 1394 2448 suis
1417 2412 1501 2448 filiis
1527 2414 1673 2449 metuat

191 2479 240 2505 ne
278 2469 412 2506 Aeetes
454 2470 608 2521 exitium
631 2471 742 2515 paret
772 2469 841 2510 m,
872 2469 942 2504 609
972 2481 1087 2516 seqq.;
1130 2471 1197 2506 681
1236 2482 1337 2516 seqq.
1405 2471 1541 2507 Contra
1574 2472 1673 2518 apud

191 2525 381 2564 Valerium
403 2540 515 2565 verae
543 2528 759 2574 Chalciopes
785 2530 869 2563 sunt
891 2530 1018 2574 partes
1042 2529 1178 2566 nullae.

287 2586 366 2624 159.
414 2589 622 2633 nequiquam
647 2591 830 2622 nutantem
854 2587 877 2622 i.
895 2598 927 2625 e.
950 2587 1015 2628 ita,
1039 2589 1082 2623 ut
1098 2588 1147 2629 id,
1166 2590 1262 2634 quod
1278 2589 1360 2624 vult
1376 2589 1480 2631 Iuno,
1506 2591 1671 2626 nondum

193 2643 385 2682 efficiatur.

1620 390 1732 419 ·145

1677 708 1731 737 150
