1890 3100
246 214 332 257 384
403 225 407 230 ·
793 212 829 248 c.
856 212 1037 248 VALERI
1061 213 1236 249 FLACCI

352 331 444 370 inde
473 345 549 370 nec
578 331 771 370 audacem
798 332 1003 371 Bacchum
1032 346 1108 371 nec
1135 333 1287 372 Persea
1319 346 1448 384 reges.

356 396 428 435 sed
456 410 520 435 me
549 396 658 435 nuda
685 396 785 435 fides
816 398 1024 450 sanctique
1053 399 1234 450 potentia
1260 398 1354 436 iusti

352 462 431 500 huc
459 462 552 500 tulit
580 476 627 500 ac
655 462 776 500 medii
805 463 992 501 sociatrix
1022 463 1151 515 gratia
1178 464 1326 511 Phrixi,

353 527 512 579 iamque
541 527 614 565 tibi
642 533 779 566 nostra
807 529 932 579 geniti
961 528 1010 567 de
1049 529 1170 580 stirpe
1199 533 1380 580 nepotes.
1735 530 1789 560 500

354 606 429 631 nec
457 599 593 631 tamen
623 598 691 631 aut
718 593 917 645 Phrygios
946 607 1064 645 reges
1095 600 1163 632 aut
1192 607 1288 632 arva
1315 593 1482 632 furentis

352 658 579 709 Bebryciae
610 658 860 710 spernendus
891 659 977 697 adi:
1006 673 1078 698 seu
1107 659 1248 697 fraude
1276 659 1431 711 petivit,

355 737 427 762 seu
457 724 544 776 quis
575 723 728 762 honore
757 737 881 771 meoS‚
919 738 992 763 sua
1019 724 1177 763 reddita
1206 724 1311 763 dona
1339 723 1539 776 deumque

354 802 426 827 nos
456 802 584 840 genus
614 794 734 841 atque
764 795 890 828 ratem
919 803 1088 840 magnae
1128 803 1291 828 sensere
1319 790 1539 828 Minervae.

351 854 420 891 vix
448 853 610 892 tandem
639 854 770 905 longis
801 855 1024 906 quaesitam
1054 854 1250 894 Colchida
1276 855 1380 893 votis
1734 865 1788 894 505

352 919 602 970 contigimus,
635 919 875 971 qualemque
905 919 1027 958 dabat
1054 925 1094 958 te
1123 920 1230 958 fama
1257 919 1451 958 videmus.

351 990 395 1022 tu
423 983 541 1022 modo
570 998 621 1022 ne
652 984 780 1022 claros
808 985 957 1036 Minyis
986 985 1177 1024 invideris
1207 991 1331 1033 actus,

352 1062 432 1087 non
462 1050 594 1088 aliena
621 1055 715 1101 peto
745 1050 914 1088 terrisve
943 1049 1123 1088 indebita
1151 1051 1307 1089 nostris.

353 1115 476 1167 siquis
515 1120 555 1153 et
588 1115 630 1153 in
664 1115 849 1167 precibus
886 1129 983 1154 vero
1013 1116 1124 1154 locus
1182 1144 1523 1154 ......

352 1211 1095 1220 ............
1139 1186 1260 1233 atque
1290 1194 1339 1219 ea
1365 1181 1513 1219 Phrixo

353 1246 471 1284 crede
503 1245 598 1293 dari,
628 1246 819 1284 Phrixum
849 1246 899 1284 ad
929 1247 1078 1298 patrios
1109 1260 1158 1285 ea
1185 1246 1290 1285 ferre
1318 1251 1498 1298 penates.
1735 1257 1790 1286 510

351 1325 518 1350 munera
545 1317 588 1350 tu
618 1317 756 1350 contra
783 1313 931 1350 victum
961 1312 1056 1350 mihi
1084 1318 1202 1350 vecta
1229 1325 1301 1363 per
1329 1324 1480 1364 aequor

243 1448 367 1484 Iason.
417 1458 516 1493 reyes
553 1449 681 1483 autem
718 1447 889 1483 dicuntur
935 1449 1083 1489 heroes,
1122 1449 1165 1482 ut
1202 1447 1348 1493 saepius
1390 1447 1631 1492 Argonautae
1662 1445 1734 1492 ipsi

243 1507 272 1549 Ι,
296 1508 382 1550 203;
401 1507 488 1550 342;
515 1507 582 1549 ΙΙΙ,
610 1507 672 1550 28;
701 1507 787 1549 173;
814 1507 899 1549 504;
927 1507 988 1552 IV,
1015 1507 1093 1542 543.

340 1578 421 1615 498.
472 1579 588 1614 saneti
612 1600 660 1605 —
685 1579 795 1614 iusti?
822 1589 871 1613 an
896 1579 1008 1614 imis?
1545 1621 1549 1624 .

342 1638 422 1673 499.
472 1638 579 1673 medii
603 1659 648 1664 -
675 1638 823 1679 Phrioei;
851 1637 915 1673 cfr.
936 1637 1045 1682 Verg.
1074 1638 1165 1672 Aen.
1192 1636 1274 1677 VII,
1297 1636 1366 1671 536
1385 1637 1468 1671 dum
1482 1636 1569 1680 paci
1585 1635 1736 1671 mediwm

245 1708 282 1733 se
307 1698 419 1740 offert.

340 1757 422 1793 500.
470 1756 554 1792 Non
587 1756 731 1792 curavit
754 1758 877 1802 poeta,
911 1756 1009 1802 quod
1034 1756 1145 1791 Iason
1177 1755 1270 1791 scire
1302 1766 1374 1790 non
1404 1755 1567 1800 poterat,
1592 1754 1735 1790 Aeetae

247 1828 291 1852 ex
316 1816 454 1852 Phrixo
480 1816 556 1851 iam
581 1817 734 1862 nepotes
762 1827 852 1852 esse.

342 1888 421 1923 502.
473 1888 534 1922 adi
557 1887 580 1924 i.
608 1899 639 1923 e.
664 1887 839 1932 precibus
865 1886 950 1926 adii,
979 1887 1026 1922 de
1052 1885 1173 1921 forma
1198 1885 1284 1921 vide
1316 1885 1458 1921 Kuehn.
1492 1896 1642 1930 gramm.
1668 1884 1734 1920 lat.

244 1947 273 1988 Ι,
304 1947 323 1993 ξ
351 1947 430 1989 191,
456 1947 512 1988 5a,
541 1946 588 1982 de
614 1946 804 1982 sententia
828 1945 894 1981 cfr.
921 1945 1031 1991 Verg.
1059 1948 1148 1981 Aen.
1174 1944 1257 1985 VII,
1285 1945 1355 1979 235
1380 1955 1483 1991 seqq.

343 2006 423 2041 506.
450 2007 654 2051 qualemque
679 2006 787 2041 dabat
812 2010 845 2040 te
867 2006 977 2048 fama,
1006 2005 1071 2042 cfr.
1099 2015 1212 2050 supra
1238 2004 1284 2039 ad
1311 2004 1391 2041 218.
1884 2030 1890 2055 1

343 2065 423 2100 508.
468 2070 553 2110 peto
581 2085 622 2091 -—
651 2065 825 2101 indebita:
852 2065 961 2109 Vel-g.
987 2064 1078 2099 Aen.
1105 2063 1167 2105 VI,
1194 2063 1251 2098 66.
1884 2058 1890 2082 ·“

346 2136 426 2173 509.
476 2136 682 2181 Postquam
718 2148 786 2182 pro
819 2148 884 2171 suo
921 2135 1000 2171 iure
1025 2135 1136 2170 Iason
1169 2146 1208 2170 so
1241 2134 1357 2169 vellus
1387 2134 1516 2179 petere
1548 2132 1651 2178 dixit,
1683 2133 1739 2168 his

250 2196 375 2231 verbis
403 2196 517 2231 etiam
541 2207 671 2241 preces
707 2195 830 2230 addit:
870 2195 1047 2231 editorum
1080 2194 1179 2230 solus
1204 2194 1396 2229 Baehrens
1422 2193 1492 2228 hoc
1517 2192 1740 2228 intellexisse

249 2255 408 2296 videtur,
437 2267 520 2290 cum
546 2260 650 2300 atque
674 2254 875 2290 mutaverit
899 2254 937 2289 in
963 2265 1056 2296 ecce;
1084 2253 1149 2289 sed
1175 2264 1295 2297 neque
1321 2253 1392 2288 hoc
1423 2262 1601 2296 magnum
1625 2251 1741 2288 habet

249 2314 560 2361 probabilitatem
586 2316 624 2350 et
650 2314 765 2350 etiam
789 2314 826 2349 id
851 2314 1126 2349 incommodum
1151 2314 1218 2353 est,
1246 2312 1346 2358 quod
1367 2322 1408 2346 ea
1426 2322 1631 2356 pronomen
1647 2310 1740 2345 nihil

249 2374 368 2410 habet
406 2385 478 2418 quo
516 2373 708 2414 referatur,
749 2384 864 2418 quare
898 2372 1070 2417 equidem
1095 2373 1197 2417 puto,
1231 2378 1356 2416 partes
1388 2370 1543 2406 duorum
1567 2381 1739 2405 versuum
1874 2342 1890 2446 1

250 2433 439 2477 excidisse,
464 2433 503 2467 in
529 2432 661 2477 quibus
687 2432 834 2468 velleris
860 2432 1067 2477 (vellerum)
1094 2430 1234 2466 mentio
1259 2430 1386 2465 fiebat.
1410 2467 1413 2470 ,
1872 2444 1890 2503 Β

344 2503 425 2528 vero
462 2491 639 2527 inusitato
677 2491 759 2527 loco
799 2491 1040 2535 collocatum,
1081 2490 1181 2525 cuius
1218 2489 1271 2524 rei
1311 2499 1536 2534 quamquam
1579 2487 1740 2523 alterum
1872 2498 1890 2537 (ᾖ

249 2552 459 2597 exemplum
485 2551 585 2596 apud
610 2550 798 2586 Valerium
823 2562 898 2585 non
923 2549 1116 2594 reperitur,
1142 2550 1281 2589 tamen,
1309 2558 1401 2593 quae
1426 2548 1483 2582 est
1502 2538 1578 2582 'eius
1595 2558 1734 2592 magna
1869 2522 1890 2596 ff

248 2612 442 2647 verborum
471 2610 772 2646 collocandorum
796 2609 959 2650 licentia,
987 2620 1060 2644 non
1085 2608 1219 2643 mirum
1244 2607 1401 2642 videtur.
1792 2596 1796 2602 ⁴
1868 2595 1880 2638 ἓ

343 2683 423 2718 511.
474 2683 604 2717 victum
630 2692 710 2717 esse
736 2692 873 2725 aequor
899 2692 921 2715 a
945 2679 1072 2726 primis
1090 2679 1322 2725 potissimum
1339 2677 1462 2712 nautis
1488 2676 1623 2713 merito
1637 2688 1733 2729 §.con-
