1890 3100
232 252 287 295 70
756 250 792 286 c.
820 250 1001 287 VALERI
1026 252 1200 289 FLACCI

336 383 411 409 nec
440 371 567 422 potuit
597 371 747 410 similes
776 372 955 412 voluitve
987 373 1165 413 ediscere
1196 375 1343 414 vultus.

335 441 419 474 tum
447 436 582 474 valida
612 436 834 488 Clymenus
863 452 1054 490 percusso
1084 446 1246 492 pectore
1282 447 1399 493 tonsa
1427 461 1507 483 m

334 501 458 540 frater
487 507 526 540 et
554 502 731 554 Iphiclus
760 517 935 556 puppem
963 506 1095 553 trahit,
1128 512 1167 544 et
1195 506 1283 545 face
1314 520 1437 545 saeva
1721 517 1776 547 370

335 567 376 604 in
404 572 474 605 tua
502 581 594 606 mox
622 568 789 606 Danaos
819 575 980 608 acturus
1011 584 1119 618 saxa,
1152 571 1378 623 Caphereu,
1452 572 1529 602 §ms
1550 568 1756 605 '⁶¹24's55-s(
1773 571 1867 611 *53³3

333 632 544 684 Nauplius,
576 639 616 672 et
644 639 792 673 tortum
821 648 901 673 non
930 650 954 674 a
981 636 1078 675 Iove
1108 637 1262 676 fulmen
1292 637 1435 676 Oileus

334 698 401 750 qui
430 704 576 754 gemet,
612 699 816 738 Euboicas
846 707 940 739 nato
970 701 1163 757 stridente
1194 716 1265 754 per
1293 703 1433 750 undas,
1504 699 1579 743 ;-’.,

171 779 226 809 378
333 768 464 803 tectus
491 751 546 803 es
560 765 763 816 Eurytion
792 772 950 805 servato
981 767 1085 806 colla
1115 768 1270 820 capillo,
1571 756 1580 764 γ’
1713 747 1722 796 i

319 924 375 960 De
401 924 558 970 geminis
583 926 785 971 tantopere
810 926 910 962 inter
943 938 982 962 se
1021 927 1212 969 similibus,
1250 930 1293 963 ut
1318 929 1442 964 vultus
1482 941 1610 965 eorum
1648 930 1719 965 dis-

224 984 326 1019 cerni
350 996 425 1020 non
450 985 595 1030 possint
621 984 687 1021 cfr.
713 985 827 1020 Plaut
852 986 950 1023 Men.
975 987 1070 1032 prol.
1099 987 1142 1022 19
1168 999 1287 1034 seqq.;
1315 988 1426 1034 Verg.
1445 991 1535 1025 Aen.
1562 989 1604 1031 X,
1632 989 1718 1032 3923

223 1042 285 1078 Sil.
314 1046 362 1085 11,
388 1044 458 1079 636
484 1055 603 1089 seqq.;
630 1045 723 1080 Stat.
745 1044 863 1081 Theb.
889 1045 952 1087 IX,
980 1045 1066 1088 295;
1086 1046 1222 1082 Lucan.
1249 1047 1318 1089 ΙΙΙ,
1345 1048 1416 1083 605
1442 1059 1559 1093 seqq.;
1589 1048 1718 1085 Claud.

224 1102 270 1138 de
297 1102 356 1138 IV.
386 1115 482 1138 cons.
502 1103 596 1140 Hon.
621 1103 692 1138 209
718 1115 794 1149 seq.

318 1174 399 1210 368.
451 1175 601 1210 ediscere
625 1176 760 1210 vultus:
788 1175 898 1220 Verg.
925 1176 1018 1212 Aen.
1044 1177 1107 1219 VI,
1141 1178 1219 1212 755.

316 1245 386 1280 369
412 1257 487 1290 seq.
505 1258 574 1292 pro
594 1246 758 1292 Clymeno
775 1246 993 1293 Apollonius
1013 1247 1176 1293 Clytium
1192 1249 1363 1284 nominat
1379 1249 1408 1291 Ι,
1427 1249 1490 1292 86;
1515 1251 1616 1286 unde
1636 1251 1719 1296 Cly—

220 1316 372 1340 menum
389 1305 523 1351 Iphicli
548 1305 707 1341 fratrem
733 1307 930 1352 sumpserit
947 1307 1128 1350 Valerius⁷
1156 1308 1336 1351 nescitur;
1364 1309 1464 1355 apud
1483 1309 1719 1356 Apollonium
1764 1309 1767 1311 “

222 1363 363 1409 Clytius
404 1366 460 1400 est
498 1365 617 1400 frater
643 1365 760 1411 Iphiti
799 1366 963 1408 alterius,
1003 1378 1114 1412 quem
1152 1368 1190 1403 et
1227 1367 1349 1413 ipsum
1373 1368 1544 1404 Valerius
1582 1370 1717 1407 omisit.

222 1422 419 1468 Clymenus
457 1424 673 1460 nominatur
710 1426 811 1471 apud
836 1426 1106 1471 Apollodorum
1131 1427 1177 1469 ΙΙ,
1205 1427 1238 1469 4,
1267 1428 1321 1472 11,
1349 1428 1371 1462 2
1396 1439 1462 1464 rex
1495 1429 1715 1475 Minyarum,

220 1481 286 1517 cfr.
324 1483 482 1518 Pausan.
515 1484 580 1525 IX,
607 1484 662 1526 37,
692 1485 728 1526 1;
771 1486 882 1530 pater
919 1485 1048 1531 Ergini
1085 1486 1328 1531 Argonautae
1367 1487 1504 1523 dicitur
1542 1500 1563 1523 a
1601 1489 1716 1527 schol.

219 1541 342 1587 Apoll.
368 1543 397 1584 Ι,
427 1543 510 1578 185;
539 1543 606 1578 cfr.
632 1543 740 1580 Pind.
768 1543 913 1590 Olymp.
940 1544 1002 1586 IV,
1029 1545 1086 1580 31.

315 1614 476 1658 Iphiclus
500 1614 541 1656 is,
581 1613 644 1659 qui
668 1615 740 1650 hoc
764 1615 847 1651 loco
874 1627 895 1650 a
921 1615 1071 1652 Valerio
1099 1619 1422 1660 commemoratur,
1462 1619 1519 1654 est
1544 1618 1715 1655 Thestia-

219 1672 285 1709 des
310 1673 432 1719 Apoll.
460 1677 487 1714 Ι,
515 1674 600 1716 201;
628 1674 723 1720 Hyg.
752 1675 796 1709 14
823 1674 998 1720 ‘Iphiclus
1025 1676 1122 1712 alter
1148 1676 1292 1712 Thestii
1317 1677 1436 1720 filius',
1464 1677 1631 1714 diversus
1665 1679 1712 1714 ab

218 1732 363 1778 Iphiclo
389 1733 573 1769 avunculo
598 1734 750 1776 Iasonis,
779 1734 841 1779 qui
867 1746 889 1770 a
914 1734 996 1770 Val.
1022 1735 1092 1770 473
1118 1736 1341 1778 nominatur,
1380 1749 1414 1773 v.
1453 1737 1499 1772 45
1526 1737 1574 1774 ab
1599 1738 1714 1784 Apol-

217 1791 329 1829 lonio.
373 1796 500 1837 pectus
534 1794 738 1837 percutitur
776 1805 860 1829 cum
902 1794 949 1829 ad
992 1794 1031 1829 id
1073 1806 1195 1831 remus
1238 1796 1445 1831 attrahitur
1452 1810 1460 1839 ;
1499 1798 1612 1833 trahit
1644 1809 1714 1844 pro

217 1852 376 1893 trahunt,
405 1851 471 1887 cfr.
499 1852 548 1887 ad
573 1865 607 1888 v.
637 1853 715 1888 135.

311 1922 391 1958 371.
435 1924 491 1959 De
532 1924 693 1970 Nauplio
736 1926 889 1961 auctore
940 1925 1129 1971 naufragii
1175 1926 1301 1977 classis
1344 1927 1561 1963 Danaorum
1602 1923 1713 1964 Troia

215 1983 453 2018 redeuntium
478 1983 646 2019 narratio
673 1985 773 2021 nota.
823 1985 874 2019 At
899 1985 1117 2030 Apollonius
1143 1997 1218 2021 non
1243 1987 1341 2022 hunc
1366 1986 1568 2033 Nauplium
1593 1987 1711 2032 Argo-

215 2043 371 2077 nautam
413 2054 493 2078 esse
536 2043 684 2079 dixerat
726 2044 794 2078 134
836 2055 955 2089 seqq..
1007 2045 1074 2080 sed
1117 2044 1311 2090 Argivum,
1362 2046 1479 2082 filium
1521 2046 1710 2091 Clytonei‚

214 2101 434 2147 progeniem
459 2102 626 2148 Neptuni
659 2104 699 2138 et
723 2106 965 2149 Amymones;
1005 2105 1100 2149 Hyg.
1129 2103 1203 2140 fab.
1234 2105 1277 2140 14
1314 2105 1437 2151 ipsum
1469 2105 1587 2141 filium
1610 2105 1711 2152 Nep-

219 2160 302 2195 tuni
327 2161 507 2196 nominat.

310 2231 392 2268 372.
440 2237 551 2278 yemet
589 2233 718 2277 Oileus,
758 2234 857 2279 quod
882 2234 1062 2276 Minerva,
1103 2235 1190 2270 Iove
1229 2235 1358 2277 minor,
1398 2236 1556 2272 fulmine
1591 2235 1710 2272 filium

212 2291 386 2336 percutit.
436 2296 521 2327 nato
552 2293 723 2328 stridente
741 2305 810 2338 per
834 2294 953 2329 undas
979 2294 1026 2329 de
1052 2294 1206 2330 vulnere
1234 2295 1425 2341 explicant
1449 2295 1641 2331 Burmann
1672 2296 1711 2332 et

212 2349 380 2396 Wagner
406 2350 489 2386 coll.
517 2354 585 2391 ΙΙΙ,
614 2352 692 2393 278,
721 2364 791 2397 ego
817 2352 964 2388 ratione
989 2352 1063 2388 loci
1087 2353 1296 2399 Vergiliani
1321 2355 1413 2390 Aen.
1440 2357 1469 2396 1,
1494 2355 1542 2390 44
1577 2354 1709 2390 habita

211 2409 339 2444 malim
363 2409 606 2455 interpretari
632 2411 679 2446 de
704 2411 819 2447 Aiace
845 2412 1014 2447 flammas
1041 2423 1086 2448 ex
1111 2413 1291 2448 transfixo
1316 2415 1471 2459 pectore
1499 2413 1706 2460 expirante.

307 2481 388 2518 378.
438 2481 636 2528 Eurytion,
669 2483 721 2517 Iri
752 2483 847 2518 filius
880 2483 1014 2529 (Apoll.
1043 2483 1074 2525 Ι,
1099 2484 1163 2525 72;
1204 2484 1299 2529 Hyg.
1327 2484 1404 2519 fab.
1433 2484 1502 2532 14),
1542 2485 1586 2520 ut
1611 2485 1705 2520 Bur·

211 2551 325 2575 mann
349 2541 453 2576 recte
480 2541 653 2587 explicat,
681 2542 847 2578 servavit
865 2541 1040 2587 capillum
1067 2554 1112 2578 ex
1137 2544 1237 2589 voto⁷
1263 2545 1305 2578 ut
1331 2544 1461 2586 aleret,
1489 2544 1608 2580 donec
1634 2545 1705 2580 sal-

211 2603 278 2635 vus
294 2599 482 2636 rediisset:
510 2600 558 2636 de
576 2612 618 2637 re
636 2601 703 2637 cfr.
721 2601 827 2637 Hom.
846 2601 889 2636 Il.
908 2601 1047 2642 ΧΧΙΙΙ,
1070 2601 1148 2636 144.
1193 2601 1366 2638 Ceterum
1392 2613 1475 2638 cum
1501 2603 1617 2639 etiam
1635 2604 1706 2639 hoc

210 2658 292 2695 loco
317 2659 579 2705 praedicatum
605 2660 711 2702 desit,
740 2661 839 2705 quod
858 2660 988 2701 deesse
1013 2671 1088 2695 non
1113 2660 1212 2702 licet,
1241 2661 1311 2696 378
1338 2662 1376 2696 et
1401 2661 1472 2696 379
1497 2661 1706 2708 interposui

210 2719 297 2763 post
321 2718 400 2759 373,
426 2718 481 2753 ita
508 2719 549 2754 ut
573 2720 685 2754 trahit
709 2719 970 2765 praedicatum
995 2718 1138 2764 pariter
1164 2719 1213 2754 sit
1234 2719 1474 2756 referendum
1492 2721 1541 2756 ad.
1560 2720 1704 2767 Clyme-

1600 621 1703 652 Mrv-
1734 628 1772 658 tf,
1789 629 1850 665 242
