1890 3100
611 204 999 244 ARGONAVTICON
1021 203 1168 238 LIBER
1194 203 1223 237 Ι.
1602 204 1658 246 47

287 342 463 382 puppem
490 327 636 365 umeris
665 325 838 364 subeunt
866 330 907 362 et
933 328 1044 361 tento
1072 322 1225 374 poplite
1254 322 1368 373 proni
1501 366 1512 373 „
1662 333 1714 363 185

289 393 502 432 decurrunt
529 392 756 441 intrantque
784 389 942 426 fretum.
997 401 1078 424 non
1106 385 1254 424 clamor
1281 385 1435 423 anhelis
1439 366 1484 453 ἓ
1659 384 1661 387 “

288 458 470 496 nauticus
499 461 567 494 aut
593 454 764 493 blandus
791 452 995 491 testudine
1024 451 1151 490 defuit
1179 450 1378 503 Orpheus.

289 529 373 561 tum
399 521 497 560 laeti
525 524 704 559 statuunt
731 531 834 556 aras.
889 517 973 564 tibi,
1003 522 1135 555 rector
1162 528 1364 567 aquarum,
1400 567 1401 570 Ἴ

291 600 465 625 summus
492 586 630 631 honor,
660 583 734 622 tibi
762 582 958 621 caeruleis
986 582 1027 619 in
1055 581 1171 619 litore
1199 580 1308 629 vittis
1398 559 1425 608 L

290 658 331 690 et
358 651 553 703 Zephyris
584 649 819 700 Glaucoque
847 647 992 685 bovem
1019 645 1262 698 Thetidique
1290 645 1499 683 iuvencam
1664 658 1717 687 190

242 744 253 754 .
290 716 409 755 deicit
435 715 634 753 Ancaeus.
690 726 770 751 non
797 712 867 750 illo
897 712 1040 750 certior
1068 711 1170 749 alter

287 781 452 834 pinguia
477 779 636 818 letifera
653 778 901 831 perfringere
931 776 1035 815 colla
1061 775 1237 828 bipenni.
1303 822 1308 826 .
1344 819 1362 826 --

287 847 375 899 ipse
402 851 464 883 ter
491 857 690 896 aequoreo
718 843 848 880 libans
878 839 1083 880 carchesia
1109 841 1212 893 patri
1238 827 1343 885 ζέ””’“’-·’

290 911 346 949 sic
374 911 430 948 ait
456 908 703 948 Aesonides:
734 913 768 945 ‘o
790 907 857 959 qui
886 906 1111 959 spumantia
1138 911 1238 943 nutu

288 989 414 1026 regna
443 975 572 1027 quatis
599 979 807 1024 terrasque
838 971 922 1010 salo
953 971 1228 1023 complecteris
1259 983 1408 1016 omnes,
1666 983 1718 1012 195

184 1122 383 1159 Herculem
407 1133 448 1157 re
472 1132 563 1157 vera
589 1121 722 1156 ducem
749 1118 866 1154 fuisse
906 1118 1065 1153 tradidit
1102 1119 1142 1153 et
1182 1117 1372 1153 Nicander
1402 1118 1501 1152 teste
1525 1116 1661 1152 Anton.

184 1181 267 1218 Lib.
293 1193 323 1217 c.
349 1181 396 1215 26
422 1180 478 1217 ed.
503 1180 784 1221 Westermann;
811 1177 878 1213 cfr.
904 1177 1011 1212 Diod.
1038 1177 1100 1222 IV,
1125 1177 1183 1217 41,
1211 1177 1244 1211 3.

302 1239 454 1285 Minyae
507 1238 749 1274 nominantur
785 1238 1027 1282 Argonautae
1063 1235 1257 1282 permultis
1298 1235 1389 1271 locis
1432 1246 1455 1269 a
1494 1234 1662 1277 Valerio;

185 1299 247 1344 sic,
272 1301 315 1333 ut
339 1298 430 1334 alios
456 1298 639 1339 omittam,
667 1297 767 1342 apud
783 1296 889 1332 Pind
908 1296 1018 1341 Pyth.
1045 1295 1105 1340 IV
1134 1295 1201 1329 122
1228 1296 1267 1330 et
1292 1294 1394 1340 apud
1410 1293 1659 1339 Apollonium,

185 1358 247 1403 qui
277 1369 426 1393 causam
449 1356 607 1392 nominis
633 1355 745 1391 affert
769 1355 796 1397 L
823 1355 894 1392 229
919 1366 1039 1399 seqq.;
1084 1353 1150 1390 cfr.
1176 1354 1272 1399 Hyg.
1299 1353 1374 1388 fab.
1402 1353 1462 1395 14;
1489 1352 1589 1388 Serv.
1615 1322 1669 1387 ad

183 1416 295 1461 Verg.
320 1416 387 1452 ecL
413 1415 474 1457 IV,
499 1415 562 1458 34;
601 1416 640 1450 et
675 1414 798 1449 verius
830 1413 1085 1458 disputantem
1109 1413 1252 1448 Preller
1294 1412 1333 1447 in
1358 1423 1481 1457 graec.
1507 1412 1664 1457 Mythol.

183 1474 247 1517 ΠΒ,
273 1475 352 1510 310.

234 1570 237 1573 ,
301 1533 380 1569 185.
393 1532 507 1568 Navis
521 1531 783 1568 deductionem
797 1531 913 1566 fusius
929 1530 1107 1566 describit
1119 1530 1290 1576 Apollon.
1305 1530 1332 1574 L
1347 1530 1416 1565 363
1430 1541 1530 1575 seqq.
1542 1543 1550 1572 ;
1565 1530 1665 1575 apud

183 1592 312 1629 Silium
334 1592 398 1639 XI,
422 1592 493 1626 472
519 1593 558 1627 et
574 1591 670 1628 Stat.
687 1591 804 1626 Theb.
823 1590 864 1635 V,
892 1590 963 1625 340
988 1601 1088 1634 seqq.
1116 1591 1230 1625 cantu
1255 1589 1395 1635 Orphei
1418 1600 1522 1625 mare
1548 1588 1664 1623 addu-

185 1651 292 1692 citur,
317 1653 361 1686 ut
384 1661 520 1687 navem
543 1650 679 1686 subeat
702 1650 906 1694 vehatque3
946 1648 1012 1686 cfr.
1041 1649 1153 1694 Orph.
1190 1649 1327 1694 Argon.
1352 1648 1441 1690 242;
1468 1648 1569 1695 apud
1592 1650 1664 1685 Va-

181 1709 315 1746 lerium
356 1709 463 1745 labor
502 1709 666 1745 virorum
707 1710 820 1744 cantu
844 1709 995 1743 tantum
1023 1708 1223 1743 adiuvatur
1246 1707 1358 1752 idque
1382 1707 1499 1742 multo
1523 1707 1664 1743 melius.

184 1769 392 1805 Clamorem
421 1768 621 1813 nauticum,
659 1779 883 1813 quamquam
916 1767 1107 1802 Burmann
1130 1767 1294 1812 negavit,
1320 1767 1399 1802 sine
1425 1766 1537 1802 dubio
1562 1767 1664 1802 recte

181 1827 331 1864 Vossius
354 1827 540 1863 intellexit
563 1838 740 1873 graecum
764 1826 940 1872 κέλευσμα.

301 1886 380 1922 190.
406 1886 561 1932 Zephyri
590 1885 751 1922 fortasse
783 1886 932 1932 poetica
969 1885 1115 1920 ratione
1140 1885 1380 1920 nominantur
1415 1884 1563 1920 omnino
1594 1896 1664 1930 pro

183 1945 316 1990 ventis,
339 1945 406 1981 sed
428 1945 552 1990 potuit
567 1944 735 1981 Valerius
762 1944 877 1980 etiam
901 1955 1042 1980 memor
1069 1955 1148 1979 esse
1173 1943 1245 1979 loci
1261 1943 1466 1989 Vergiliani
1478 1943 1567 1979 Aen.
1595 1943 1662 1985 ΙΠ,

186 2004 264 2046 120,
289 2004 355 2039 ubi
381 2004 428 2039 de
452 2004 636 2039 industria
660 2003 819 2049 Zephyri
843 2003 912 2039 soli
949 2003 1188 2039 nominantur
1212 2008 1394 2047 tanquam
1417 2002 1519 2038 lenes
1545 2004 1584 2037 et
1608 2013 1663 2037 se-

185 2062 296 2098 cundi
318 2062 434 2099 venti.
470 2062 636 2098 Glaucus·
654 2067 691 2098 et
721 2062 840 2098 Thetis
864 2063 907 2097 ut
930 2062 1124 2108 praecipui
1149 2061 1210 2097 dei
1234 2061 1370 2096 marini
1385 2063 1538 2107 praeter
1563 2061 1596 2096 N
1600 2072 1663 2106 ep-

183 2123 315 2157 tunum
339 2123 685 2163 commemorantur,
713 2121 779 2156 cfr.
805 2122 850 2163 II,
877 2121 956 2156 286.

302 2180 380 2216 191.
407 2181 510 2216 deicit
532 2180 556 2216 i.
575 2191 607 2217 e.
632 2180 766 2226 caedit,
790 2180 970 2222 immolat,
995 2182 1038 2215 ut
1051 2181 1096 2222 Π,
1114 2180 1200 2222 330;
1219 2179 1428 2215 accuratius
1445 2179 1664 2214 sacrificium

185 2239 364 2276 describit
394 2239 562 2285 Apollon.
601 2240 628 2281 I,
665 2239 735 2274 402
760 2250 871 2284 seqq,
910 2241 951 2274 ut
988 2239 1117 2280 multa,
1156 2239 1287 2284 quibus
1325 2239 1535 2274 doctrinam
1558 2250 1664 2274 suam

185 2298 371 2334 ostendat.
397 2297 492 2333 Tum
516 2298 616 2344 apud
639 2299 737 2333 hunc
762 2299 872 2334 Iason
896 2300 1072 2344 precatur
1096 2298 1320 2343 Apollinem,
1358 2299 1400 2332 ut
1422 2309 1556 2333 navem
1586 2309 1662 2333 sos-

183 2356 292 2403 pitet,
317 2368 401 2392 cum
423 2357 504 2403 ipse
529 2357 677 2393 oraculo
703 2357 879 2392 auxilium
890 2357 1113 2403 promiserit,
1140 2357 1218 2392 sine
1244 2357 1357 2392 dubio
1376 2358 1503 2392 autem
1526 2356 1664 2392 rectius

185 2416 286 2461 apud
307 2415 498 2452 Valerium
521 2415 725 2461 Neptunus,
753 2416 921 2452 dominus
945 2416 1068 2462 maris,
1092 2416 1322 2462 imploratur.

304 2474 384 2511 193.
409 2479 462 2510 ter
493 2495 536 2501 -—
575 2475 690 2510 libans
714 2475 909 2510 carchesia:
946 2475 1132 2511 ternarius
1157 2486 1330 2511 numerus
1355 2476 1397 2510 ut
1422 2485 1527 2509 sacer
1551 2484 1663 2519 saepe

186 2533 371 2579 reperitur
409 2533 448 2569 in
493 2534 646 2570 deorum
686 2533 1002 2575 invocationibus,
1044 2534 1148 2570 velut
1191 2533 1282 2569 Ciris
1308 2534 1394 2568 371:
1445 2538 1562 2578 terque
1600 2543 1662 2567 no-

186 2602 276 2628 vena
300 2592 387 2638 liqut
410 2593 542 2637 triplici
578 2592 718 2628 diversa
751 2593 863 2628 colore
887 2593 990 2628 Fila:
1027 2598 1081 2628 ter
1103 2594 1143 2628 in
1166 2594 1336 2638 yremium
1360 2603 1510 2633 mecum,
1536 2591 1661 2636 inquit,

188 2649 316 2696 despue
331 2651 447 2697 vir903
471 2651 549 2687 Iuv.
571 2653 639 2686 sat.
658 2651 719 2693 VI,
740 2651 824 2687 523:
852 2656 904 2687 ter
920 2653 1093 2687 matutino
1116 2652 1232 2687 Tiberi
1247 2655 1435 2696 'meryetum
1451 2651 1527 2685 Liv.
1546 2650 1662 2689 XXII,
