1890 3100
520 317 905 355 ARGONAVTIOON
929 317 1075 353 LIBER
1099 316 1162 352 Ἦ.
1418 301 1422 304 ⁴
1488 317 1578 361 453

207 451 327 491 quem
354 438 472 476 simul
499 438 637 488 ignota
663 436 872 476 formidine
900 436 1011 475 bella
1037 442 1267 474 moventem
1574 451 1636 481 535

204 502 304 541 vidit
330 503 453 550 Aron,
483 502 661 554 ‘pavidos
688 499 738 540 te’
768 502 896 553 inquit
925 506 1043 539 ‘nunc
1071 513 1160 539 rere
1186 500 1399 551 magistros

207 573 248 607 et
276 567 463 606 stolidum
491 567 656 619 petiisse
683 579 819 618 pecus.
875 579 957 604 non
982 578 1134 617 pascua
1160 578 1238 603 nec
1264 565 1338 603 bos

204 633 270 671 hic
297 632 370 671 tibi
397 637 628 678 nocturnus,
657 632 770 669 mitte
797 631 899 669 haec
927 629 1220 682 simulacraque
1247 629 1381 677 Panis,

204 711 308 736 neve
338 697 457 736 deum
484 697 581 734 mihi
606 696 732 747 finge3
761 695 861 734 deus
891 708 1050 747 quoque
1079 707 1246 733 consere
1275 694 1480 734 dextram’.

206 763 263 801 sic
291 763 346 800 ait
372 763 606 813 intentaque
634 760 812 799 adiutum
839 760 991 799 missile
1018 760 1157 812 planta
1312 767 1314 769 ’
1578 771 1633 801 540

206 827 339 878 dirigit
367 831 407 864 et
433 826 556 877 lapsis
583 830 799 877 patuerunt
824 825 994 863 vulnera
1019 824 1139 864 villis.

204 905 280 930 nec
306 891 436 929 minus
463 891 597 930 Aeolii
624 890 758 942 proles
786 891 931 929 Aeetia
957 890 1094 928 Phrixi

206 957 331 995 fertur
358 962 398 995 et
425 957 514 1008 ipsa
539 957 675 995 furens
705 970 751 995 ac
780 969 824 994 se
852 955 969 994 modo
997 955 1106 994 lacta
1134 954 1301 1007 Cytaeis

208 1021 443 1074 agminibuS,
472 1021 590 1060 modo
619 1021 798 1073 cognatis
828 1026 1002 1059 ostentat
1028 1020 1209 1060 Achivis.

204 1092 325 1139 atque
354 1088 428 1126 hos
455 1088 496 1126 in
523 1087 655 1126 medio
685 1087 772 1125 duri
800 1087 1025 1125 discrimine
1052 1086 1151 1125 belli
1580 1091 1641 1121 54⁵

205 1151 392 1191 laudibus
420 1153 542 1204 inque
569 1153 666 1204 ipsis
694 1151 876 1204 gaudens
904 1151 973 1190 ubi
1001 1151 1101 1190 vidit
1127 1151 1261 1198 Iason,

202 1217 358 1256 ‘macte’
389 1218 456 1264 ait,
486 1218 520 1255 ‘o
548 1223 726 1255 nostrum
755 1230 883 1268 genus
913 1222 954 1255 et
980 1217 1060 1255 iam
1088 1222 1198 1256 certa
1224 1229 1402 1268 propago

99 1299 166 1334 sed
189 1300 319 1335 tamon
344 1299 521 1334 audacius
546 1299 694 1346 scripsit
722 1299 892 1335 Valerius
937 1299 1093 1335 latere
1129 1299 1168 1334 in
1197 1299 1342 1334 terrore
1370 1300 1522 1334 Armeni
1556 1297 1582 1336 i.

100 1369 131 1394 e.
155 1357 196 1393 in
219 1357 339 1404 figura
361 1358 515 1394 terroris
538 1358 663 1404 plena.

193 1416 272 1452 535.
322 1420 455 1462 aqnota
470 1417 565 1459 Vat„
591 1418 715 1463 iynota
740 1417 797 1454 ed.
822 1417 932 1458 Iunt„
949 1417 973 1453 i.
990 1428 1022 1453 e.
1038 1416 1228 1457 inusitata,
1254 1415 1307 1451 sic
1324 1415 1447 1458 Quint.
1464 1415 1583 1452 instit.

101 1477 195 1512 orat.
219 1474 302 1522 VII,
329 1477 362 1521 3,
388 1475 434 1510 13
457 1476 575 1511 verba
598 1476 720 1511 minus
743 1476 885 1512 usitata
908 1476 1078 1512 nominat
1100 1476 1291 1521 iynotiora.

193 1535 276 1572 536.
322 1535 511 1580 muys-soros
534 1546 583 1570 sc.
609 1547 793 1581 pecorum„
819 1537 862 1570 ut
886 1535 969 1577 VII,
994 1535 1081 1578 400;
1106 1535 1216 1580 Verg.
1243 1545 1371 1580 georg.
1396 1533 1465 1575 ΠΙ,
1490 1533 1584 1577 445;

101 1592 196 1632 Stat.
219 1593 311 1631 Aah.
336 1593 384 1635 Π,
410 1594 472 1638 34;
511 1594 628 1630 Theb.
665 1594 731 1635 IX,
760 1594 844 1638 19ος
881 1594 1002 1630 Gratt.
1030 1605 1159 1640 cyneg.
1185 1593 1271 1636 32&
1308 1593 1395 1636 4363
1435 1592 1583 1639 Coripp.

99 1652 182 1689 Ioh.
206 1653 248 1694 V,
274 1653 345 1688 528
368 1653 416 1689 al.

194 1711 274 1747 537.
321 1723 430 1748 nanos
453 1712 539 1749 Vat.
563 1723 626 1748 nec
650 1713 711 1748 bos
736 1712 793 1749 ed.
819 1712 915 1749 Bon.
941 1714 979 1748 et
1002 1712 1087 1750 Ald.

30 1814 34 1816 -
195 1770 276 1808 538.
323 1772 506 1807 nocturnis
529 1771 625 1813 vat„
650 1776 846 1807 nocturnus
882 1772 940 1807 ed.
968 1772 1066 1814 Ald.;
1097 1772 1289 1807 simulacra
1313 1770 1410 1811 Vat„
1435 1771 1584 1806 simula-

33 1872 35 1874 ,
101 1840 229 1876 oraque
253 1829 310 1867 ed.
334 1830 425 1866 Bon.
451 1831 491 1866 et
513 1830 616 1873 Alth
643 1830 690 1866 de
714 1841 780 1875 que
794 1831 1012 1876 particulae,
1039 1841 1134 1876 quae
1157 1831 1255 1866 mitte
1270 1829 1493 1875 imperativo
1518 1829 1584 1864 ad-

101 1889 286 1926 nectenda
309 1888 393 1930 fuit,
417 1889 639 1925 traiectione
665 1889 731 1926 cfr.
759 1890 808 1924 ad
833 1890 864 1934 Ι,
889 1889 945 1926 49.

195 1947 276 1984 539.
325 1947 451 1984 devora
484 1948 580 1988 Vat„
618 1948 778 1983 deaetram
816 1949 873 1984 ed.
898 1949 1003 1989 Bon„
1042 1948 1109 1985 cfr.
1133 1950 1245 1993 Verg.
1284 1947 1374 1983 Aen.
1400 1946 1467 1989 IX,
1493 1946 1585 1990 741;

102 2010 356 2052 emm-atqu
378 2007 522 2042 dextras
545 2007 693 2052 scripsit
718 2006 858 2042 Statius
883 2007 963 2043 silv.
987 2008 1017 2049 I,
1043 2008 1075 2047 6,
1102 2007 1159 2043 60.

197 2065 278 2102 540.
327 2067 468 2102 intenta
491 2087 538 2092 —
559 2066 688 2110 planta
711 2065 811 2102 idem
836 2066 935 2111 quod
960 2066 1095 2102 obnixo
1119 2066 1230 2112 pede.

197 2124 278 2161 542.
320 2126 443 2170 proles
465 2126 593 2160 Aeetia
618 2126 765 2166 Pluvia-st
793 2136 838 2161 ex
861 2125 982 2161 tribus
1006 2125 1134 2160 Phrixi
1157 2125 1242 2160 filiis
1267 2125 1340 2160 duo
1361 2134 1582 2160 commemo-

54 2211 57 2234 3
103 2184 245 2225 rantur,
271 2183 333 2229 qui
355 2195 505 2230 pugnae
528 2183 787 2219 interfuerint:
820 2186 940 2229 Argus
964 2196 998 2220 v.
1026 2185 1095 2220 553
1120 2186 1159 2220 et
1183 2184 1301 2220 Melas
1325 2195 1361 2220 v.
1390 2182 1457 2218 196
1482 2194 1582 2229 seqq.

197 2242 280 2278 545.
327 2242 411 2278 duri
434 2243 635 2279 discrimine
659 2243 754 2285 belm
780 2242 846 2279 cfr.
872 2243 961 2280 Luc.
985 2244 1028 2285 V,
1056 2244 1135 2280 723.

199 2301 278 2337 546.
328 2302 493 2338 laudibus
528 2303 568 2338 in
603 2303 693 2346 ipsis
715 2301 738 2338 i.
766 2313 795 2338 e.
821 2302 859 2337 in
884 2303 995 2338 rebus
1029 2303 1280 2339 laudabilibus
1305 2306 1495 2350 gerendis;
1533 2306 1586 2342 sic

58 2378 60 2381 v
105 2359 185 2395 laus
208 2360 354 2406 saepius
378 2360 566 2397 invenitur
591 2361 742 2405 dictum,
779 2362 823 2396 ut
846 2361 958 2407 Verg.
988 2362 1080 2398 Aen.
1107 2362 1134 2405 L
1161 2363 1250 2406 461;
1277 2363 1379 2407 VIII,
1405 2366 1493 2408 2733
1518 2365 1584 2408 IX,

105 2419 195 2466 2523
218 2419 266 2461 X,
291 2419 382 2464 2823
409 2419 474 2456 Ov.
502 2431 545 2456 ex
571 2420 677 2456 Pont.
703 2419 764 2461 IV,
802 2419 835 2461 8,
860 2420 927 2463 453
951 2421 1015 2463 87;
1053 2422 1187 2458 consol.
1214 2423 1263 2458 ad
1288 2423 1364 2459 Liv.
1391 2425 1456 2467 443
1492 2424 1584 2461 Stat.

66 2506 69 2507 γ
106 2476 197 2514 Aah.
222 2480 252 2523 1,
277 2477 363 2521 2023
390 2478 451 2515 Sil.
476 2478 506 2523 Ι,
530 2479 611 2521 245.

201 2536 281 2573 547.
330 2541 363 2573 et
399 2538 472 2573 iam
503 2541 598 2573 certa
629 2548 794 2583 propago
818 2538 965 2574 Aeoliae
1000 2541 1174 2584 necopina
1200 2541 1344 2577 domus:
1376 2541 1451 2577 iam
1475 2542 1586 2579 video

106 2605 173 2631 vos
198 2596 340 2631 certam
362 2596 515 2632 Aeoliae
546 2597 675 2633 domus
710 2597 954 2642 propaginem
991 2610 1211 2645 quamquam
1235 2600 1387 2637 minime
1413 2603 1585 2647 expecta-

74 2662 77 2663 ’
106 2653 203 2698 tm;
239 2656 429 2699 necopinus
453 2655 630 2701 singulari
654 2655 806 2691 notione
842 2657 912 2692 hoc
936 2657 1019 2693 loco
1043 2658 1222 2704 scriptum
1248 2660 1314 2701 est,
1341 2660 1445 2705 quasi
1470 2660 1518 2695 sit
1543 2668 1586 2696 et

78 2707 195 2748 3nou
231 2712 376 2758 opinus;
414 2714 648 2759 aliquomodo
685 2714 804 2750 simile
842 2716 898 2750 est
935 2716 1033 2761 quod
1069 2717 1207 2763 legitur
1230 2718 1315 2754 bell.
1342 2719 1446 2755 Alex.
1484 2731 1511 2754 e.
1538 2719 1584 2753 63

78 2768 82 2773 “
108 2780 220 2817 nque
242 2772 471 2816 opinantibus
494 2773 653 2809 onmibuo
679 2794 721 2800 —
747 2775 912 2818 impetum
935 2775 1104 2817 fecer-unt.

81 2841 84 2844 ’
1302 2835 1367 2870 29*
