1890 3100
217 269 302 312 140
741 268 779 305 e.
804 268 984 303 VALERI
1009 267 1183 304 FLAOOE

320 387 413 425 hinc
441 387 580 426 reduci
610 401 775 438 superas
804 393 1014 440 postquam
1042 393 1158 439 pater
1185 388 1325 426 adnuit
1355 402 1479 436 arces,

320 453 493 491 Lemnos
524 466 616 490 cara
645 452 731 500 deo,
761 466 837 491 nec
865 453 970 491 fama
998 454 1127 491 notior
1154 453 1287 492 Aetne
1717 466 1753 496 95

319 523 387 556 aut
415 518 580 569 Lipares
610 518 768 556 domus:
799 518 871 556 has
902 518 1053 569 epulas,
1084 519 1184 557 haec
1213 519 1364 570 templa
1393 525 1558 570 peracta

319 583 462 634 aegide
493 588 533 621 et
561 583 733 621 horrifici
760 583 937 621 formatis
966 583 1142 621 fulminis
1173 584 1245 622 alis

317 648 448 686 laetus
479 648 578 686 adit:
609 654 745 686 contra
773 649 941 687 Veneris
973 654 1051 686 stat
1078 648 1223 700 frigida
1252 663 1409 701 semper

319 726 387 751 ara
413 713 514 760 loco,
544 714 706 751 meritas
735 719 947 765 postquam
977 713 1053 751 dea
1082 714 1262 765 coniugis
1291 715 1369 752 iras

318 778 470 816 horruit
500 773 540 817 et
566 779 714 817 tacitae
742 779 912 817 Martem
941 784 1108 817 tenuere
1139 785 1318 818 catenae.
1701 788 1754 817 100

318 844 504 896 quocirca
533 844 648 882 struit
675 843 746 881 illa
773 844 886 882 nefas
915 844 1148 896 Lemnoque
1178 846 1348 883 merenti

319 909 484 947 exitium
512 909 656 947 furiale
684 914 836 957 movet;
867 922 998 961 neque
1028 898 1106 947 iam
1127 910 1240 958 ,alma
1267 910 1395 948 videri

317 979 412 1012 tunc
441 980 534 1012 avet
564 979 631 1012 aut
659 975 778 1012 tereti
807 975 957 1012 crinem
987 974 1236 1017 subnectitur
1265 989 1374 1023 auro,

319 1039 496 1077 sidereos
527 1039 672 1078 diffusa
700 1040 828 1087 sinus3
859 1039 948 1077 odio
979 1040 1102 1078 effera
1131 1034 1175 1091 et
1199 1041 1342 1091 ingens

209 1185 431 1224 cunctantur;
459 1181 540 1223 VII,
570 1182 589 1216 1
615 1185 821 1216 cunctantes
850 1181 950 1227 Tyrii
968 1178 1171 1226 primordia
1196 1182 1275 1217 belli
1293 1183 1458 1227 Iuppiter
1474 1183 1573 1218 haud
1588 1194 1698 1228 aequo

208 1242 364 1285 respexit
388 1241 491 1276 corde
516 1242 695 1286 Pelasyos.
1154 1280 1158 1283 ⁴

305 1300 361 1336 94.
413 1301 495 1335 hine
519 1300 760 1335 referendum
786 1300 835 1334 ad
860 1300 1010 1335 Lemnos
1035 1311 1131 1336 cara.

305 1359 362 1395 96.
412 1360 478 1394 has
503 1361 627 1404 epulas
651 1359 673 1394 i.
700 1371 731 1395 e.
758 1359 865 1394 huius
883 1359 965 1400 loci,
984 1359 1128 1395 insulae
1155 1355 1293 1405 epulas,
1319 1360 1362 1394 ut
1385 1361 1443 1396 hic
1467 1362 1617 1396 nuntius
1642 1362 1699 1397 est

209 1419 362 1454 nuntius
388 1419 496 1454 huius
523 1419 589 1454 rei.

306 1478 363 1514 97.
414 1478 592 1513 Fulminis
618 1480 698 1513 alae
724 1479 880 1514 eaedem
905 1479 1001 1520 sunt,
1029 1490 1119 1523 quos
1144 1479 1267 1514 radio-s·
1283 1479 1453 1515 nominat
1470 1479 1580 1524 Verg.
1605 1479 1695 1516 Aen.

209 1537 311 1579 VIII,
339 1537 428 1584 4293
471 1538 538 1573 sed
563 1538 642 1572 alae
667 1537 814 1573 fulmini
838 1537 1056 1572 tribuuntur
1082 1537 1196 1573 etiam
1221 1537 1312 1574 Aen.
1342 1538 1380 1580 V,
1408 1538 1493 1581 319;
1526 1538 1607 1574 Val.
1637 1538 1696 1581 VI,

212 1596 274 1638 56;
304 1596 431 1631 Claud.
459 1597 506 1632 de
532 1598 630 1642 rapt.
656 1597 759 1634 Pros.
785 1597 832 1639 ΙΙ,
860 1598 941 1632 229.

305 1655 363 1692 99.
412 1656 557 1691 Alludit
580 1658 696 1701 poeta
722 1657 771 1691 ad
795 1658 925 1692 notam
942 1657 1094 1692 Homeri
1114 1657 1160 1696 de
1187 1668 1314 1693 amore
1331 1657 1485 1693 Veneris
1512 1658 1550 1693 et
1567 1657 1697 1692 Martis

210 1715 467 1751 narrationem
494 1715 561 1751 Od.
588 1715 689 1757 VIII,
717 1716 786 1750 266
812 1727 924 1760 seqq..
959 1715 1024 1751 cfr.
1053 1716 1117 1751 Ov.
1144 1717 1231 1752 met.
1259 1716 1322 1761 IV,
1354 1717 1423 1751 171
1455 1727 1569 1763 seqq.;
1602 1717 1698 1752 hanc

209 1774 374 1810 Lemniis
401 1775 592 1819 cognitam
619 1786 698 1810 esse
724 1775 833 1820 fingit
857 1776 981 1820 poeta,
1010 1775 1077 1811 cfr.
1103 1775 1215 1810 schol.
1244 1775 1338 1811 Stat.
1357 1775 1474 1811 Theb.
1491 1775 1533 1817 V,
1553 1775 1598 1811 59
1614 1776 1699 1820 quia

209 1833 426 1868 adulterium
455 1833 599 1869 Veneris
624 1835 663 1869 in
687 1835 853 1869 honorem
883 1833 1035 1869 Vulcani
1059 1834 1315 1870 damnaverant
1341 1834 1600 1881 (Lemniades),
1616 1835 1700 1871 inde

208 1893 311 1927 nulla
341 1892 486 1928 Veneris
510 1893 608 1928 sedes
633 1894 674 1928 in
698 1893 830 1928 Lemno
857 1897 916 1928 est.
1165 1938 1167 1943 1

308 1952 386 1987 100.
437 1953 568 1988 tacitae
593 1957 753 1999 catenae3
786 1953 877 1988 satis
916 1953 1097 1989 audacter
1131 1954 1201 1988 hoc
1238 1953 1321 1989 loco
1357 1954 1472 1999 poeta
1506 1953 1698 1989 notionem

208 2011 310 2046 taciti
333 2012 529 2046 transtulit
554 2012 603 2047 ad
629 2023 683 2054 ea,
712 2023 807 2057 quae
833 2012 946 2047 oculis
973 2012 1201 2053 occuluntur,
1230 2012 1295 2047 cfr.
1323 2013 1373 2047 ad
1396 2013 1424 2055 I,
1450 2012 1530 2048 479.

305 2082 386 2118 101.
436 2084 583 2118 merenti
607 2083 630 2119 i.
658 2095 688 2118 e.
714 2083 858 2124 noxiae,
887 2085 928 2118 ut
953 2083 1065 2129 Verg.
1094 2083 1181 2120 Aen.
1211 2083 1256 2125 ΙΙ,
1285 2084 1370 2126 229;
1404 2084 1488 2126 585;
1520 2084 1696 2120 videlicet

210 2152 254 2176 ex
280 2142 469 2177 sententia
491 2140 660 2178 Veneris.
1685 2164 1687 2166 ·

305 2200 383 2236 102.
435 2201 620 2237 Gravibus
647 2202 866 2248 corruptelis
886 2202 1061 2237 laborant
1082 2202 1199 2237 verba
1216 2202 1254 2237 in
1270 2202 1454 2238 Vaticano
1464 2202 1526 2252 ita
1542 2202 1710 2257 traditas&
1767 2244 1775 2250 .

211 2270 322 2304 neque
346 2261 438 2295 enim
463 2262 559 2295 alma
583 2261 697 2296 videri
722 2262 803 2296 Iam
827 2266 901 2296 tum
926 2272 968 2296 ea
993 2272 1070 2296 eum
1095 2263 1163 2296 reti
1194 2262 1326 2297 crinem
1357 2262 1576 2303 subnectitur
1605 2255 1709 2313 auajo'
1761 2283 1823 2316 >2

210 2319 374 2354 sidereos
400 2319 534 2362 diffusa
559 2321 669 2365 sinus,
697 2321 816 2355 eadem
842 2321 950 2363 effera
975 2332 1006 2356 e.
1045 2332 1078 2365 q.
1117 2333 1162 2363 s.;
1200 2333 1235 2356 v.
1275 2321 1342 2355 103
1379 2332 1471 2356 sana
1507 2321 1695 2356 sententia

207 2379 356 2415 omnino
384 2379 503 2421 earet;
532 2381 623 2414 enim
648 2392 681 2414 v.
709 2380 777 2415 102
803 2392 877 2416 non
903 2381 1020 2416 habet
1046 2392 1117 2425 quo
1143 2379 1339 2421 referatur.
1365 2391 1485 2425 neque
1511 2380 1628 2415 eadem
1659 2393 1694 2418 v.

208 2439 276 2474 104
301 2439 372 2474 hoc
396 2438 477 2474 loco
503 2440 634 2484 aptum
661 2441 718 2474 est
742 2450 863 2485 neque
888 2439 1091 2474 infinitivus
1117 2439 1178 2484 qui
1205 2439 1340 2474 dicitur
1364 2438 1558 2475 historicus
1582 2440 1695 2476 videri

205 2498 245 2533 in
269 2510 304 2535 v.
331 2497 412 2533 102.
438 2497 540 2539 Quae
566 2499 700 2544 recepi,
730 2499 781 2535 eis
805 2499 1012 2544 probabilis
1038 2499 1174 2534 saltem
1199 2498 1384 2534 sententia
1411 2497 1509 2534 effici
1536 2498 1692 2542 videtum

207 2557 287 2592 odio
312 2557 506 2603 proposuit
532 2556 775 2593 Sandstroem
802 2558 947 2594 emend.
972 2570 1008 2603 p.
1035 2557 1091 2594 26.

305 2616 384 2652 103.
433 2615 544 2658 Verg.
570 2616 662 2651 Aen.
690 2617 732 2658 X,
762 2617 840 2652 138.
956 2662 960 2665 ,

303 2675 382 2711 104.
409 2675 562 2710 sidereos
575 2675 709 2718 diffusa
732 2676 848 2718 82⁹an
876 2676 975 2711 sinus
993 2676 1097 2711 laxus
1125 2677 1181 2711 est
1205 2675 1352 2721 signum
1367 2675 1537 2712 laetitiae
1565 2676 1603 2712 et
1626 2688 1690 2712 vo—

206 2735 372 2780 luptatis,
399 2734 488 2771 Hor.
516 2746 544 2770 c.
572 2733 599 2774 1,
626 2734 682 2775 30,
709 2735 731 2768 5
755 2735 915 2777 fervidus
940 2739 1051 2770 tecum
1077 2737 1175 2779 (cum
1198 2734 1358 2780 Venere)
1391 2737 1485 2869 Ρτῖν
1509 2739 1542 2770 et
1565 2735 1690 2771 solutis
