<?xml version="1.0" encoding="UTF-8"?>
<!DOCTYPE html PUBLIC "-//W3C//DTD XHTML 1.0 Transitional//EN"
    "http://www.w3.org/TR/xhtml1/DTD/xhtml1-transitional.dtd">
<html xmlns="http://www.w3.org/1999/xhtml" xml:lang="en" lang="en">
 <head>
  <title>
</title>
<meta http-equiv="Content-Type" content="text/html;charset=utf-8" />
  <meta name='ocr-system' content='tesseract 3.04.00' />
  <meta name='ocr-capabilities' content='ocr_page ocr_carea ocr_par ocr_line ocrx_word'/>
</head>
<body>
  <div class='ocr_page' id='page_1' title='image "argonauticonlibr00valeuoft_0341.png"; bbox 0 0 1890 3100; ppageno 0'>
   <div class='ocr_carea' id='block_1_1' title="bbox 0 0 324 111">
    <p class='ocr_par' dir='ltr' id='par_1_1' title="bbox 0 0 324 111">
     <span class='ocr_line' id='line_1_1' title="bbox 0 0 324 111; baseline 0 2989"><span class='ocrx_word' id='word_1_1' title='bbox 0 0 324 111; x_wconf 95' lang='lat' dir='ltr'> </span> 
     </span>
    </p>
   </div>
   <div class='ocr_carea' id='block_1_2' title="bbox 531 244 1632 302">
    <p class='ocr_par' dir='ltr' id='par_1_2' title="bbox 531 244 1632 302">
     <span class='ocr_line' id='line_1_2' title="bbox 531 244 1632 302; baseline 0 -20"><span class='ocrx_word' id='word_1_2' title='bbox 531 245 918 302; x_wconf 64' lang='lat' dir='ltr'><strong>ARGONAVTIOON</strong></span> <span class='ocrx_word' id='word_1_3' title='bbox 942 245 1088 280; x_wconf 83' lang='lat' dir='ltr'>LIBER</span> <span class='ocrx_word' id='word_1_4' title='bbox 1113 244 1175 280; x_wconf 85' lang='lat' dir='ltr'>IV.</span> <span class='ocrx_word' id='word_1_5' title='bbox 1540 246 1632 289; x_wconf 75' lang='grc'>323,</span> 
     </span>
    </p>
   </div>
   <div class='ocr_carea' id='block_1_3' title="bbox 247 364 1687 943">
    <p class='ocr_par' dir='ltr' id='par_1_3' title="bbox 247 364 1686 547">
     <span class='ocr_line' id='line_1_3' title="bbox 247 364 1686 416; baseline -0.006 -10"><span class='ocrx_word' id='word_1_6' title='bbox 247 368 329 406; x_wconf 87' lang='lat' dir='ltr'>ima</span> <span class='ocrx_word' id='word_1_7' title='bbox 355 367 504 414; x_wconf 63' lang='lat' dir='ltr'>labant,</span> <span class='ocrx_word' id='word_1_8' title='bbox 534 372 706 405; x_wconf 87' lang='lat' dir='ltr'>tremere</span> <span class='ocrx_word' id='word_1_9' title='bbox 735 378 830 404; x_wconf 84' lang='lat' dir='ltr'>eece</span> <span class='ocrx_word' id='word_1_10' title='bbox 858 364 996 411; x_wconf 85' lang='lat' dir='ltr'>solum,</span> <span class='ocrx_word' id='word_1_11' title='bbox 1026 370 1200 403; x_wconf 85' lang='lat' dir='ltr'>tremere</span> <span class='ocrx_word' id='word_1_12' title='bbox 1227 365 1318 416; x_wconf 75' lang='lat' dir='ltr'>ipsa</span> <span class='ocrx_word' id='word_1_13' title='bbox 1345 368 1515 414; x_wconf 83' lang='lat' dir='ltr'>repente</span> <span class='ocrx_word' id='word_1_14' title='bbox 1631 368 1686 397; x_wconf 80' lang='lat'>565</span> 
     </span>
     <span class='ocr_line' id='line_1_4' title="bbox 248 433 1584 472; baseline -0.003 0"><span class='ocrx_word' id='word_1_15' title='bbox 248 439 358 472; x_wconf 77' lang='lat' dir='ltr'>tecta</span> <span class='ocrx_word' id='word_1_16' title='bbox 383 433 497 471; x_wconf 85' lang='lat' dir='ltr'>vides</span> <span class='ocrx_word' id='word_1_17' title='bbox 528 459 1300 471; x_wconf 88' lang='grc'><strong>....................</strong></span> <span class='ocrx_word' id='word_1_18' title='bbox 1324 446 1326 448; x_wconf 51' lang='lat'>&gt;</span> <span class='ocrx_word' id='word_1_19' title='bbox 1334 458 1584 468; x_wconf 88' lang='lat'>.......</span> 
     </span>
     <span class='ocr_line' id='line_1_5' title="bbox 247 495 1368 547; baseline -0.004 -10"><span class='ocrx_word' id='word_1_20' title='bbox 247 528 496 538; x_wconf 90' lang='grc'><strong>.......</strong></span> <span class='ocrx_word' id='word_1_21' title='bbox 526 497 622 536; x_wconf 77' lang='lat' dir='ltr'>illae</span> <span class='ocrx_word' id='word_1_22' title='bbox 655 496 839 536; x_wconf 86' lang='lat' dir='ltr'>redeunt.</span> <span class='ocrx_word' id='word_1_23' title='bbox 874 495 969 534; x_wconf 78' lang='lat' dir='ltr'>illae</span> <span class='ocrx_word' id='word_1_24' title='bbox 998 509 1175 547; x_wconf 84' lang='lat' dir='ltr'>aequore</span> <span class='ocrx_word' id='word_1_25' title='bbox 1203 501 1368 534; x_wconf 81' lang='lat' dir='ltr'>certant.</span> 
     </span>
    </p>

    <p class='ocr_par' dir='ltr' id='par_1_4' title="bbox 248 562 1203 616">
     <span class='ocr_line' id='line_1_6' title="bbox 248 562 1203 616; baseline -0.005 -13"><span class='ocrx_word' id='word_1_26' title='bbox 248 563 286 603; x_wconf 78' lang='lat' dir='ltr'>di</span> <span class='ocrx_word' id='word_1_27' title='bbox 315 564 390 603; x_wconf 88' lang='lat' dir='ltr'>tibi</span> <span class='ocrx_word' id='word_1_28' title='bbox 416 577 632 616; x_wconf 84' lang='lat' dir='ltr'>progresso</span> <span class='ocrx_word' id='word_1_29' title='bbox 659 563 834 615; x_wconf 87' lang='lat' dir='ltr'>propius,</span> <span class='ocrx_word' id='word_1_30' title='bbox 864 562 905 600; x_wconf 90' lang='lat' dir='ltr'>di</span> <span class='ocrx_word' id='word_1_31' title='bbox 931 562 1099 599; x_wconf 79' lang='lat' dir='ltr'><strong>forsitan</strong></span> <span class='ocrx_word' id='word_1_32' title='bbox 1126 563 1203 613; x_wconf 87' lang='lat' dir='ltr'>ipsi</span> 
     </span>
    </p>

    <p class='ocr_par' dir='ltr' id='par_1_5' title="bbox 249 627 1292 680">
     <span class='ocr_line' id='line_1_7' title="bbox 249 627 1292 680; baseline -0.003 -12"><span class='ocrx_word' id='word_1_33' title='bbox 249 630 442 668; x_wconf 86' lang='lat' dir='ltr'>auxilium</span> <span class='ocrx_word' id='word_1_34' title='bbox 469 635 726 680; x_wconf 80' lang='lat' dir='ltr'><strong>mentemque</strong></span> <span class='ocrx_word' id='word_1_35' title='bbox 755 627 918 666; x_wconf 88' lang='lat' dir='ltr'>dabunt.</span> <span class='ocrx_word' id='word_1_36' title='bbox 949 634 1011 665; x_wconf 79' lang='lat' dir='ltr'>ast</span> <span class='ocrx_word' id='word_1_37' title='bbox 1038 627 1126 679; x_wconf 86' lang='lat' dir='ltr'>ipse</span> <span class='ocrx_word' id='word_1_38' title='bbox 1155 628 1292 666; x_wconf 85' lang='lat' dir='ltr'>iuvare</span> 
     </span>
    </p>

    <p class='ocr_par' dir='ltr' id='par_1_6' title="bbox 249 682 1441 747">
     <span class='ocr_line' id='line_1_8' title="bbox 249 682 1441 747; baseline -0.004 -13"><span class='ocrx_word' id='word_1_39' title='bbox 249 709 348 734; x_wconf 82' lang='lat' dir='ltr'>ausa</span> <span class='ocrx_word' id='word_1_40' title='bbox 376 695 520 747; x_wconf 86' lang='lat' dir='ltr'>quibus</span> <span class='ocrx_word' id='word_1_41' title='bbox 549 690 708 732; x_wconf 85' lang='lat' dir='ltr'>monitis</span> <span class='ocrx_word' id='word_1_42' title='bbox 737 694 887 745; x_wconf 85' lang='lat' dir='ltr'>possim</span> <span class='ocrx_word' id='word_1_43' title='bbox 915 692 1010 731; x_wconf 77' lang='lat' dir='ltr'>tua?</span> <span class='ocrx_word' id='word_1_44' title='bbox 1039 693 1186 745; x_wconf 87' lang='lat' dir='ltr'>quippe</span> <span class='ocrx_word' id='word_1_45' title='bbox 1215 682 1290 744; x_wconf 62' lang='lat' dir='ltr'>pei:</span> <span class='ocrx_word' id='word_1_46' title='bbox 1316 692 1441 730; x_wconf 78' lang='lat' dir='ltr'>altuni</span> 
     </span>
    </p>

    <p class='ocr_par' dir='ltr' id='par_1_7' title="bbox 248 757 1687 877">
     <span class='ocr_line' id='line_1_9' title="bbox 248 757 1687 811; baseline -0.003 -12"><span class='ocrx_word' id='word_1_47' title='bbox 248 760 426 807; x_wconf 79' lang='lat' dir='ltr'>tenditis,</span> <span class='ocrx_word' id='word_1_48' title='bbox 456 759 563 797; x_wconf 87' lang='lat' dir='ltr'>unde</span> <span class='ocrx_word' id='word_1_49' title='bbox 590 758 731 811; x_wconf 85' lang='lat' dir='ltr'>procul</span> <span class='ocrx_word' id='word_1_50' title='bbox 758 759 882 806; x_wconf 84' lang='lat' dir='ltr'>venti,</span> <span class='ocrx_word' id='word_1_51' title='bbox 911 757 1050 809; x_wconf 80' lang='lat' dir='ltr'>procu]</span> <span class='ocrx_word' id='word_1_52' title='bbox 1078 757 1186 796; x_wconf 90' lang='lat' dir='ltr'>unde</span> <span class='ocrx_word' id='word_1_53' title='bbox 1215 757 1413 803; x_wconf 77' lang='lat' dir='ltr'>volueres,</span> <span class='ocrx_word' id='word_1_54' title='bbox 1450 775 1452 777; x_wconf 51' lang='lat'>&gt;</span> <span class='ocrx_word' id='word_1_55' title='bbox 1629 778 1687 807; x_wconf 81' lang='lat'>570</span> 
     </span>
     <span class='ocr_line' id='line_1_10' title="bbox 250 824 1343 877; baseline -0.002 -13"><span class='ocrx_word' id='word_1_56' title='bbox 250 831 291 864; x_wconf 83' lang='lat' dir='ltr'>et</span> <span class='ocrx_word' id='word_1_57' title='bbox 317 832 433 877; x_wconf 88' lang='lat' dir='ltr'>pater</span> <span class='ocrx_word' id='word_1_58' title='bbox 458 827 546 877; x_wconf 87' lang='lat' dir='ltr'>ipse</span> <span class='ocrx_word' id='word_1_59' title='bbox 574 826 695 864; x_wconf 80' lang='lat' dir='ltr'>maris</span> <span class='ocrx_word' id='word_1_60' title='bbox 722 824 889 876; x_wconf 83' lang='lat' dir='ltr'>pavidas</span> <span class='ocrx_word' id='word_1_61' title='bbox 919 824 1132 876; x_wconf 82' lang='lat' dir='ltr'><strong>detorquet</strong></span> <span class='ocrx_word' id='word_1_62' title='bbox 1151 824 1343 862; x_wconf 75' lang='lat' dir='ltr'>habenas,</span> 
     </span>
    </p>

    <p class='ocr_par' dir='ltr' id='par_1_8' title="bbox 248 889 1377 943">
     <span class='ocr_line' id='line_1_11' title="bbox 248 889 1377 943; baseline -0.003 -14"><span class='ocrx_word' id='word_1_63' title='bbox 248 891 363 943; x_wconf 82' lang='lat' dir='ltr'>siqua</span> <span class='ocrx_word' id='word_1_64' title='bbox 390 891 522 929; x_wconf 84' lang='lat' dir='ltr'>brevis</span> <span class='ocrx_word' id='word_1_65' title='bbox 552 889 727 941; x_wconf 83' lang='lat' dir='ltr'>scopulis</span> <span class='ocrx_word' id='word_1_66' title='bbox 756 890 877 928; x_wconf 88' lang='lat' dir='ltr'>fuerit</span> <span class='ocrx_word' id='word_1_67' title='bbox 906 903 1027 936; x_wconf 72' lang='lat' dir='ltr'>mora,</span> <span class='ocrx_word' id='word_1_68' title='bbox 1058 889 1091 926; x_wconf 85' lang='lat' dir='ltr'>si</span> <span class='ocrx_word' id='word_1_69' title='bbox 1121 889 1248 927; x_wconf 87' lang='lat' dir='ltr'>semel</span> <span class='ocrx_word' id='word_1_70' title='bbox 1278 889 1377 927; x_wconf 85' lang='lat' dir='ltr'>orsis</span> 
     </span>
    </p>
   </div>
   <div class='ocr_carea' id='block_1_4' title="bbox 138 965 351 970">
    <p class='ocr_par' dir='ltr' id='par_1_9' title="bbox 138 965 351 970">
     <span class='ocr_line' id='line_1_12' title="bbox 138 965 351 970; baseline 0 0"><span class='ocrx_word' id='word_1_71' title='bbox 138 965 351 970; x_wconf 95' lang='lat' dir='ltr'> </span> 
     </span>
    </p>
   </div>
   <div class='ocr_carea' id='block_1_5' title="bbox 0 1018 1635 1545">
    <p class='ocr_par' dir='ltr' id='par_1_10' title="bbox 138 1018 1634 1362">
     <span class='ocr_line' id='line_1_13' title="bbox 236 1018 1634 1066; baseline -0.001 -10"><span class='ocrx_word' id='word_1_72' title='bbox 236 1020 317 1056; x_wconf 85' lang='lat'><strong>569.</strong></span> <span class='ocrx_word' id='word_1_73' title='bbox 365 1021 476 1066; x_wconf 87' lang='lat' dir='ltr'><strong>Apud</strong></span> <span class='ocrx_word' id='word_1_74' title='bbox 500 1020 621 1065; x_wconf 82' lang='lat' dir='ltr'>Apoll.</span> <span class='ocrx_word' id='word_1_75' title='bbox 647 1020 698 1063; x_wconf 68' lang='lat' dir='ltr'>II,</span> <span class='ocrx_word' id='word_1_76' title='bbox 725 1019 796 1054; x_wconf 84' lang='lat'>328</span> <span class='ocrx_word' id='word_1_77' title='bbox 822 1019 1017 1054; x_wconf 84' lang='lat' dir='ltr'>eonsilium</span> <span class='ocrx_word' id='word_1_78' title='bbox 1043 1019 1110 1054; x_wconf 80' lang='lat' dir='ltr'>dat</span> <span class='ocrx_word' id='word_1_79' title='bbox 1133 1018 1297 1054; x_wconf 89' lang='lat' dir='ltr'>Phineus</span> <span class='ocrx_word' id='word_1_80' title='bbox 1322 1019 1560 1065; x_wconf 78' lang='lat' dir='ltr'>Argonautis,</span> <span class='ocrx_word' id='word_1_81' title='bbox 1591 1021 1634 1054; x_wconf 88' lang='lat' dir='ltr'>ut</span> 
     </span>
     <span class='ocr_line' id='line_1_14' title="bbox 140 1077 1633 1124; baseline -0.001 -9"><span class='ocrx_word' id='word_1_82' title='bbox 140 1080 354 1116; x_wconf 75' lang='lat' dir='ltr'>columbam</span> <span class='ocrx_word' id='word_1_83' title='bbox 377 1079 477 1115; x_wconf 87' lang='lat' dir='ltr'>inter</span> <span class='ocrx_word' id='word_1_84' title='bbox 503 1079 773 1124; x_wconf 82' lang='lat' dir='ltr'>Symplegades</span> <span class='ocrx_word' id='word_1_85' title='bbox 799 1078 1063 1124; x_wconf 52' lang='lat' dir='ltr'>praemittam</span> <span class='ocrx_word' id='word_1_86' title='bbox 1101 1077 1168 1114; x_wconf 76' lang='lat' dir='ltr'>cfr.</span> <span class='ocrx_word' id='word_1_87' title='bbox 1196 1078 1365 1123; x_wconf 77' lang='lat' dir='ltr'>Apollod.</span> <span class='ocrx_word' id='word_1_88' title='bbox 1390 1078 1421 1119; x_wconf 64' lang='grc' dir='ltr'>Ι,</span> <span class='ocrx_word' id='word_1_89' title='bbox 1447 1078 1480 1115; x_wconf 88' lang='grc'>9.</span> <span class='ocrx_word' id='word_1_90' title='bbox 1508 1079 1564 1114; x_wconf 74' lang='grc'>22.</span> <span class='ocrx_word' id='word_1_91' title='bbox 1590 1079 1633 1122; x_wconf 83' lang='grc'>4;</span> 
     </span>
     <span class='ocr_line' id='line_1_15' title="bbox 138 1137 1633 1185; baseline -0.001 -10"><span class='ocrx_word' id='word_1_92' title='bbox 138 1139 253 1175; x_wconf 73' lang='lat' dir='ltr'>schol.</span> <span class='ocrx_word' id='word_1_93' title='bbox 281 1139 468 1185; x_wconf 84' lang='lat' dir='ltr'>Apollon.;</span> <span class='ocrx_word' id='word_1_94' title='bbox 495 1138 592 1183; x_wconf 75' lang='lat' dir='ltr'>Hyg.</span> <span class='ocrx_word' id='word_1_95' title='bbox 619 1137 780 1178; x_wconf 77' lang='lat' dir='ltr'>fab.19;</span> <span class='ocrx_word' id='word_1_96' title='bbox 805 1138 915 1183; x_wconf 86' lang='lat' dir='ltr'>Prop.</span> <span class='ocrx_word' id='word_1_97' title='bbox 942 1138 991 1177; x_wconf 80' lang='grc' dir='ltr'>ΙΙ,</span> <span class='ocrx_word' id='word_1_98' title='bbox 1016 1138 1072 1177; x_wconf 81' lang='lat'>26,</span> <span class='ocrx_word' id='word_1_99' title='bbox 1099 1137 1166 1178; x_wconf 80' lang='lat'>40;</span> <span class='ocrx_word' id='word_1_100' title='bbox 1193 1137 1263 1178; x_wconf 74' lang='grc' dir='ltr'>ΠΙ,</span> <span class='ocrx_word' id='word_1_101' title='bbox 1290 1138 1348 1182; x_wconf 76' lang='lat'>22,</span> <span class='ocrx_word' id='word_1_102' title='bbox 1376 1138 1432 1173; x_wconf 90' lang='lat'>13.</span> <span class='ocrx_word' id='word_1_103' title='bbox 1461 1137 1534 1173; x_wconf 88' lang='lat' dir='ltr'>Cur</span> <span class='ocrx_word' id='word_1_104' title='bbox 1560 1139 1633 1174; x_wconf 87' lang='lat' dir='ltr'>Va-</span> 
     </span>
     <span class='ocr_line' id='line_1_16' title="bbox 141 1197 1632 1243; baseline -0.001 -9"><span class='ocrx_word' id='word_1_105' title='bbox 141 1198 253 1234; x_wconf 83' lang='lat' dir='ltr'>lerius</span> <span class='ocrx_word' id='word_1_106' title='bbox 277 1199 516 1243; x_wconf 82' lang='lat' dir='ltr'>Argonautas</span> <span class='ocrx_word' id='word_1_107' title='bbox 541 1197 704 1233; x_wconf 85' lang='lat' dir='ltr'>incertos</span> <span class='ocrx_word' id='word_1_108' title='bbox 743 1197 920 1232; x_wconf 83' lang='lat' dir='ltr'>mansisse</span> <span class='ocrx_word' id='word_1_109' title='bbox 957 1197 1116 1237; x_wconf 81' lang='lat' dir='ltr'>finxerit,</span> <span class='ocrx_word' id='word_1_110' title='bbox 1156 1208 1230 1232; x_wconf 89' lang='lat' dir='ltr'>non</span> <span class='ocrx_word' id='word_1_111' title='bbox 1267 1197 1359 1232; x_wconf 83' lang='lat' dir='ltr'>satis</span> <span class='ocrx_word' id='word_1_112' title='bbox 1384 1197 1632 1243; x_wconf 74' lang='lat' dir='ltr'>intellegitur,</span> 
     </span>
     <span class='ocr_line' id='line_1_17' title="bbox 140 1256 1633 1302; baseline -0.001 -9"><span class='ocrx_word' id='word_1_113' title='bbox 140 1257 213 1293; x_wconf 76' lang='lat' dir='ltr'>nisi</span> <span class='ocrx_word' id='word_1_114' title='bbox 237 1257 338 1293; x_wconf 84' lang='lat' dir='ltr'>forte</span> <span class='ocrx_word' id='word_1_115' title='bbox 375 1269 438 1292; x_wconf 86' lang='lat' dir='ltr'>eos</span> <span class='ocrx_word' id='word_1_116' title='bbox 476 1268 520 1292; x_wconf 92' lang='lat' dir='ltr'>eo</span> <span class='ocrx_word' id='word_1_117' title='bbox 552 1257 711 1292; x_wconf 87' lang='lat' dir='ltr'>maiores</span> <span class='ocrx_word' id='word_1_118' title='bbox 749 1257 892 1292; x_wconf 88' lang='lat' dir='ltr'>animos</span> <span class='ocrx_word' id='word_1_119' title='bbox 917 1256 1093 1291; x_wconf 88' lang='lat' dir='ltr'>habuisse</span> <span class='ocrx_word' id='word_1_120' title='bbox 1119 1256 1378 1292; x_wconf 85' lang='lat' dir='ltr'>demonstrare</span> <span class='ocrx_word' id='word_1_121' title='bbox 1405 1257 1534 1297; x_wconf 79' lang='lat' dir='ltr'>voluit,</span> <span class='ocrx_word' id='word_1_122' title='bbox 1561 1268 1633 1302; x_wconf 89' lang='lat' dir='ltr'>quo</span> 
     </span>
     <span class='ocr_line' id='line_1_18' title="bbox 142 1315 1634 1362; baseline -0.001 -10"><span class='ocrx_word' id='word_1_123' title='bbox 142 1316 264 1352; x_wconf 86' lang='lat' dir='ltr'>minus</span> <span class='ocrx_word' id='word_1_124' title='bbox 289 1318 393 1352; x_wconf 86' lang='lat' dir='ltr'>certo</span> <span class='ocrx_word' id='word_1_125' title='bbox 417 1315 567 1355; x_wconf 84' lang='lat' dir='ltr'>scirent,</span> <span class='ocrx_word' id='word_1_126' title='bbox 594 1315 683 1361; x_wconf 87' lang='lat' dir='ltr'>quid</span> <span class='ocrx_word' id='word_1_127' title='bbox 707 1327 747 1351; x_wconf 91' lang='lat' dir='ltr'>se</span> <span class='ocrx_word' id='word_1_128' title='bbox 774 1315 941 1350; x_wconf 84' lang='lat' dir='ltr'>futurum</span> <span class='ocrx_word' id='word_1_129' title='bbox 978 1318 1086 1353; x_wconf 80' lang='lat' dir='ltr'>esset,</span> <span class='ocrx_word' id='word_1_130' title='bbox 1128 1327 1211 1350; x_wconf 84' lang='lat' dir='ltr'>eum</span> <span class='ocrx_word' id='word_1_131' title='bbox 1246 1316 1295 1350; x_wconf 85' lang='lat' dir='ltr'>ad</span> <span class='ocrx_word' id='word_1_132' title='bbox 1320 1328 1432 1362; x_wconf 85' lang='lat' dir='ltr'>rupes</span> <span class='ocrx_word' id='word_1_133' title='bbox 1458 1315 1634 1352; x_wconf 82' lang='lat' dir='ltr'>accessis-</span> 
     </span>
    </p>

    <p class='ocr_par' dir='ltr' id='par_1_11' title="bbox 0 1375 1635 1545">
     <span class='ocr_line' id='line_1_19' title="bbox 0 1375 1634 1430; baseline -0.002 -18"><span class='ocrx_word' id='word_1_134' title='bbox 0 1419 5 1430; x_wconf 54' lang='lat'><em>⁶</em></span> <span class='ocrx_word' id='word_1_135' title='bbox 142 1377 255 1420; x_wconf 36' lang='lat' dir='ltr'>sent..</span> <span class='ocrx_word' id='word_1_136' title='bbox 289 1375 448 1411; x_wconf 84' lang='lat' dir='ltr'>Omnino</span> <span class='ocrx_word' id='word_1_137' title='bbox 485 1375 664 1410; x_wconf 87' lang='lat' dir='ltr'>maiorem</span> <span class='ocrx_word' id='word_1_138' title='bbox 703 1376 850 1419; x_wconf 76' lang='lat' dir='ltr'>partem</span> <span class='ocrx_word' id='word_1_139' title='bbox 877 1386 1014 1411; x_wconf 84' lang='lat' dir='ltr'>eorum.</span> <span class='ocrx_word' id='word_1_140' title='bbox 1041 1386 1135 1420; x_wconf 87' lang='lat' dir='ltr'>quae</span> <span class='ocrx_word' id='word_1_141' title='bbox 1160 1375 1322 1410; x_wconf 90' lang='lat' dir='ltr'>Phineus</span> <span class='ocrx_word' id='word_1_142' title='bbox 1349 1375 1450 1421; x_wconf 86' lang='lat' dir='ltr'>apud</span> <span class='ocrx_word' id='word_1_143' title='bbox 1481 1375 1634 1424; x_wconf 38' lang='lat' dir='ltr'>Apollo—¹</span> 
     </span>
     <span class='ocr_line' id='line_1_20' title="bbox 0 1434 1635 1480; baseline 0 -10"><span class='ocrx_word' id='word_1_144' title='bbox 0 1439 13 1478; x_wconf 72' lang='grc' dir='ltr'>’ς’</span> <span class='ocrx_word' id='word_1_145' title='bbox 116 1439 119 1442; x_wconf 75' lang='grc'><strong><em>’</em></strong></span> <span class='ocrx_word' id='word_1_146' title='bbox 142 1435 247 1470; x_wconf 87' lang='lat' dir='ltr'>nium</span> <span class='ocrx_word' id='word_1_147' title='bbox 283 1434 405 1479; x_wconf 80' lang='lat' dir='ltr'>docet,</span> <span class='ocrx_word' id='word_1_148' title='bbox 440 1434 665 1480; x_wconf 88' lang='lat' dir='ltr'>praesertim</span> <span class='ocrx_word' id='word_1_149' title='bbox 705 1434 1027 1469; x_wconf 75' lang='lat' dir='ltr'>enumerationem</span> <span class='ocrx_word' id='word_1_150' title='bbox 1051 1434 1221 1479; x_wconf 87' lang='lat' dir='ltr'>gentium</span> <span class='ocrx_word' id='word_1_151' title='bbox 1258 1434 1358 1469; x_wconf 84' lang='lat' dir='ltr'>inter</span> <span class='ocrx_word' id='word_1_152' title='bbox 1384 1434 1568 1479; x_wconf 81' lang='lat' dir='ltr'>Chalybes</span> <span class='ocrx_word' id='word_1_153' title='bbox 1595 1436 1635 1470; x_wconf 84' lang='lat' dir='ltr'>et</span> 
     </span>
     <span class='ocr_line' id='line_1_21' title="bbox 145 1493 1229 1545; baseline -0.001 -17"><span class='ocrx_word' id='word_1_154' title='bbox 145 1493 302 1545; x_wconf 72' lang='lat' dir='ltr'>Colchos</span> <span class='ocrx_word' id='word_1_155' title='bbox 326 1493 581 1528; x_wconf 72' lang='lat' dir='ltr'>habitantium</span> <span class='ocrx_word' id='word_1_156' title='bbox 606 1495 721 1539; x_wconf 86' lang='lat' dir='ltr'>poeta</span> <span class='ocrx_word' id='word_1_157' title='bbox 746 1493 935 1528; x_wconf 81' lang='lat' dir='ltr'>Romanus</span> <span class='ocrx_word' id='word_1_158' title='bbox 960 1493 1229 1538; x_wconf 79' lang='lat' dir='ltr'>praetermisit.</span> 
     </span>
    </p>
   </div>
   <div class='ocr_carea' id='block_1_6' title="bbox 0 1478 158 3100">
    <p class='ocr_par' dir='ltr' id='par_1_12' title="bbox 0 1478 158 3100">
     <span class='ocr_line' id='line_1_22' title="bbox 0 1478 27 1599; baseline 0 0"><span class='ocrx_word' id='word_1_159' title='bbox 0 1478 27 1599; x_wconf 95' lang='lat' dir='ltr'>   </span> 
     </span>
     <span class='ocr_line' id='line_1_23' title="bbox 0 1599 50 1850; baseline 0 -155"><span class='ocrx_word' id='word_1_160' title='bbox 0 1599 50 1850; x_wconf 95' lang='lat' dir='ltr'>    </span> 
     </span>
     <span class='ocr_line' id='line_1_24' title="bbox 0 1850 73 2131; baseline 0 -93"><span class='ocrx_word' id='word_1_161' title='bbox 0 1850 73 2131; x_wconf 95' lang='lat' dir='ltr'>   </span> 
     </span>
     <span class='ocr_line' id='line_1_25' title="bbox 0 2131 74 2191; baseline 0 909"><span class='ocrx_word' id='word_1_162' title='bbox 0 2131 74 2191; x_wconf 95' lang='lat' dir='ltr'> </span> 
     </span>
     <span class='ocr_line' id='line_1_26' title="bbox 0 2191 85 2428; baseline 0 0"><span class='ocrx_word' id='word_1_163' title='bbox 0 2191 85 2428; x_wconf 95' lang='lat' dir='ltr'>    </span> 
     </span>
     <span class='ocr_line' id='line_1_27' title="bbox 0 2428 88 2604; baseline 0 -58"><span class='ocrx_word' id='word_1_164' title='bbox 0 2428 88 2604; x_wconf 95' lang='lat' dir='ltr'>   </span> 
     </span>
     <span class='ocr_line' id='line_1_28' title="bbox 0 2604 158 3100; baseline 0 -377"><span class='ocrx_word' id='word_1_165' title='bbox 0 2604 158 3100; x_wconf 95' lang='lat' dir='ltr'>    </span> 
     </span>
    </p>
   </div>
   <div class='ocr_carea' id='block_1_7' title="bbox 140 1565 1634 1789">
    <p class='ocr_par' dir='ltr' id='par_1_13' title="bbox 140 1565 1634 1789">
     <span class='ocr_line' id='line_1_29' title="bbox 225 1565 1634 1611; baseline 0.001 -11"><span class='ocrx_word' id='word_1_166' title='bbox 225 1565 318 1602; x_wconf 68' lang='lat'><strong>570.</strong></span> <span class='ocrx_word' id='word_1_167' title='bbox 368 1565 514 1601; x_wconf 70' lang='lat' dir='ltr'>tenditis</span> <span class='ocrx_word' id='word_1_168' title='bbox 539 1577 587 1600; x_wconf 86' lang='lat' dir='ltr'>se.</span> <span class='ocrx_word' id='word_1_169' title='bbox 614 1576 675 1606; x_wconf 88' lang='lat' dir='ltr'>eo;</span> <span class='ocrx_word' id='word_1_170' title='bbox 718 1577 792 1600; x_wconf 90' lang='lat' dir='ltr'>non</span> <span class='ocrx_word' id='word_1_171' title='bbox 829 1565 943 1605; x_wconf 78' lang='lat' dir='ltr'>venti,</span> <span class='ocrx_word' id='word_1_172' title='bbox 982 1576 1057 1600; x_wconf 88' lang='lat' dir='ltr'>non</span> <span class='ocrx_word' id='word_1_173' title='bbox 1083 1576 1182 1608; x_wconf 87' lang='lat' dir='ltr'>aves,</span> <span class='ocrx_word' id='word_1_174' title='bbox 1222 1565 1309 1610; x_wconf 89' lang='lat' dir='ltr'>quin</span> <span class='ocrx_word' id='word_1_175' title='bbox 1336 1565 1447 1600; x_wconf 80' lang='lat' dir='ltr'>etia-m</span> <span class='ocrx_word' id='word_1_176' title='bbox 1472 1577 1519 1601; x_wconf 88' lang='lat' dir='ltr'>ne</span> <span class='ocrx_word' id='word_1_177' title='bbox 1553 1565 1634 1611; x_wconf 87' lang='lat' dir='ltr'>ipse</span> 
     </span>
     <span class='ocr_line' id='line_1_30' title="bbox 140 1623 1632 1671; baseline -0.001 -11"><span class='ocrx_word' id='word_1_178' title='bbox 140 1624 293 1671; x_wconf 82' lang='lat' dir='ltr'>quidem</span> <span class='ocrx_word' id='word_1_179' title='bbox 315 1624 512 1671; x_wconf 78' lang='lat' dir='ltr'>Neptunus</span> <span class='ocrx_word' id='word_1_180' title='bbox 538 1624 680 1660; x_wconf 87' lang='lat' dir='ltr'>audent</span> <span class='ocrx_word' id='word_1_181' title='bbox 703 1624 824 1660; x_wconf 78' lang='lat' dir='ltr'>locum</span> <span class='ocrx_word' id='word_1_182' title='bbox 851 1624 965 1659; x_wconf 81' lang='lat' dir='ltr'>adire.</span> <span class='ocrx_word' id='word_1_183' title='bbox 1000 1624 1065 1659; x_wconf 89' lang='lat' dir='ltr'>ubi</span> <span class='ocrx_word' id='word_1_184' title='bbox 1091 1623 1361 1670; x_wconf 80' lang='lat' dir='ltr'>Symplegades</span> <span class='ocrx_word' id='word_1_185' title='bbox 1388 1626 1632 1666; x_wconf 81' lang='lat' dir='ltr'>coneurrunt;</span> 
     </span>
     <span class='ocr_line' id='line_1_31' title="bbox 143 1683 1632 1735; baseline -0.001 -15"><span class='ocrx_word' id='word_1_186' title='bbox 143 1683 219 1719; x_wconf 77' lang='lat' dir='ltr'>alia</span> <span class='ocrx_word' id='word_1_187' title='bbox 242 1683 390 1735; x_wconf 66' lang='lat' dir='ltr'>ratione</span> <span class='ocrx_word' id='word_1_188' title='bbox 416 1684 463 1719; x_wconf 91' lang='lat' dir='ltr'>de</span> <span class='ocrx_word' id='word_1_189' title='bbox 486 1683 662 1729; x_wconf 85' lang='lat' dir='ltr'>perieulis</span> <span class='ocrx_word' id='word_1_190' title='bbox 686 1683 799 1719; x_wconf 90' lang='lat' dir='ltr'>Ponti</span> <span class='ocrx_word' id='word_1_191' title='bbox 822 1683 987 1728; x_wconf 85' lang='lat' dir='ltr'>loquitur</span> <span class='ocrx_word' id='word_1_192' title='bbox 1027 1683 1132 1719; x_wconf 78' lang='lat' dir='ltr'>Ovid.</span> <span class='ocrx_word' id='word_1_193' title='bbox 1172 1683 1267 1719; x_wconf 80' lang='lat' dir='ltr'>trist.</span> <span class='ocrx_word' id='word_1_194' title='bbox 1307 1683 1368 1723; x_wconf 84' lang='lat' dir='ltr'>IV,</span> <span class='ocrx_word' id='word_1_195' title='bbox 1406 1684 1440 1727; x_wconf 81' lang='lat'>4,</span> <span class='ocrx_word' id='word_1_196' title='bbox 1466 1684 1511 1718; x_wconf 84' lang='lat'>57</span> <span class='ocrx_word' id='word_1_197' title='bbox 1538 1695 1632 1729; x_wconf 87' lang='lat' dir='ltr'>seq.;</span> 
     </span>
     <span class='ocr_line' id='line_1_32' title="bbox 141 1742 518 1789; baseline -0.005 -9"><span class='ocrx_word' id='word_1_198' title='bbox 141 1743 323 1789; x_wconf 12' lang='lat' dir='ltr'>eeront.</span> <span class='ocrx_word' id='word_1_199' title='bbox 348 1742 376 1783; x_wconf 86' lang='lat' dir='ltr'>L</span> <span class='ocrx_word' id='word_1_200' title='bbox 403 1743 436 1789; x_wconf 87' lang='lat'>3,</span> <span class='ocrx_word' id='word_1_201' title='bbox 463 1743 518 1778; x_wconf 85' lang='lat'>54.</span> 
     </span>
    </p>
   </div>
   <div class='ocr_carea' id='block_1_8' title="bbox 133 1814 1635 1919">
    <p class='ocr_par' dir='ltr' id='par_1_14' title="bbox 133 1814 1635 1919">
     <span class='ocr_line' id='line_1_33' title="bbox 153 1814 1635 1860; baseline -0.001 -9"><span class='ocrx_word' id='word_1_202' title='bbox 153 1850 156 1851; x_wconf 19' lang='lat'><em>⁷</em></span> <span class='ocrx_word' id='word_1_203' title='bbox 241 1814 322 1851; x_wconf 84' lang='lat'><strong>571.</strong></span> <span class='ocrx_word' id='word_1_204' title='bbox 366 1814 524 1859; x_wconf 72' lang='lat' dir='ltr'>pavidas</span> <span class='ocrx_word' id='word_1_205' title='bbox 547 1835 592 1840; x_wconf 89' lang='lat'>—</span> <span class='ocrx_word' id='word_1_206' title='bbox 618 1815 795 1856; x_wconf 68' lang='lat' dir='ltr'>habenas;</span> <span class='ocrx_word' id='word_1_207' title='bbox 821 1814 888 1850; x_wconf 86' lang='lat' dir='ltr'>cfr.</span> <span class='ocrx_word' id='word_1_208' title='bbox 906 1815 956 1849; x_wconf 88' lang='lat' dir='ltr'>ad</span> <span class='ocrx_word' id='word_1_209' title='bbox 971 1814 1002 1853; x_wconf 83' lang='grc' dir='ltr'>Ι,</span> <span class='ocrx_word' id='word_1_210' title='bbox 1021 1814 1101 1850; x_wconf 85' lang='grc'><strong>109.</strong></span> <span class='ocrx_word' id='word_1_211' title='bbox 1115 1818 1225 1859; x_wconf 78' lang='lat' dir='ltr'>pater</span> <span class='ocrx_word' id='word_1_212' title='bbox 1245 1835 1287 1840; x_wconf 97' lang='lat'><strong>—</strong></span> <span class='ocrx_word' id='word_1_213' title='bbox 1306 1816 1418 1850; x_wconf 76' lang='lat' dir='ltr'>maris</span> <span class='ocrx_word' id='word_1_214' title='bbox 1436 1816 1480 1849; x_wconf 89' lang='lat' dir='ltr'>ut</span> <span class='ocrx_word' id='word_1_215' title='bbox 1495 1816 1635 1860; x_wconf 75' lang='lat' dir='ltr'>yenitor</span> 
     </span>
     <span class='ocr_line' id='line_1_34' title="bbox 133 1873 726 1919; baseline 0.002 -9"><span class='ocrx_word' id='word_1_216' title='bbox 133 1873 318 1919; x_wconf 56' lang='lat' dir='ltr'>prosim&amp;</span> <span class='ocrx_word' id='word_1_217' title='bbox 342 1873 409 1910; x_wconf 87' lang='lat' dir='ltr'>Ov.</span> <span class='ocrx_word' id='word_1_218' title='bbox 434 1875 524 1909; x_wconf 89' lang='lat' dir='ltr'>met.</span> <span class='ocrx_word' id='word_1_219' title='bbox 550 1873 617 1915; x_wconf 79' lang='lat' dir='ltr'>XI,</span> <span class='ocrx_word' id='word_1_220' title='bbox 644 1874 726 1911; x_wconf 81' lang='lat'><strong>202.</strong></span> 
     </span>
    </p>
   </div>
   <div class='ocr_carea' id='block_1_9' title="bbox 4 1945 1634 2806">
    <p class='ocr_par' dir='ltr' id='par_1_15' title="bbox 4 1945 1634 2806">
     <span class='ocr_line' id='line_1_35' title="bbox 237 1945 1634 1991; baseline 0.001 -11"><span class='ocrx_word' id='word_1_221' title='bbox 237 1945 319 1980; x_wconf 79' lang='lat'><strong>572.</strong></span> <span class='ocrx_word' id='word_1_222' title='bbox 366 1945 437 1980; x_wconf 82' lang='lat' dir='ltr'>Hie</span> <span class='ocrx_word' id='word_1_223' title='bbox 461 1956 590 1981; x_wconf 84' lang='lat' dir='ltr'>versus</span> <span class='ocrx_word' id='word_1_224' title='bbox 616 1945 664 1980; x_wconf 88' lang='lat' dir='ltr'>ab</span> <span class='ocrx_word' id='word_1_225' title='bbox 693 1945 899 1981; x_wconf 73' lang='lat' dir='ltr'>editoribus</span> <span class='ocrx_word' id='word_1_226' title='bbox 914 1945 1075 1980; x_wconf 87' lang='lat' dir='ltr'>habetur</span> <span class='ocrx_word' id='word_1_227' title='bbox 1100 1945 1202 1990; x_wconf 76' lang='lat' dir='ltr'>prior</span> <span class='ocrx_word' id='word_1_228' title='bbox 1226 1957 1314 1990; x_wconf 85' lang='lat' dir='ltr'>pars</span> <span class='ocrx_word' id='word_1_229' title='bbox 1332 1945 1546 1981; x_wconf 84' lang='lat' dir='ltr'>sententiae</span> <span class='ocrx_word' id='word_1_230' title='bbox 1564 1957 1634 1991; x_wconf 88' lang='lat' dir='ltr'>per</span> 
     </span>
     <span class='ocr_line' id='line_1_36' title="bbox 52 2003 1632 2051; baseline -0.001 -11"><span class='ocrx_word' id='word_1_231' title='bbox 52 2048 54 2051; x_wconf 17' lang='lat' dir='ltr'>v</span> <span class='ocrx_word' id='word_1_232' title='bbox 139 2003 398 2045; x_wconf 71' lang='lat' dir='ltr'>⁴‹mnditionem</span> <span class='ocrx_word' id='word_1_233' title='bbox 434 2015 654 2050; x_wconf 85' lang='lat' dir='ltr'>expressae;</span> <span class='ocrx_word' id='word_1_234' title='bbox 694 2005 734 2038; x_wconf 90' lang='lat' dir='ltr'>at</span> <span class='ocrx_word' id='word_1_235' title='bbox 759 2004 837 2039; x_wconf 84' lang='lat' dir='ltr'>sive</span> <span class='ocrx_word' id='word_1_236' title='bbox 873 2004 973 2046; x_wconf 63' lang='lat' dir='ltr'>fleret</span> <span class='ocrx_word' id='word_1_237' title='bbox 1008 2004 1204 2039; x_wconf 80' lang='lat' dir='ltr'>scribimus</span> <span class='ocrx_word' id='word_1_238' title='bbox 1242 2004 1466 2039; x_wconf 79' lang='lat' dir='ltr'>Vaticanum</span> <span class='ocrx_word' id='word_1_239' title='bbox 1503 2005 1632 2045; x_wconf 78' lang='lat' dir='ltr'>secuti,</span> 
     </span>
     <span class='ocr_line' id='line_1_37' title="bbox 138 2061 1632 2108; baseline -0.001 -9.057"><span class='ocrx_word' id='word_1_240' title='bbox 138 2061 222 2099; x_wconf 67' lang='lat' dir='ltr'>aive</span> <span class='ocrx_word' id='word_1_241' title='bbox 244 2063 366 2106; x_wconf 79' lang='lat' dir='ltr'>fuerit,</span> <span class='ocrx_word' id='word_1_242' title='bbox 393 2063 489 2108; x_wconf 86' lang='lat' dir='ltr'>quod</span> <span class='ocrx_word' id='word_1_243' title='bbox 516 2063 634 2098; x_wconf 86' lang='lat' dir='ltr'>habet</span> <span class='ocrx_word' id='word_1_244' title='bbox 660 2063 742 2099; x_wconf 88' lang='lat' dir='ltr'>cod.</span> <span class='ocrx_word' id='word_1_245' title='bbox 762 2062 875 2104; x_wconf 62' lang='lat' dir='ltr'>carr„</span> <span class='ocrx_word' id='word_1_246' title='bbox 902 2063 980 2098; x_wconf 82' lang='lat' dir='ltr'>sive</span> <span class='ocrx_word' id='word_1_247' title='bbox 1004 2063 1074 2105; x_wconf 73' lang='lat' dir='ltr'>fiet.</span> <span class='ocrx_word' id='word_1_248' title='bbox 1111 2063 1211 2107; x_wconf 90' lang='lat' dir='ltr'>quod</span> <span class='ocrx_word' id='word_1_249' title='bbox 1243 2063 1403 2098; x_wconf 78' lang='lat' dir='ltr'>coniecit</span> <span class='ocrx_word' id='word_1_250' title='bbox 1428 2063 1632 2104; x_wconf 78' lang='lat' dir='ltr'>Baehrens,</span> 
     </span>
     <span class='ocr_line' id='line_1_38' title="bbox 141 2121 1632 2168; baseline 0 -10"><span class='ocrx_word' id='word_1_251' title='bbox 141 2133 295 2168; x_wconf 76' lang='lat' dir='ltr'>prorsus</span> <span class='ocrx_word' id='word_1_252' title='bbox 317 2133 437 2168; x_wconf 84' lang='lat' dir='ltr'>prava</span> <span class='ocrx_word' id='word_1_253' title='bbox 454 2122 582 2167; x_wconf 88' lang='lat' dir='ltr'>utique</span> <span class='ocrx_word' id='word_1_254' title='bbox 608 2123 666 2158; x_wconf 87' lang='lat' dir='ltr'>est</span> <span class='ocrx_word' id='word_1_255' title='bbox 692 2122 888 2162; x_wconf 85' lang='lat' dir='ltr'>sententia,</span> <span class='ocrx_word' id='word_1_256' title='bbox 915 2133 1004 2156; x_wconf 86' lang='lat' dir='ltr'>nam</span> <span class='ocrx_word' id='word_1_257' title='bbox 1021 2121 1292 2167; x_wconf 83' lang='lat' dir='ltr'>Symplegades</span> <span class='ocrx_word' id='word_1_258' title='bbox 1318 2122 1350 2157; x_wconf 89' lang='lat' dir='ltr'>si</span> <span class='ocrx_word' id='word_1_259' title='bbox 1365 2124 1452 2157; x_wconf 87' lang='lat' dir='ltr'>sunt</span> <span class='ocrx_word' id='word_1_260' title='bbox 1477 2123 1632 2158; x_wconf 86' lang='lat' dir='ltr'>medio</span> 
     </span>
     <span class='ocr_line' id='line_1_39' title="bbox 141 2179 1632 2232; baseline -0.001 -16.059"><span class='ocrx_word' id='word_1_261' title='bbox 141 2179 190 2232; x_wconf 73' lang='lat' dir='ltr'>in</span> <span class='ocrx_word' id='word_1_262' title='bbox 211 2192 421 2222; x_wconf 77' lang='lat' dir='ltr'>recursu,</span> <span class='ocrx_word' id='word_1_263' title='bbox 447 2182 654 2222; x_wconf 74' lang='lat' dir='ltr'>moventur,</span> <span class='ocrx_word' id='word_1_264' title='bbox 682 2193 756 2216; x_wconf 91' lang='lat' dir='ltr'>non</span> <span class='ocrx_word' id='word_1_265' title='bbox 773 2182 968 2217; x_wconf 80' lang='lat' dir='ltr'>morantur</span> <span class='ocrx_word' id='word_1_266' title='bbox 986 2192 1106 2226; x_wconf 88' lang='lat' dir='ltr'>neque</span> <span class='ocrx_word' id='word_1_267' title='bbox 1130 2183 1217 2216; x_wconf 85' lang='lat' dir='ltr'>sunt</span> <span class='ocrx_word' id='word_1_268' title='bbox 1243 2181 1392 2227; x_wconf 87' lang='lat' dir='ltr'>quietae</span> <span class='ocrx_word' id='word_1_269' title='bbox 1420 2183 1458 2216; x_wconf 88' lang='lat' dir='ltr'>et</span> <span class='ocrx_word' id='word_1_270' title='bbox 1485 2184 1632 2217; x_wconf 82' lang='lat' dir='ltr'>contra:</span> 
     </span>
     <span class='ocr_line' id='line_1_40' title="bbox 55 2238 1634 2287; baseline 0 -12"><span class='ocrx_word' id='word_1_271' title='bbox 55 2248 84 2268; x_wconf 59' lang='lat'>1</span> <span class='ocrx_word' id='word_1_272' title='bbox 144 2240 244 2287; x_wconf 68' lang='lat' dir='ltr'>quod</span> <span class='ocrx_word' id='word_1_273' title='bbox 265 2238 382 2286; x_wconf 81' lang='lat' dir='ltr'>igitur</span> <span class='ocrx_word' id='word_1_274' title='bbox 404 2240 444 2275; x_wconf 79' lang='lat' dir='ltr'>i&#39;n</span> <span class='ocrx_word' id='word_1_275' title='bbox 466 2240 620 2286; x_wconf 87' lang='lat' dir='ltr'>prodosi</span> <span class='ocrx_word' id='word_1_276' title='bbox 643 2241 857 2286; x_wconf 84' lang='lat' dir='ltr'>poneretur,</span> <span class='ocrx_word' id='word_1_277' title='bbox 896 2240 936 2275; x_wconf 86' lang='lat' dir='ltr'>id</span> <span class='ocrx_word' id='word_1_278' title='bbox 969 2240 1008 2275; x_wconf 90' lang='lat' dir='ltr'>in</span> <span class='ocrx_word' id='word_1_279' title='bbox 1047 2240 1204 2285; x_wconf 89' lang='lat' dir='ltr'>apodosi</span> <span class='ocrx_word' id='word_1_280' title='bbox 1228 2242 1443 2286; x_wconf 80' lang='lat' dir='ltr'>negaretur.</span> <span class='ocrx_word' id='word_1_281' title='bbox 1493 2241 1634 2276; x_wconf 84' lang='lat' dir='ltr'>Votum</span> 
     </span>
     <span class='ocr_line' id='line_1_41' title="bbox 122 2295 1633 2345; baseline 0.001 -10.958"><span class='ocrx_word' id='word_1_282' title='bbox 122 2295 269 2345; x_wconf 54' lang='lat' dir='ltr'>&#39;potius</span> <span class='ocrx_word' id='word_1_283' title='bbox 294 2299 469 2345; x_wconf 79' lang='lat' dir='ltr'>exprimit</span> <span class='ocrx_word' id='word_1_284' title='bbox 494 2299 676 2336; x_wconf 88' lang='lat' dir='ltr'>Phineus:</span> <span class='ocrx_word' id='word_1_285' title='bbox 714 2299 869 2334; x_wconf 80' lang='lat' dir='ltr'>‘utinam</span> <span class='ocrx_word' id='word_1_286' title='bbox 893 2299 1056 2345; x_wconf 84' lang='lat' dir='ltr'>scopulis</span> <span class='ocrx_word' id='word_1_287' title='bbox 1096 2299 1219 2335; x_wconf 86' lang='lat' dir='ltr'>brevis</span> <span class='ocrx_word' id='word_1_288' title='bbox 1256 2300 1365 2336; x_wconf 87' lang='lat' dir='ltr'>fieret</span> <span class='ocrx_word' id='word_1_289' title='bbox 1402 2305 1522 2335; x_wconf 84' lang='lat' dir='ltr'>mora!</span> <span class='ocrx_word' id='word_1_290' title='bbox 1566 2300 1633 2335; x_wconf 84' lang='lat' dir='ltr'>sed</span> 
     </span>
     <span class='ocr_line' id='line_1_42' title="bbox 59 2358 1633 2409; baseline 0 -15"><span class='ocrx_word' id='word_1_291' title='bbox 59 2370 89 2409; x_wconf 54' lang='lat' dir='ltr'>j</span> <span class='ocrx_word' id='word_1_292' title='bbox 145 2367 233 2395; x_wconf 68' lang='lat' dir='ltr'>m</span> <span class='ocrx_word' id='word_1_293' title='bbox 269 2369 316 2394; x_wconf 78' lang='lat' dir='ltr'>ea</span> <span class='ocrx_word' id='word_1_294' title='bbox 338 2370 414 2394; x_wconf 87' lang='lat' dir='ltr'>non</span> <span class='ocrx_word' id='word_1_295' title='bbox 451 2358 528 2403; x_wconf 78' lang='lat' dir='ltr'>fiat,</span> <span class='ocrx_word' id='word_1_296' title='bbox 565 2358 671 2394; x_wconf 85' lang='lat' dir='ltr'>vobis</span> <span class='ocrx_word' id='word_1_297' title='bbox 709 2358 801 2404; x_wconf 83' lang='lat' dir='ltr'>fuga</span> <span class='ocrx_word' id='word_1_298' title='bbox 836 2359 1077 2404; x_wconf 84' lang='lat' dir='ltr'>properanda</span> <span class='ocrx_word' id='word_1_299' title='bbox 1116 2361 1184 2405; x_wconf 82' lang='lat' dir='ltr'>est,</span> <span class='ocrx_word' id='word_1_300' title='bbox 1225 2371 1309 2394; x_wconf 89' lang='lat' dir='ltr'>cum</span> <span class='ocrx_word' id='word_1_301' title='bbox 1346 2371 1457 2404; x_wconf 86' lang='lat' dir='ltr'>rupes</span> <span class='ocrx_word' id='word_1_302' title='bbox 1482 2359 1633 2394; x_wconf 87' lang='lat' dir='ltr'>suntin</span> 
     </span>
     <span class='ocr_line' id='line_1_43' title="bbox 4 2415 1633 2463; baseline 0 -10"><span class='ocrx_word' id='word_1_303' title='bbox 4 2415 8 2434; x_wconf 71' lang='lat'><strong>²</strong></span> <span class='ocrx_word' id='word_1_304' title='bbox 139 2416 294 2453; x_wconf 75' lang='lat' dir='ltr'>medio</span> <span class='ocrx_word' id='word_1_305' title='bbox 316 2419 534 2454; x_wconf 84' lang='lat' dir='ltr'>recursu&#39;.</span> <span class='ocrx_word' id='word_1_306' title='bbox 596 2417 641 2452; x_wconf 90' lang='lat' dir='ltr'>In</span> <span class='ocrx_word' id='word_1_307' title='bbox 678 2418 798 2463; x_wconf 88' lang='lat' dir='ltr'>primo</span> <span class='ocrx_word' id='word_1_308' title='bbox 837 2418 935 2453; x_wconf 89' lang='lat' dir='ltr'>enim</span> <span class='ocrx_word' id='word_1_309' title='bbox 972 2429 1125 2454; x_wconf 86' lang='lat' dir='ltr'>recursu</span> <span class='ocrx_word' id='word_1_310' title='bbox 1149 2430 1252 2454; x_wconf 88' lang='lat' dir='ltr'>mare</span> <span class='ocrx_word' id='word_1_311' title='bbox 1278 2418 1378 2454; x_wconf 87' lang='lat' dir='ltr'>inter</span> <span class='ocrx_word' id='word_1_312' title='bbox 1403 2418 1495 2453; x_wconf 87' lang='lat' dir='ltr'>duas</span> <span class='ocrx_word' id='word_1_313' title='bbox 1521 2430 1633 2463; x_wconf 90' lang='lat' dir='ltr'>rupes</span> 
     </span>
     <span class='ocr_line' id='line_1_44' title="bbox 7 2474 1633 2522; baseline 0 -10"><span class='ocrx_word' id='word_1_314' title='bbox 7 2486 11 2490; x_wconf 86' lang='grc'>··</span> <span class='ocrx_word' id='word_1_315' title='bbox 140 2474 311 2512; x_wconf 72' lang='lat' dir='ltr'>&#39;nondum</span> <span class='ocrx_word' id='word_1_316' title='bbox 333 2476 425 2512; x_wconf 64' lang='lat' dir='ltr'>satia</span> <span class='ocrx_word' id='word_1_317' title='bbox 450 2476 616 2522; x_wconf 83' lang='lat' dir='ltr'>quietum</span> <span class='ocrx_word' id='word_1_318' title='bbox 642 2478 709 2522; x_wconf 83' lang='lat' dir='ltr'>est,</span> <span class='ocrx_word' id='word_1_319' title='bbox 733 2477 815 2511; x_wconf 88' lang='lat' dir='ltr'>tum</span> <span class='ocrx_word' id='word_1_320' title='bbox 840 2478 967 2512; x_wconf 87' lang='lat' dir='ltr'>autem</span> <span class='ocrx_word' id='word_1_321' title='bbox 993 2488 1015 2512; x_wconf 84' lang='lat' dir='ltr'>a</span> <span class='ocrx_word' id='word_1_322' title='bbox 1038 2477 1163 2512; x_wconf 89' lang='lat' dir='ltr'>medio</span> <span class='ocrx_word' id='word_1_323' title='bbox 1194 2488 1346 2513; x_wconf 84' lang='lat' dir='ltr'>recursu</span> <span class='ocrx_word' id='word_1_324' title='bbox 1378 2477 1633 2521; x_wconf 77' lang='lat' dir='ltr'>longissimum</span> 
     </span>
     <span class='ocr_line' id='line_1_45' title="bbox 8 2524 1631 2582; baseline 0.001 -12"><span class='ocrx_word' id='word_1_325' title='bbox 8 2551 14 2576; x_wconf 70' lang='grc' dir='ltr'><strong><em>ς</em></strong></span> <span class='ocrx_word' id='word_1_326' title='bbox 78 2524 86 2555; x_wconf 50' lang='lat' dir='ltr'><em>f</em></span> <span class='ocrx_word' id='word_1_327' title='bbox 141 2534 389 2580; x_wconf 16' lang='lat' dir='ltr'>mssapafium</span> <span class='ocrx_word' id='word_1_328' title='bbox 428 2537 477 2571; x_wconf 87' lang='lat' dir='ltr'>ad</span> <span class='ocrx_word' id='word_1_329' title='bbox 512 2536 552 2570; x_wconf 89' lang='lat' dir='ltr'>id</span> <span class='ocrx_word' id='word_1_330' title='bbox 576 2538 736 2580; x_wconf 83' lang='lat' dir='ltr'>tempus,</span> <span class='ocrx_word' id='word_1_331' title='bbox 775 2547 846 2581; x_wconf 92' lang='lat' dir='ltr'>quo</span> <span class='ocrx_word' id='word_1_332' title='bbox 882 2548 1008 2571; x_wconf 86' lang='lat' dir='ltr'>rursus</span> <span class='ocrx_word' id='word_1_333' title='bbox 1036 2539 1272 2572; x_wconf 82' lang='lat' dir='ltr'>concurrunt.</span> <span class='ocrx_word' id='word_1_334' title='bbox 1349 2537 1393 2572; x_wconf 81' lang='lat' dir='ltr'>Si</span> <span class='ocrx_word' id='word_1_335' title='bbox 1416 2536 1568 2582; x_wconf 84' lang='lat' dir='ltr'>ponitur</span> <span class='ocrx_word' id='word_1_336' title='bbox 1593 2536 1631 2571; x_wconf 87' lang='lat' dir='ltr'>in</span> 
     </span>
     <span class='ocr_line' id='line_1_46' title="bbox 10 2584 1633 2645; baseline 0.001 -17"><span class='ocrx_word' id='word_1_337' title='bbox 10 2586 18 2634; x_wconf 41' lang='lat'>,&#39;</span> <span class='ocrx_word' id='word_1_338' title='bbox 58 2588 79 2645; x_wconf 40' lang='grc' dir='ltr'><em>ᾖ</em></span> <span class='ocrx_word' id='word_1_339' title='bbox 145 2593 235 2629; x_wconf 75' lang='lat' dir='ltr'>voto</span> <span class='ocrx_word' id='word_1_340' title='bbox 259 2594 500 2639; x_wconf 80' lang='lat' dir='ltr'>exprimendo</span> <span class='ocrx_word' id='word_1_341' title='bbox 535 2606 604 2640; x_wconf 83' lang='lat' dir='ltr'>pro</span> <span class='ocrx_word' id='word_1_342' title='bbox 643 2594 832 2640; x_wconf 79' lang='lat' dir='ltr'>particula</span> <span class='ocrx_word' id='word_1_343' title='bbox 868 2596 1017 2632; x_wconf 72' lang='lat' dir='ltr'>utinam.</span> <span class='ocrx_word' id='word_1_344' title='bbox 1056 2596 1097 2630; x_wconf 89' lang='lat' dir='ltr'>ut</span> <span class='ocrx_word' id='word_1_345' title='bbox 1134 2584 1244 2640; x_wconf 63' lang='lat' dir='ltr'>Verg.</span> <span class='ocrx_word' id='word_1_346' title='bbox 1277 2597 1369 2631; x_wconf 90' lang='lat' dir='ltr'>Aen.</span> <span class='ocrx_word' id='word_1_347' title='bbox 1409 2596 1472 2640; x_wconf 77' lang='grc' dir='ltr'>Ἡ,</span> <span class='ocrx_word' id='word_1_348' title='bbox 1508 2595 1573 2630; x_wconf 85' lang='grc'>187</span> <span class='ocrx_word' id='word_1_349' title='bbox 1598 2597 1633 2630; x_wconf 68' lang='lat' dir='ltr'>si</span> 
     </span>
     <span class='ocr_line' id='line_1_47' title="bbox 11 2643 1631 2700; baseline -0.001 -11"><span class='ocrx_word' id='word_1_350' title='bbox 11 2643 15 2656; x_wconf 68' lang='lat'><strong>¹</strong></span> <span class='ocrx_word' id='word_1_351' title='bbox 144 2660 242 2690; x_wconf 60' lang='lat' dir='ltr'>m</span> <span class='ocrx_word' id='word_1_352' title='bbox 261 2663 301 2688; x_wconf 69' lang='lat' dir='ltr'>se</span> <span class='ocrx_word' id='word_1_353' title='bbox 322 2653 424 2689; x_wconf 67' lang='lat' dir='ltr'>nobie</span> <span class='ocrx_word' id='word_1_354' title='bbox 447 2654 505 2689; x_wconf 67' lang='lat' dir='ltr'>iae</span> <span class='ocrx_word' id='word_1_355' title='bbox 527 2665 659 2689; x_wconf 68' lang='lat' dir='ltr'>awreus</span> <span class='ocrx_word' id='word_1_356' title='bbox 683 2654 808 2689; x_wconf 71' lang='lat' dir='ltr'>arbore</span> <span class='ocrx_word' id='word_1_357' title='bbox 831 2665 954 2689; x_wconf 74' lang='lat' dir='ltr'>ramus</span> <span class='ocrx_word' id='word_1_358' title='bbox 979 2653 1172 2690; x_wconf 72' lang='lat' dir='ltr'>Ostendat!</span> <span class='ocrx_word' id='word_1_359' title='bbox 1208 2655 1356 2700; x_wconf 83' lang='lat' dir='ltr'>saepius</span> <span class='ocrx_word' id='word_1_360' title='bbox 1383 2655 1483 2700; x_wconf 88' lang='lat' dir='ltr'>apud</span> <span class='ocrx_word' id='word_1_361' title='bbox 1499 2656 1631 2699; x_wconf 83' lang='lat' dir='ltr'>poetas</span> 
     </span>
     <span class='ocr_line' id='line_1_48' title="bbox 141 2709 1631 2759; baseline 0 -13"><span class='ocrx_word' id='word_1_362' title='bbox 141 2718 169 2746; x_wconf 82' lang='grc' dir='ltr'><strong>ο</strong></span> <span class='ocrx_word' id='word_1_363' title='bbox 190 2709 224 2746; x_wconf 71' lang='lat' dir='ltr'>n*</span> <span class='ocrx_word' id='word_1_364' title='bbox 246 2710 300 2746; x_wconf 76' lang='lat' dir='ltr'>sio</span> <span class='ocrx_word' id='word_1_365' title='bbox 323 2711 502 2757; x_wconf 82' lang='lat' dir='ltr'>scriptum</span> <span class='ocrx_word' id='word_1_366' title='bbox 519 2713 714 2758; x_wconf 86' lang='lat' dir='ltr'>reperitur.</span> <span class='ocrx_word' id='word_1_367' title='bbox 752 2713 797 2748; x_wconf 89' lang='lat' dir='ltr'>In</span> <span class='ocrx_word' id='word_1_368' title='bbox 814 2724 923 2748; x_wconf 87' lang='lat' dir='ltr'>versu</span> <span class='ocrx_word' id='word_1_369' title='bbox 940 2715 1069 2748; x_wconf 85' lang='lat' dir='ltr'>autem</span> <span class='ocrx_word' id='word_1_370' title='bbox 1086 2714 1156 2748; x_wconf 83' lang='lat'>573</span> <span class='ocrx_word' id='word_1_371' title='bbox 1173 2726 1243 2759; x_wconf 92' lang='lat' dir='ltr'>pro</span> <span class='ocrx_word' id='word_1_372' title='bbox 1270 2725 1314 2749; x_wconf 90' lang='lat' dir='ltr'>eo</span> <span class='ocrx_word' id='word_1_373' title='bbox 1341 2713 1441 2758; x_wconf 86' lang='lat' dir='ltr'>quod</span> <span class='ocrx_word' id='word_1_374' title='bbox 1466 2712 1631 2748; x_wconf 83' lang='lat' dir='ltr'>traditur</span> 
     </span>
     <span class='ocr_line' id='line_1_49' title="bbox 1348 2773 1392 2806; baseline 0 0"><span class='ocrx_word' id='word_1_375' title='bbox 1348 2773 1392 2806; x_wconf 81' lang='lat'>21</span> 
     </span>
    </p>
   </div>
  </div>
 </body>
</html>
