1890 3100
573 204 958 242 ARGONAVTIGON
981 202 1128 239 LIBER
1153 204 1201 239 Π.
1540 207 1623 249 133

261 325 424 364 sustulit
452 331 493 364 et
518 329 634 376 rupto
662 324 794 363 sonuit
821 337 936 362 sacer
962 336 1135 376 aequore
1164 323 1294 362 Titan.

260 396 428 429 auxerat
453 390 552 428 hora
576 395 718 437 metus,
747 389 826 427 iam
855 402 899 427 se
926 389 1120 427 vertentis
1150 387 1314 440 Olympi
1388 392 1391 396 ’

256 462 301 494 ut
327 455 470 494 faciem
496 460 709 506 raptosque
739 454 856 492 simul
883 459 1120 506 montesque
1149 454 1339 505 locosque

257 533 309 559 ex
337 520 460 559 oculis
489 520 716 571 circumque
744 532 888 570 graves
916 519 1054 557 videre
1081 518 1281 557 tenebras.

254 586 344 637 ipsa
371 585 483 638 quies
506 597 639 623 rerum
665 583 883 636 mundique
913 584 1072 622 silentia
1097 589 1250 622 terrent

256 655 443 702 astraque
472 654 514 688 et
541 649 676 688 effusis
706 648 890 687 stellatus
920 649 1093 687 crinibus
1123 649 1273 687 aether.

259 727 306 753 ac
333 714 445 753 velut
470 714 611 765 ignota
639 719 778 765 captus
806 714 971 765 regione
999 714 1152 752 viarum

254 779 508 830 noctivagum
536 780 605 831 qui
632 779 756 831 carpit
782 779 860 817 iter
886 793 967 817 non
995 792 1090 817 aure
1120 779 1300 831 quiescit,

254 857 335 882 non
363 844 500 892 oculis,
528 844 737 896 noctisque
765 849 896 882 metus
925 844 1040 895 niger
1067 849 1189 895 auget
1216 845 1414 897 utrimque

253 921 416 960 campus
446 914 486 947 et
514 922 724 947 occurrens
753 908 902 946 umbris
930 900 1145 947 maioribus
1174 909 1301 956 arbor,

253 972 362 1012 haud
389 973 505 1012 aliter
531 973 732 1025 trepidare
761 974 846 1012 viri.
903 973 975 1012 sed
1002 980 1166 1025 pectora
1191 974 1352 1013 firmans

252 1038 486 1090 Hagniades
516 1043 607 1077 ‘non
634 1039 750 1076 hanc'
779 1039 906 1090 inquit
936 1039 1033 1077 ‘sine
1062 1040 1223 1078 numine
1252 1040 1388 1090 pinum

255 1101 470 1154 dirigimus,
499 1117 574 1142 nec
602 1117 666 1141 me
694 1109 848 1141 tantum
875 1104 1055 1142 Tritonia
1083 1118 1221 1142 cursus

255 1167 416 1215 erudiit3
447 1181 568 1220 saepe
597 1169 683 1219 ipsa
710 1182 832 1206 manu
860 1168 1023 1219 dignata
1051 1169 1225 1207 carinam
1254 1175 1326 1207 est.

242 1326 300 1361 37.
348 1326 411 1362 Sol
446 1326 485 1361 in
508 1338 630 1362 mare-
649 1338 759 1362 ruens
793 1327 956 1362 sonitum
993 1327 1080 1368 edit,
1120 1327 1186 1364 cfr.
1224 1327 1274 1371 Π,
1303 1328 1364 1374 63;
1403 1329 1531 1365 Iuven.
1557 1330 1628 1366 sat.

148 1384 244 1427 XIV,
270 1385 358 1428 280;
395 1385 490 1422 Stat.
516 1386 596 1422 silv.
621 1385 670 1427 H,
697 1386 728 1426 7,
754 1385 818 1430 273
853 1385 915 1420 Sil.
942 1386 970 1427 L
996 1387 1083 1433 2103
1122 1387 1299 1426 Dracont.
1331 1388 1374 1429 X,
1411 1387 1473 1430 91;
1507 1388 1628 1424 orest.

146 1439 245 1489 trag.
268 1443 355 1487 8043
379 1444 516 1480 Auson.
542 1445 648 1490 epist.
665 1445 820 1487 XDL2;
847 1445 894 1481 de
919 1446 996 1481 sole
1021 1446 1165 1482 oriente
1188 1446 1290 1482 idem
1314 1447 1432 1482 habet
1451 1447 1628 1485 Dracont.

145 1502 252 1549 VIII,
273 1503 341 1538 371
368 1505 408 1538 et
433 1503 551 1539 Orest.
577 1505 674 1549 trag.
700 1504 780 1539 683.

239 1573 297 1610 38.
346 1573 520 1619 Sequitur
553 1573 753 1620 descriptio
787 1574 907 1610 noctis
938 1575 1163 1621 appetentis,
1190 1576 1291 1611 cuius
1316 1577 1552 1622 Argonautas
1587 1577 1627 1612 in

145 1630 241 1668 mari
278 1632 592 1678 deprehendentis
623 1634 816 1669 horrorem
847 1634 935 1669 dum
965 1634 1073 1669 nimis
1108 1646 1247 1680 augere
1281 1636 1408 1671 studet
1444 1635 1623 1678 Valerius,

145 1691 380 1737 aliquomodo
417 1691 646 1727 obliviscitur
682 1692 954 1728 vicissitudines
992 1693 1137 1729 dierum
1173 1694 1411 1739 noctiumque
1443 1694 1558 1730 etiam
1586 1695 1626 1730 in

144 1751 248 1786 terra
272 1750 478 1786 continenti
502 1750 602 1786 viros
628 1752 801 1797 expertos
827 1763 908 1787 esse
934 1753 973 1792 et
997 1752 1155 1788 novisse.

237 1822 403 1857 vertentis
427 1820 584 1868 Olympi3
611 1821 734 1858 dictus
760 1822 938 1868 Olympus
962 1835 1030 1868 pro
1057 1824 1171 1866 caelo,
1199 1824 1265 1861 cfr.
1292 1824 1342 1859 ad
1365 1825 1394 1866 I,
1420 1825 1455 1859 4.

237 1892 294 1928 42.
343 1892 453 1928 cxv-inis
474 1892 691 1938 plerumque
716 1894 870 1930 cometis
893 1894 1072 1930 tribuitur
1089 1896 1148 1931 vel
1168 1896 1287 1931 stellis
1304 1907 1400 1941 quae
1418 1896 1467 1931 ad
1483 1898 1626 1932 terram

145 1950 280 1987 cadere
312 1951 508 1998 videntu13
545 1951 592 1987 de
617 1952 733 1988 stellis
758 1952 837 1988 fixis
864 1953 930 1989 cfr.
956 1954 1107 1990 Anthol.
1134 1955 1212 1997 139,
1239 1955 1285 1990 32
1312 1955 1370 1997 B.;
1410 1955 1538 1992 Claud.
1578 1956 1624 1992 de

143 2009 244 2046 bello
270 2008 367 2046 Gild.
390 2010 481 2052 496;
505 2010 636 2047 Avien.
666 2011 801 2056 phaon.
833 2011 895 2054 81;
928 2012 994 2048 cfr.
1028 2013 1142 2048 etiam
1167 2013 1249 2051 Val.
1275 2013 1316 2055 V,
1343 2013 1423 2056 369,
1454 2014 1518 2050 ubi
1551 2027 1625 2051 nox

145 2067 280 2104 dicitur
304 2069 471 2112 luciferas·
495 2070 625 2104 crinita
647 2070 754 2112 faces.

236 2139 294 2176 43.
342 2139 510 2176 Venusta
535 2141 593 2176 est
624 2141 825 2187 descriptio
859 2142 1027 2184 hominis,
1066 2143 1129 2188 qui
1166 2143 1358 2180 anxietate
1394 2145 1525 2191 plenus
1555 2157 1624 2191 per

143 2198 320 2237 tenebras
350 2198 423 2234 iter
448 2198 551 2235 facit.

236 2270 294 2306 44.
342 2271 566 2316 noctivayum
588 2272 671 2313 item
699 2271 765 2307 cfr.
792 2272 842 2307 ad
866 2272 922 2309 35.

236 2340 294 2376 46.
341 2341 516 2386 utrimque
539 2342 562 2378 i.
589 2353 620 2378 e.
646 2353 669 2377 a
693 2342 818 2378 fronte
844 2345 882 2379 et
908 2355 930 2379 a
953 2345 1073 2389 tergo.

236 2410 294 2449 48.
341 2422 415 2447 non
438 2413 654 2448 hanc—asine
677 2414 820 2449 numine
839 2416 967 2459 pinum
984 2415 1188 2461 div-immas.-
1203 2427 1275 2452 non
1291 2417 1476 2462 particula
1492 2418 1620 2463 paullo

143 2468 294 2506 liberius
318 2470 358 2505 in
381 2470 488 2507 initio
513 2472 727 2514 collocatur,
754 2484 836 2508 cum
862 2474 910 2508 sit
934 2475 1122 2510 sententia
1141 2476 1247 2510 ‘hanc
1264 2475 1495 2521 pinum'non
1521 2477 1620 2512 sine

144 2527 326 2564 numine
350 2529 409 2571 d.’;
436 2529 504 2567 cfr.
529 2529 590 2571 IV,
618 2530 698 2568 179.

236 2598 294 2635 49.
343 2598 443 2636 Scito
482 2600 651 2637 Valerius
701 2602 847 2648 Tiphyn
894 2615 916 2638 a
957 2604 1125 2640 Minerva
1172 2605 1253 2651 ipsa
1304 2606 1489 2642 eruditum
1539 2618 1618 2642 esse

148 2658 295 2700 narrat;
332 2669 419 2694 nam
455 2659 534 2705 ipse
572 2672 616 2696 ex
653 2672 693 2696 se
724 2662 856 2703 omnia,
890 2674 984 2707 quae
1020 2665 1154 2708 postea
1177 2664 1332 2710 profert,
1368 2665 1507 2701 discere
1544 2677 1619 2700 non
