1890 3100
583 222 971 260 ARGONAVTICON
994 222 1142 258 LIBER
1164 222 1248 258 vn.
1598 223 1685 267 473

315 343 527 384 exulibus?
554 358 698 397 meque
727 350 819 383 ante
849 343 948 382 alios
977 344 1034 382 sic
1062 342 1257 395 spreverit
1284 355 1375 389 una,

313 423 395 448 una
420 410 527 456 ratis,
558 410 727 461 spolium
754 415 799 448 ut
824 410 917 447 vivo
945 407 996 447 de
1023 420 1121 458 rege
1149 405 1352 458 reportet?
1415 442 1419 446 .

313 475 444 526 ipsum
473 475 614 513 offerre
641 487 765 522 meos,
793 475 924 526 ipsum
949 485 1014 511 me
1041 471 1220 523 pandere
1247 471 1359 509 lucos

313 540 483 591 imperet
512 545 553 578 et
579 539 691 578 nullo
720 539 907 590 dignetur
931 538 1094 575 vincere
1122 535 1259 574 bello?

314 618 384 643 cur
412 618 487 655 age
515 618 597 642 non
622 604 783 656 templis
811 607 968 642 sacrata
995 601 1173 640 avellere
1202 600 1308 639 dona

314 669 496 708 omnibus
524 675 644 721 atque
672 669 779 720 ipsas
807 667 968 719 gremiis
997 666 1196 705 abducere
1223 672 1351 714 natas,

311 734 473 786 praedo,
501 733 627 772 libet?
652 733 821 772 vobisne
850 732 1000 780 domos,
1028 731 1196 770 vobisne
1223 736 1411 783 parentes

315 812 406 838 esse
431 804 580 850 putem,
609 799 705 837 ratis
732 797 906 836 infandis
935 811 1034 849 quos
1063 797 1151 835 sola
1177 797 1326 849 rapinis

296 864 515 915 saevaque
542 863 671 914 pascit
698 863 853 914 hiemps
882 867 922 900 et
951 874 1063 914 quos,
1093 861 1301 900 credamus
1329 867 1373 900 ut
1400 861 1512 913 ipsis,

253 980 255 982 Ι
311 941 384 967 rex
412 941 507 966 suus
535 928 659 966 inlisit
685 928 831 980 pelago
861 927 1067 980 vetuitque
1095 926 1269 966 reverti?

248 983 250 985 Ι
313 993 466 1032 scilicet
494 993 664 1032 Aeoliae
692 993 857 1046 pecudis
885 998 1093 1045 poteretur
1118 998 1163 1031 ut
1192 991 1315 1031 auro?

315 1057 422 1112 [ante
449 1071 563 1097 meus
592 1071 712 1097 caesa
738 1057 960 1097 descendet
989 1057 1195 1096 Caucasus
1223 1057 1365 1095 umbra
1410 1072 1434 1096 ,-

206 1206 279 1240 qua
304 1195 419 1231 etiam
443 1195 610 1231 historici
635 1195 834 1241 scriptores
860 1195 988 1231 dicunt
1011 1194 1147 1240 ingenti
1171 1195 1326 1229 averoim
1342 1193 1538 1238 proficisci,
1572 1193 1686 1228 decem

204 1254 355 1290 nam‘bue
378 1255 496 1290 venire
520 1255 566 1290 aL

297 1313 355 1349 47.
403 1314 542 1349 Furore
559 1314 737 1359 abreptus
755 1314 891 1349 Aeetes
907 1313 1020 1358 plane
1038 1312 1271 1348 obliviscitur
1295 1311 1433 1354 auxilii,
1459 1311 1559 1356 quod
1576 1310 1688 1347 modo

205 1371 245 1406 in
269 1371 370 1408 bello
394 1372 613 1418 gravissimo
639 1373 673 1408 ei
698 1372 808 1408 Iason
832 1372 932 1407 tulit.

299 1435 334 1466 et
357 1431 470 1470 nullo:
504 1431 570 1466 cfr.
597 1432 647 1466 ad
671 1431 722 1473 H,
747 1432 781 1466 5.

299 1490 357 1526 49.
405 1491 549 1536 memiis
573 1491 744 1526 abducere
766 1494 889 1533 natam
915 1491 1028 1535 Verg.
1054 1492 1144 1526 Aen.
1169 1490 1216 1530 X,
1243 1489 1299 1525 79.

242 1591 246 1594 ⁴
297 1549 354 1585 50.
397 1554 549 1594 penates
572 1549 800 1596 scripserunt
824 1550 1079 1585 Burmannum
1102 1549 1221 1585 secuti
1250 1548 1412 1585 Schenkl
1438 1550 1478 1584 et
1494 1548 1686 1584 Baehrens

202 1619 272 1654 pro
296 1619 341 1644 eo
366 1609 496 1654 quod'
486 1621 525 1644 111
549 1610 634 1644 Vat.
659 1609 796 1655 legitur
814 1613 1003 1654 parmate&
1042 1608 1109 1644 sed
1144 1608 1329 1654 languent
1347 1611 1498 1652 penates
1522 1608 1575 1643 sic
1600 1608 1686 1642 sim-

203 1666 355 1713 pliciter
389 1669 476 1713 post
515 1668 636 1704 domos
672 1667 960 1705 commemorati.
1010 1669 1132 1712 Atqw
1169 1667 1310 1713 optime
1348 1678 1389 1703 se
1425 1667 1553 1714 habet,
1590 1666 1689 1712 quod

202 1726 340 1762 Aeetes
358 1726 405 1762 de
421 1727 642 1772 parentibus
661 1728 962 1772 Argonautarum
980 1726 1144 1763 dubitat:
1170 1726 1262 1761 mihi
1279 1726 1429 1772 quidem
1445 1725 1689 1762 certissimum

204 1786 263 1820 est
286 1784 432 1821 Valerio
463 1786 703 1821 obversatum
742 1797 821 1821 esse
855 1786 976 1822 locum
1005 1786 1113 1822 Hom.
1145 1785 1188 1822 Π.
1220 1784 1323 1831 XVI,
1357 1785 1404 1820 33
1435 1796 1536 1830 seqq.
1579 1783 1689 1830 νηλεές

204 1844 264 1880 οὐκ
288 1843 353 1889 ἄρα
377 1844 430 1880 σοί
451 1858 488 1890 γε
511 1845 619 1890 πατὴρ
642 1842 719 1890 ἦν’
706 1858 827 1882 ιπποτα
858 1848 988 1891 Πηλεὺς
1020 1845 1109 1881 Οὐδὲ
1146 1844 1243 1888 Θέτις
1273 1845 1387 1890 μήτηρ·
1420 1849 1544 1890 γλαυκὴ
1580 1843 1619 1880 δέ
1651 1856 1689 1879 σε

206 1902 294 1940 τίκτε
341 1905 495 1940 θάλασσα
530 1903 644 1949 πέτραι
678 1906 708 1939 τ’
745 1903 904 1949 ἠλίβατος
964 1903 1031 1941 cfr.
1068 1903 1318 1939 imitationem
1354 1903 1464 1948 Verg.
1500 1903 1593 1939 Aen.
1625 1901 1687 1948 IV,

205 1961 278 1999 365
303 1972 404 2007 seqq.

301 2020 357 2056 52.
406 2031 579 2066 saevaque
596 2021 718 2066 pascit
740 2021 895 2067 hiemp83
939 2021 1025 2056 Pius
1051 2023 1090 2057 et
1113 2021 1282 2066 Wagner
1317 2022 1421 2057 recte
1457 2021 1596 2066 putant
1627 2020 1687 2055 his

205 2079 332 2115 verbis
357 2079 429 2115 dici
454 2080 502 2116 de
526 2079 719 2125 naufragis
743 2080 866 2116 hieme
890 2080 930 2115 in
953 2081 1094 2116 terram
1118 2080 1247 2116 eiectis
1272 2080 1311 2116 et
1336 2079 1569 2125 exspoliati&
1596 2079 1687 2114 Bur·

204 2149 319 2173 mann
345 2138 489 2184 cogitat
514 2139 561 2175 de
584 2138 716 2184 piratis
743 2139 858 2174 etiam
876 2139 1033 2175 hiberno
1056 2140 1227 2184 tempore
1243 2150 1312 2184 per
1327 2138 1448 2174 maria
1462 2138 1687 2184 vagantibus

206 2196 290 2232 coll.
314 2197 409 2233 Plin.
434 2199 512 2232 nat.
539 2198 624 2233 hist.
650 2197 699 2241 H,
726 2198 805 2240 125,
831 2209 941 2243 quem
964 2198 1088 2234 locum
1110 2210 1261 2244 prorsus
1285 2209 1361 2234 11011
1383 2197 1581 2236 intellexit.

298 2256 355 2292 53.
403 2267 492 2301 quos
514 2278 563 2283 —
585 2268 649 2292 rex
671 2268 759 2292 suus
782 2258 896 2293 inlisit
913 2258 1065 2303 pelaqo:
1090 2258 1137 2293 de
1161 2257 1346 2292 industria
1374 2257 1556 2293 inlidendi
1579 2257 1687 2302 gravi

203 2314 319 2350 verbo
342 2317 457 2361 poeta
480 2316 639 2352 Aeetam
663 2317 833 2352 utentem
856 2316 1009 2362 inducit,
1046 2317 1113 2352 sed
1150 2316 1216 2352 cfr.
1244 2316 1359 2353 etiam
1384 2316 1446 2352 Sil.
1472 2315 1586 2358 XVII,
1618 2316 1688 2351 642

205 2372 390 2419 ffliberus)
404 2386 494 2411 ,cum
516 2376 623 2410 simul
646 2375 764 2411 inlidit
781 2379 895 2420 ponto
920 2387 1008 2420 quos
1031 2376 1153 2411 attulit
1175 2387 1307 2412 amnes.

299 2444 347 2480 55
371 2456 472 2491 seqq.
497 2446 556 2482 Ad
580 2458 613 2481 v.
640 2446 684 2480 57
711 2447 804 2482 haec
828 2447 986 2482 adnotat
1015 2445 1194 2483 Schenkl:
1234 2446 1306 2492 ‘qui
1331 2447 1403 2482 hoc
1432 2446 1515 2482 loco
1540 2445 1687 2482 omnino

205 2502 355 2549 ineptus
383 2505 450 2546 est,
477 2506 636 2550 a'poeta
661 2505 758 2540 hunc
782 2505 904 2541 locum
928 2505 1078 2541 uberius
1102 2506 1313 2541 tractaturo
1350 2505 1389 2540 111
1418 2517 1495 2550 mg.
1521 2505 1687 2540 adiectus

206 2560 320 2598 fuisse
346 2562 524 2606 videtur'3
549 2564 650 2600 idem
676 2564 721 2599 de
748 2564 891 2600 duobus
914 2564 1083 2600 versibus
1109 2564 1307 2600 dicendum
1330 2566 1434 2610 puto,
1459 2564 1520 2610 qui
1535 2575 1687 2609 praece-

207 2619 310 2657 dunt.
354 2621 585 2658 Sententiam
609 2624 711 2659 recte
729 2622 877 2659 videtur
888 2623 1056 2669 Wagner
1081 2623 1287 2669 explicasse
1311 2623 1367 2658 his
1392 2623 1534 2659 verbis:
1563 2630 1687 2658 ‘naves

205 2679 317 2725 prius,
356 2691 401 2716 ex
426 2682 581 2718 Caucasi
606 2682 679 2718 mei
704 2682 805 2718 silvis
831 2682 953 2718 densis
978 2682 1194 2724 fabricatae,
1232 2683 1270 2717 in
1300 2693 1404 2718 mare
1430 2682 1686 2718 demittentur.

1705 1067 1742 1098 55
