1890 3100
198 167 285 209 370
720 165 755 201 C.
782 165 963 200 VALERI
990 165 1164 201 FLACCI

304 290 418 336 rapta
445 284 542 322 toris
571 284 686 335 primi
714 285 830 323 iubar
858 284 908 323 ad
937 285 1136 336 placabile
1165 285 1318 323 Phoebi

304 349 387 388 ibat
417 355 456 388 et
484 349 705 388 horrendas
734 349 945 388 lustrantia
972 350 1135 388 fiumina
1162 356 1313 389 noctes.

304 428 476 467 namque
508 421 713 466 soporatos
743 417 873 454 tacitis
903 416 942 454 in
973 416 1135 454 sedibus
1165 421 1273 454 artus
1304 467 1309 470 μ

306 480 399 518 dum
428 481 574 531 premit
603 481 685 519 alta
714 482 827 533 quies
856 481 1074 533 nullaeque
1103 482 1144 519 in
1172 482 1328 532 virgine
1359 494 1489 528 curae,

303 547 391 584 visa
419 558 572 597 pavens
602 547 722 585 castis
750 547 928 585 Hecates
960 546 1157 585 excedere
1187 547 1306 595 lucis;
1690 550 1745 579 335

307 610 481 663 dumque
510 611 565 663 pii
593 612 694 663 petit
724 625 792 649 ora
820 612 955 663 patris,
987 613 1097 650 stetit
1126 611 1273 650 arduus
1304 612 1408 650 inter

305 682 450 728 pontus
482 684 522 715 et
549 677 703 728 ingenti
734 678 880 715 circum
910 678 1134 729 stupefacta
1162 677 1372 729 profundo,

306 742 428 780 fratre
457 748 594 780 tamen
624 749 794 781 conante
824 744 955 794 sequi:
985 757 1077 781 mox
1108 749 1213 781 stare
1242 748 1437 795 paventes

306 807 463 846 viderat
491 808 646 846 intenta
672 821 820 859 pueros
850 822 949 846 nece
981 821 1106 860 seque
1135 814 1377 846 trementum

307 886 498 924 spargere
529 873 653 911 caede
681 887 823 911 manus
854 879 893 911 et
921 873 1072 911 lumina
1100 887 1284 925 rumpere
1313 874 1421 912 fletu.
1693 883 1747 912 340

306 939 368 977 his
397 939 558 976 turbata
585 939 701 976 minis
731 939 873 976 fluvios
902 939 1109 991 ripamque
1138 939 1303 990 petebat

306 1003 491 1041 Phasidis
522 1004 682 1056 aequali
713 1003 952 1055 Scythidum
983 1004 1197 1042 comitante
1227 1010 1398 1042 caterva.

306 1069 430 1107 florea
457 1082 529 1120 per
556 1069 671 1107 verni
701 1069 830 1121 qualis
860 1069 954 1120 iuga
983 1068 1096 1107 duxit
1125 1069 1309 1120 Hymetti

307 1140 376 1172 aut
406 1134 543 1172 Sicula
572 1134 645 1173 sub
672 1127 774 1187 'rupe
805 1135 946 1173 choros
974 1135 1067 1172 hinc
1098 1135 1302 1186 gressibus
1331 1135 1503 1173 haerens

319 1271 399 1306 331.
448 1275 557 1316 rapta
582 1273 670 1307 toris
695 1271 718 1307 i.
746 1282 777 1309 e.
805 1271 998 1307 celerrime
1024 1282 1190 1317 surgens,
1220 1283 1264 1307 ea
1283 1271 1446 1313 notione,
1474 1271 1521 1307 de
1547 1283 1620 1316 qua
1645 1271 1694 1306 ad

199 1331 248 1377 II,
275 1331 346 1366 255
371 1331 508 1366 dictum
539 1332 611 1373 est;
639 1331 704 1366 cfr.
734 1331 848 1366 etiam
874 1331 923 1366 ad
947 1331 1016 1373 ΙΙΙ,
1044 1330 1124 1367 594.

288 1391 466 1435 placabile
497 1391 604 1427 iubar
644 1391 666 1426 i.
695 1402 726 1427 e.
751 1391 914 1436 placans,
955 1390 1022 1427 cfr.
1049 1391 1097 1425 ad
1122 1391 1151 1431 Ι,
1191 1390 1271 1426 782.
1315 1391 1371 1427 De
1408 1402 1504 1436 aqua
1529 1390 1694 1426 infausta

200 1450 343 1486 somnia
361 1451 557 1486 avertente
576 1450 642 1487 cfr.
660 1450 771 1495 Verg.
790 1450 883 1487 Aen.
901 1450 1002 1491 VIII,
1030 1450 1093 1497 683
1121 1449 1215 1486 Stat.
1243 1450 1359 1488 Theb.
1386 1450 1449 1497 IX,
1474 1450 1545 1485 570
1569 1461 1693 1495 seqq.;

200 1510 310 1555 Prop.
337 1510 400 1553 IV,
425 1511 458 1557 4,
483 1510 529 1545 23
555 1521 652 1556 seq.;
679 1510 779 1545 Pers.
808 1511 878 1546 sat.
904 1510 954 1551 ΙΙ,
981 1509 1036 1545 16.

301 1581 381 1618 332.
430 1586 548 1617 noctes
572 1593 640 1628 pro
668 1581 731 1624 eis,
770 1593 864 1626 quae
891 1581 1064 1617 noctibus
1090 1582 1200 1628 fiunt;
1233 1582 1303 1616 hoc
1330 1581 1411 1616 loco
1437 1582 1524 1616 sunt
1549 1580 1694 1616 somnia

199 1643 242 1676 ut
276 1641 339 1676 Sil.
365 1641 435 1681 ΙΙΙ,
463 1641 553 1684 216;
593 1641 694 1687 apud
724 1640 818 1676 Stat.
844 1641 957 1678 Theb.
983 1641 1042 1682 IV,
1069 1641 1136 1675 133
1163 1640 1331 1676 facinora
1355 1641 1551 1676 nocturna.

294 1713 374 1748 336.
422 1714 480 1758 pii
504 1734 548 1739 —
568 1715 699 1758 patris,
726 1714 882 1758 propter
907 1724 1084 1758 magnum
1111 1723 1201 1757 erga
1225 1712 1338 1747 filiam
1368 1723 1543 1748 amorem.

294 1774 389 1808 inter
412 1785 481 1818 pro
508 1772 688 1808 adverbio
727 1774 793 1818 est,
830 1773 873 1807 ut
902 1772 960 1814 VI,
987 1772 1073 1815 220;
1116 1772 1218 1813 VIII,
1246 1772 1316 1807 303
1326 1785 1334 1815 ;
1373 1772 1467 1816 3823
1506 1771 1596 1807 alibi
1620 1783 1695 1807 non

199 1832 358 1868 inveniri
383 1832 552 1875 videtur3
594 1832 721 1878 paullo
757 1832 877 1877 magis
915 1831 953 1866 in
978 1844 1046 1867 usu
1073 1833 1156 1867 erat
1193 1833 1324 1867 circum
1362 1831 1598 1867 adverbium:
1642 1831 1694 1866 in-

198 1892 295 1937 qenti
319 1893 452 1927 ciream
477 1916 522 1920 —
550 1892 662 1937 (quod
691 1891 829 1927 circum
855 1902 894 1926 se
922 1892 1016 1935 erat)
1038 1891 1233 1936 profundo.

296 1963 377 1999 338.
425 1964 542 2006 frater
567 1967 599 1998 et
623 1974 725 1998 amen
750 1967 916 1998 conantes
941 1964 1002 2008 qui
1026 1963 1124 2008 Vat.‚
1148 1963 1264 2005 fratre
1287 1966 1405 1997 tamen
1429 1965 1580 1997 conante
1597 1962 1696 2006 sequi

204 2023 284 2060 cod.
313 2023 412 2058 Carr.

296 2093 378 2118 moa:
419 2082 599 2118 adverbio
637 2082 824 2118 indicatur
839 2110 846 2124 ‚
893 2081 1002 2117 aliam
1043 2081 1178 2117 deinde
1217 2081 1350 2117 somnii
1386 2079 1590 2125 imaginem
1629 2091 1694 2125 ap-

201 2142 383 2187 paruisse.

294 2213 373 2248 340.
425 2215 560 2249 lumina
585 2224 747 2258 rumpere
769 2214 869 2255 fletu;
896 2212 1002 2247 initio
1029 2212 1207 2248 lacrimae
1224 2211 1444 2256 retinentur,
1469 2210 1536 2246 sed
1553 2209 1695 2245 maiore

200 2272 238 2308 vi
264 2273 435 2308 claustris
462 2273 564 2318 quasi
592 2273 723 2308 fractis
750 2273 960 2318 erumpunt,
996 2272 1063 2308 cfr.
1090 2271 1196 2307 Lucr.
1235 2271 1301 2315 III,
1327 2270 1395 2306 297
1434 2281 1510 2314 seq.
1543 2274 1695 2314 pectora

201 2334 262 2377 qui
289 2333 444 2378 (leones)
468 2333 613 2375 fremitu
637 2336 809 2376 rumpunt
828 2333 1036 2376 plerumque
1071 2335 1245 2376 gementes
1283 2330 1357 2366 Nec
1393 2339 1519 2374 capere
1554 2330 1694 2364 irarum

201 2393 332 2435 fluetus
357 2393 396 2427 in
414 2396 558 2437 pectore
577 2396 742 2436 poseant.

296 2463 377 2499 343.
427 2464 526 2498 verni
550 2464 721 2508 Hymetti,
760 2463 879 2508 qualis
919 2464 976 2498 est
1013 2463 1184 2508 tempore
1222 2461 1320 2497 veris
1335 2489 1343 2501 ,
1390 2459 1542 2496 floribus
1580 2458 1693 2494 variis

203 2524 368 2565 ornatus.
394 2525 437 2558 ut
461 2524 552 2559 silva
576 2534 685 2558 verna
725 2522 820 2558 veris
857 2523 1028 2567 tempore
1067 2521 1202 2557 fronde
1239 2520 1379 2557 vestita
1404 2519 1474 2563 III,
1512 2519 1601 2565 4033
1640 2518 1692 2553 sic

201 2583 304 2617 tellus
328 2594 358 2617 v.
387 2582 481 2618 Stat.
508 2582 625 2618 Theb.
651 2582 714 2621 IV,
742 2581 827 2624 786;
866 2592 988 2616 ramus·
1012 2581 1095 2617 Seu.
1121 2581 1252 2626 Agam.
1279 2580 1364 2622 670;
1389 2579 1544 2624 virgulta
1564 2578 1691 2613 Claud.

204 2641 250 2676 de
276 2644 374 2688 rapt.
400 2642 502 2678 Pros.
529 2641 599 2680 III„
625 2642 706 2677 ⁶225.
945 2664 949 2668 -
