1890 3100
278 242 365 286 390
826 241 863 277 e.
888 241 1070 277 VALERI
1095 242 1270 278 FLACCI

385 361 537 413 expetit
564 361 791 400 Aesonides
822 367 862 400 et
891 362 1038 400 amicos
1069 362 1206 401 ordine
1235 376 1371 414 reges:

386 426 484 478 ‘quis
513 426 654 478 procul
682 426 751 466 ille
779 427 920 474 virum,
951 427 1065 466 nodis
1096 441 1215 480 quem
1243 428 1402 467 balteus
1433 442 1551 481 asper

384 491 559 543 subligat
589 498 627 530 et
658 493 793 530 stricto
824 498 901 530 stat
930 494 1131 544 proximus
1162 494 1334 545 armiger
1362 508 1467 542 arcu,

382 570 458 595 ceu
486 571 661 609 pugnam
690 563 804 609 paret
833 564 874 596 et
901 559 1052 610 positas
1083 558 1328 598 confundere
1358 559 1555 599 mensas?’
1769 577 1823 607 580

383 627 520 660 contra
547 623 782 674 flammigeri
810 624 944 676 proles
974 625 1138 663 Perseia
1168 624 1274 663 Solis

384 692 515 739 ‘quem
543 689 704 740 rogitas,
736 689 956 728 Oarmeius'
989 690 1060 738 ait3
1092 694 1188 728 ‘mos
1219 691 1439 729 comminus
1469 704 1579 729 arma

383 766 541 805 semper
568 753 718 793 habere
747 755 843 801 viro,
875 768 1032 807 semper
1060 756 1290 794 meminisse
1320 756 1556 807 pharetrae’.

219 836 273 866 537
383 819 518 858 ‘illum'
549 820 605 857 ait
632 820 860 859 Aesonides
891 822 1052 873 ‘pariter
1079 821 1196 869 refer,
1227 821 1388 860 horrida
1418 822 1540 873 signis

381 885 445 923 cui
473 885 654 936 chlamys
685 891 725 924 et
752 886 877 924 multa
907 887 1030 938 spirat
1060 900 1173 925 coma
1200 887 1344 925 flexilis
1375 887 1495 926 aura'.
1766 897 1821 930 585

380 951 543 1001 respicit
571 950 721 989 Aeetes
751 956 872 1003 atque
901 952 1007 990 hunc
1037 965 1197 1004 quoque
1227 953 1386 990 nomine
1415 952 1564 991 reddit:

220 1040 275 1070 590
383 1015 507 1054 ‘dives
537 1015 666 1064 Ar0n3
698 1029 859 1055 croceos
891 1017 947 1055 sic
975 1016 1082 1055 illius
1113 1018 1238 1055 omnis
1269 1017 1411 1056 odores

369 1157 448 1193 578.
498 1158 601 1193 nobis
625 1157 722 1202 vat„
754 1158 859 1194 nodis
883 1158 1075 1204 Heinsius,·
1111 1160 1214 1194 ‘nobis
1239 1170 1463 1204 quamquam
1499 1159 1623 1205 aliquo
1655 1160 1766 1196 modo

279 1216 454 1263 explicari
478 1218 615 1262 potest,
642 1218 771 1253 tamen
796 1218 867 1253 hoc
892 1218 973 1253 loco
998 1230 1073 1253 non
1099 1218 1189 1253 satis
1216 1220 1348 1264 aptum
1373 1218 1528 1255 videtur.

367 1287 467 1322 quem
493 1277 628 1311 balteus
651 1277 808 1322 subliyat
831 1277 854 1312 i.
883 1288 913 1313 e.
941 1277 1076 1323 cingit,
1114 1277 1181 1313 cfr.
1208 1278 1318 1314 Mart.
1344 1277 1426 1319 VII,
1453 1278 1510 1320 67,
1535 1278 1558 1312 4
1583 1278 1764 1324 subligata

269 1335 512 1382 -(Philaenis);
553 1336 683 1372 eadem
723 1337 912 1372 sententia
951 1337 1112 1382 sciptum
1143 1337 1333 1373 invenitur
1357 1337 1500 1383 ligandi
1524 1339 1679 1373 verbum
1702 1337 1765 1381 IV,

273 1395 336 1443 943
374 1394 436 1431 Sil.
462 1396 542 1438 VH,
583 1395 652 1431 589
676 1396 842 1431 ulteriore
867 1397 956 1442 liyat
981 1397 1183 1432 Poenorum
1207 1401 1307 1442 terqa
1332 1408 1475 1434 corona.

368 1467 448 1504 579.
497 1468 620 1503 stricto
653 1491 690 1496 —
717 1479 805 1503 areu
830 1468 979 1504 videtur
1005 1468 1171 1504 Valerius
1204 1468 1340 1504 dixisse
1373 1480 1419 1505 ex
1445 1468 1686 1505 similitudine
1712 1469 1765 1505 lo-

277 1526 467 1562 cutionum
508 1527 635 1572 quales
678 1528 764 1562 sunt
806 1527 944 1563 ferrum
989 1539 1201 1563 mucronem
1242 1528 1408 1573 gladium
1447 1528 1642 1574 stringere,
1670 1540 1766 1574 quae

274 1597 499 1631 quamquam
536 1598 686 1632 prorsus
726 1587 834 1622 aliter
872 1598 910 1623 se
948 1587 1100 1627 habent,
1139 1589 1267 1623 tamen
1304 1587 1406 1623 idem
1443 1587 1523 1623 fere
1557 1588 1685 1624 valent
1722 1600 1766 1624 ac

273 1647 449 1691 paratum
474 1646 524 1681 ad
549 1645 758 1682 feriendum
783 1646 924 1682 habere
951 1646 1091 1681 ferrum
1117 1658 1327 1682 mucronem
1353 1647 1537 1692 gladium3
1572 1647 1624 1683 sic
1650 1647 1766 1683 etiam

274 1705 342 1741 Ov.
369 1705 462 1740 dixit
488 1717 559 1741 am.
586 1705 615 1749 I,
642 1706 673 1746 6,
703 1706 746 1740 14
771 1717 844 1742 non
868 1707 972 1742 timeo
996 1707 1140 1742 strictas
1163 1708 1203 1742 in
1226 1717 1304 1742 mea
1325 1707 1408 1749 fata
1432 1718 1569 1744 manue.

371 1776 451 1812 581.
495 1777 617 1821 proles
642 1777 790 1812 Perseia
820 1777 1035 1812 nominatur
1060 1778 1196 1813 Aeetes
1228 1755 1384 1824 propter
1415 1779 1575 1814 matrem
1601 1778 1763 1821 Persam,

272 1847 427 1871 uxorem
452 1834 552 1877 Solis,
580 1835 646 1871 cfr.
673 1836 780 1872 Hom.
808 1836 875 1872 Od.
902 1837 947 1882 X,
977 1837 1042 1871 137
1070 1848 1169 1882 seqq.

367 1907 450 1943 583.
486 1907 578 1943 Post
603 1908 702 1943 hunc
726 1919 876 1943 versum
900 1908 940 1943 in
957 1907 1042 1945 Vat.
1060 1909 1265 1953 sequuntur
1290 1920 1324 1944 v.
1351 1908 1419 1944 602
1429 1908 1549 1950 —604‚
1577 1920 1619 1945 eo
1643 1910 1761 1945 trans-

271 1965 386 2012 positi
411 1978 433 2001 a
458 1966 668 2012 Meynckio.

367 2037 447 2075 584.
496 2038 646 2073 horrida
669 2038 783 2083 siquis
807 2039 974 2084 chlamys,
1005 2038 1028 2074 i.
1056 2050 1085 2074 e.
1120 2050 1209 2074 auro
1240 2038 1359 2084 picta3
1392 2038 1560 2074 imitatus
1586 2041 1643 2075 est
1668 2039 1764 2078 Stat.

273 2095 390 2132 Theb.
417 2097 479 2139 IV,
513 2096 582 2131 235
614 2097 771 2143 chlamys
801 2098 951 2133 horrida
978 2098 1125 2142 pendet;
1159 2097 1226 2133 cfr.
1259 2109 1389 2143 aspera
1420 2099 1562 2144 einyula
1587 2099 1664 2135 Val.
1692 2099 1762 2141 ΙΙΙ,

275 2155 343 2190 141
370 2157 409 2191 et
433 2167 525 2201 quae
550 2156 604 2191 ibi
630 2156 732 2191 dicta
757 2160 856 2192 sunt.

366 2227 446 2262 585.
497 2228 608 2262 multa
643 2229 762 2272 spirat
798 2239 897 2264 coma
926 2229 1055 2268 flexilis
1087 2240 1182 2264 aura
1205 2228 1228 2264 i.
1263 2240 1294 2265 e.
1321 2228 1398 2264 olet
1423 2230 1632 2274 unguenta3
1671 2241 1764 2265 aura

272 2285 529 2331 significantur
555 2287 688 2323 odores
714 2298 737 2322 a
769 2287 930 2323 crinibus
965 2289 1192 2329 emanantes,
1234 2289 1297 2324 cfr.
1324 2288 1430 2323 Lucr.
1458 2288 1507 2329 Π,
1534 2287 1603 2323 851
1629 2289 1763 2324 nullam

272 2357 362 2391 quae
387 2345 576 2389 (inolentis
603 2346 692 2381 olivi
722 2347 873 2390 natura)
898 2348 1017 2383 mittat
1046 2348 1196 2383 naribus
1227 2358 1374 2389 auram;
1407 2347 1519 2392 Verg.
1545 2359 1674 2394 georg.
1698 2348 1752 2383 IV
1753 2375 1761 2389 ,

270 2405 340 2441 417
379 2405 492 2440 dulcis
528 2406 730 2450 compositis
763 2407 917 2451 spiravit
953 2407 1112 2442 crinibus
1136 2418 1246 2448 awra3
1286 2418 1368 2442 cum
1401 2406 1569 2442 ablativo
1595 2407 1763 2452 spirandi

271 2465 427 2501 verbum
451 2464 685 2500 coniunctum
718 2466 903 2510 reperitur
939 2466 1049 2502 etiam
1074 2466 1155 2502 Val.
1187 2466 1248 2508 VI,
1284 2466 1370 2508 157;
1406 2465 1501 2501 Stat.
1528 2466 1607 2503 silv.
1634 2466 1702 2509 ΠΙ,
1729 2466 1762 2511 3,

272 2524 353 2562 211.
377 2535 476 2560 coma
504 2524 632 2567 flexilis
665 2525 722 2559 est
747 2525 1008 2567 calamistrata,
1042 2525 1115 2562 vid.
1152 2525 1218 2561 Ov.
1245 2536 1316 2560 am.
1343 2524 1370 2565 Ι,
1404 2525 1459 2570 14,
1485 2525 1552 2571 26;
1592 2525 1645 2561 sic
1666 2527 1761 2569 flexa

272 2594 372 2620 coma
395 2584 503 2620 Mart.
529 2583 572 2624 X,
600 2583 655 2625 65,
683 2583 715 2619 6.
743 2583 799 2619 De
825 2595 866 2619 re
891 2584 971 2629 ipsa
997 2584 1063 2620 cfr.
1090 2585 1176 2620 Luc.
1204 2584 1271 2625 ΠΙ,
1299 2584 1379 2620 238.

366 2654 447 2690 586.
496 2655 636 2691 nomine
665 2654 782 2690 reddit
818 2655 966 2706 scripsit
1004 2657 1116 2701 poeta
1147 2657 1192 2690 ad
1225 2655 1443 2691 evitandum
1473 2656 1604 2692 tritum
1640 2656 1756 2692 nomi-

274 2714 385 2749 nandi
409 2714 575 2750 verbum.
