1890 3100
225 247 282 289 62
757 246 794 282 c,
820 245 1002 281 VALERI
1028 246 1202 283 FLAOCI

338 363 565 402 discurrunt
593 365 794 419 transtris·
824 365 865 403 hi
895 365 1003 404 celso
1033 339 1181 405 clorriua
1209 366 1313 405 malo
1432 384 1518 426 mss(
1543 368 1645 405 ss?
1663 366 1684 383 ⁴

242 432 250 446 ²
286 440 288 442 ’
339 429 571 481 expediunt,
603 430 670 468 alii
698 435 835 469 tonsas
864 431 906 469 in
933 445 1128 471 marmore
1160 446 1312 471 summo
1426 422 1451 433 ν

335 501 646 547 praetemptant,
674 510 792 548 prora
819 495 957 535 funem
984 497 1084 549 legit
1111 497 1246 548 Argus
1283 498 1331 536 ab
1362 498 1455 536 alta.

420 561 678 599 Increscunt
706 567 876 600 matrum
906 563 1076 613 gemitus
1107 569 1147 602 et
1174 563 1291 602 fortia
1320 563 1514 615 languent
1724 575 1778 605 315

338 625 460 664 corda
488 631 662 677 patrum3
693 627 824 678 longis
854 628 996 667 flentes
1027 628 1278 680 amplexibus
1308 629 1490 670 haerent.

337 705 417 729 vox
444 697 581 730 tamen
609 692 847 739 Alcimedes
869 694 1054 745 planctus
1085 695 1356 746 supereminet
1388 695 1532 734 omnis:

724 753 806 794 em

319 876 483 921 crispans
501 878 655 922 pelayus
679 876 702 912 i.
731 888 761 912 e.
787 877 900 912 maris
926 878 1120 913 horrorem
1146 878 1344 924 splendore
1367 879 1529 914 tremulo
1554 879 1722 925 implens,

222 934 290 971 cfr.
317 935 469 972 Namat.
497 936 544 972 de
569 936 647 972 red.
675 937 721 978 II,
750 937 794 971 13
820 937 956 972 arridet
966 938 1153 981 placidum
1177 938 1291 973 radiis
1316 939 1556 983 crispantibus
1581 949 1722 983 aequor.

222 994 316 1030 Aliis
342 995 468 1031 verbis
496 996 655 1031 eandem
681 997 909 1032 sententiam
940 997 1123 1042 expressit
1149 996 1211 1034 Sil.
1238 997 1320 1038 XII,
1340 998 1409 1032 732
1429 999 1578 1033 tremula
1602 998 1723 1040 infuso

221 1055 449 1099 resplendent
474 1056 618 1090 caerula
643 1056 785 1091 Phoebo
813 1057 852 1091 et
876 1056 925 1097 ΙΙ,
953 1056 1023 1091 664
1049 1057 1087 1091 in
1103 1057 1251 1092 tremulo
1276 1058 1420 1092 vibrant
1443 1057 1611 1093 incendia
1628 1069 1734 1102 pone.

223 1117 276 1156 to;
303 1113 391 1149 vide
418 1114 531 1149 etiam
557 1114 663 1151 Paul.
688 1114 755 1149 vit.
789 1115 901 1151 Mart.
927 1115 988 1155 IV,
1016 1115 1086 1150 575
1124 1117 1240 1161 lapilli
1276 1117 1485 1160 crispabant
1520 1118 1653 1152 vitreas
1680 1139 1722 1143 —

223 1173 366 1219 lymfas.

319 1245 401 1281 313.
443 1256 617 1280 marmore
661 1245 893 1290 significatur
937 1246 1136 1291 splendens
1179 1246 1319 1292 placidi
1363 1247 1473 1283 maris
1509 1247 1722 1293 superficies

222 1303 299 1338 iam
330 1304 432 1349 apud
452 1304 545 1340 Eun.
573 1316 659 1340 ann.
685 1305 755 1339 377
786 1304 830 1340 V.
856 1309 1002 1340 verrunt
1028 1306 1197 1350 extemplo
1217 1306 1403 1350 placidum
1427 1318 1525 1342 mare
1548 1318 1724 1343 ‘marmore

220 1364 324 1406 flavo,
352 1364 434 1398 tum
460 1364 561 1409 apud
586 1364 693 1401 Lucr.
720 1364 768 1409 II,
801 1365 880 1401 767.
906 1365 1018 1410 Verg.
1044 1365 1138 1401 Aen.
1163 1365 1246 1407 VII,
1285 1365 1330 1400 28
1339 1379 1346 1408 ;
1391 1367 1430 1402 et
1468 1366 1617 1402 omnino
1654 1379 1723 1413 pro

221 1423 318 1458 mari
345 1423 482 1458 dicitur
509 1423 645 1469 Georg.
671 1423 698 1466 I,
726 1424 812 1472 2543
838 1424 931 1462 Aen.
958 1424 1039 1466 VII,
1067 1425 1152 1467 718;
1187 1425 1230 1467 Χ,
1264 1425 1335 1461 208
1373 1427 1413 1462 et
1449 1426 1550 1472 apud
1585 1426 1722 1463 multos

223 1483 451 1528 posteriores
469 1484 619 1528 poetas:
648 1483 787 1525 Silium,
815 1484 1036 1520 Petronium
1062 1485 1106 1531 (c,
1132 1484 1179 1519 89
1204 1497 1238 1519 v.
1265 1485 1336 1531 34),
1362 1485 1562 1527 Sedunum,
1589 1486 1722 1522 Iuven-

223 1553 317 1586 cum,
359 1542 570 1588 Cofippum,
607 1543 863 1583 Dracontium,
902 1543 1101 1578 Paulinum
1125 1544 1274 1585 Petric„
1314 1545 1382 1580 sed
1407 1545 1508 1590 apud
1533 1545 1721 1582 neminem

224 1601 373 1647 saepius
412 1613 524 1646 quam
556 1602 658 1647 apud
681 1602 876 1638 Avienum.
927 1602 1068 1638 Ansam
1093 1602 1269 1639 videntur
1296 1603 1443 1640 dedisse
1468 1605 1586 1640 verba
1611 1604 1719 1640 Hom.

221 1660 264 1696 Il.
292 1660 389 1703 XIV,
417 1661 486 1695 273
506 1666 546 1713 τῇ
572 1664 601 1698 ’δ’
629 1659 720 1713 ἑτέρῃ
748 1663 839 1708 (χειρὶ
864 1660 930 1709 ἕλε)
958 1663 1023 1698 ἅλα
1049 1662 1305 1709 μαρμαρέην.

322 1732 402 1768 314.
425 1736 702 1777 praetemptant,
730 1733 956 1780 experiendo
982 1734 1148 1779 probant
1174 1735 1263 1770 ante
1288 1734 1409 1780 ipsam
1425 1734 1718 1780 navigationem,

220 1792 264 1827 ut
291 1791 356 1827 Ov.
384 1793 471 1827 met.
499 1795 541 1838 V,
568 1792 638 1827 339
664 1793 815 1828 chordas
834 1804 891 1838 p.;
926 1793 1027 1834 VIII,
1056 1794 1075 1828 7
1102 1794 1212 1840 vires3
1253 1793 1337 1830 Sen.
1363 1794 1524 1831 Phaedr.
1551 1794 1645 1830 1060
1668 1804 1718 1830 se.

319 1850 376 1886 De
400 1850 553 1887 insolita
571 1852 615 1887 ab
640 1852 929 1898 praepositionis
956 1853 1203 1889 collocatione
1230 1854 1294 1889 cfr.
1313 1853 1385 1888 404
1394 1867 1401 1896 ;
1428 1853 1515 1901 5973
1542 1853 1612 1898 ΠΙ,
1630 1853 1718 1896 224;

220 1909 324 1952 VIII,
351 1910 434 1946 288.

314 1982 396 2018 315.
423 1982 593 2028 Zanyuent
619 1983 742 2025 corda,
769 1995 819 2020 sc.
844 1995 937 2029 prae
962 1986 1077 2031 metu,
1115 1986 1158 2019 ut
1184 1986 1336 2030 lanquor
1361 1984 1498 2020 dieitur
1521 1996 1590 2030 pro
1615 1985 1719 2020 metu

218 2040 298 2080 VH,
327 2041 395 2076 194
435 2042 474 2077 et
499 2042 672 2087 languida
695 2044 865 2079 monstris
889 2044 998 2079 corda
1024 2043 1086 2081 Sfl.
1112 2044 1179 2085 ΙΙΙ,
1213 2044 1292 2079 504.

316 2100 492 2136 Ceterum
525 2102 650 2148 aptius
677 2103 779 2148 apud
803 2103 996 2140 Valerium
1020 2104 1312 2140 lamentationes
1337 2104 1566 2139 renovantur
1604 2103 1644 2140 et
1679 2103 1719 2139 iu
1749 2103 1752 2107 ’

217 2159 347 2195 littore
374 2160 545 2205 quidem
553 2173 596 2197 eo
621 2162 703 2208 ipso
727 2164 930 2205 momento
969 2175 1041 2208 quo
1077 2175 1255 2199 ancoram
1277 2163 1473 2209 {soluturus
1509 2163 1566 2199 est
1597 2163 1717 2205 Iason,

217 2230 332 2264 quam
357 2219 449 2255 fecit
473 2220 703 2265 Apollonius,
740 2222 803 2267 qui
827 2222 949 2268 pridie
974 2223 1013 2258 in
1045 2223 1138 2259 urbe
1163 2223 1337 2259 Iasonem
1371 2222 1592 2269 parentibus
1616 2222 1718 2259 vale-

218 2277 355 2314 dixisse
387 2281 530 2314 narrat.

313 2349 392 2385 316.
421 2351 535 2396 lonqis
560 2353 780 2396 amplexibus
804 2354 960 2395 haerent,
999 2354 1185 2390 incertum
1222 2354 1345 2389 utrum
1385 2353 1534 2389 dativus
1571 2365 1621 2389 an
1652 2353 1717 2391 ab-

217 2408 373 2452 lativus;
401 2409 467 2445 cfr.
497 2410 563 2446 Ov.
588 2412 678 2447 met.
704 2411 785 2453 VII,
815 2413 883 2447 143
901 2413 1083 2458 avidisque
1108 2414 1328 2458 amplexibus
1347 2414 1508 2455 haerent;
1528 2411 1590 2448 Sil.
1611 2413 1715 2455 XIII,

218 2468 287 2504 297
314 2470 536 2513 ampleaeibus
560 2470 691 2506 haeret.
720 2470 859 2516 Contra
884 2471 1024 2517 legitur
1048 2473 1164 2508 haesit
1194 2473 1234 2507 in
1258 2473 1425 2517 amplexu
1449 2472 1551 2518 apud
1576 2471 1642 2508 Ov.
1670 2483 1716 2508 ex

144 2556 148 2559 .
217 2527 325 2564 Pont.
352 2528 381 2571 I,
409 2528 441 2570 9,
469 2528 530 2571 19;
559 2530 662 2565 certe
691 2530 839 2565 dativus
867 2531 924 2566 est
941 2531 1022 2566 Val.
1051 2531 1127 2573 VII,
1156 2532 1224 2566 122
1243 2532 1458 2576 parentibus
1481 2532 1619 2574 haere&
1647 2531 1716 2569 cfr.

216 2588 418 2632 praeterea
443 2587 510 2630 ΙΙΙ,
536 2588 559 2622 4
585 2588 680 2624 caris
703 2589 836 2624 socium
862 2589 1076 2635 diyressz'bus
1109 2591 1264 2627 haerent.

315 2659 396 2695 317.
422 2660 655 2704 supereminet
697 2671 771 2696 uno
809 2660 993 2698 vocabulo
1031 2661 1270 2697 scribendum
1313 2663 1356 2697 ut
1391 2661 1434 2704 V,
1472 2662 1561 2705 367;
1603 2662 1714 2710 Verg.

218 2716 310 2754 Aen.
337 2718 363 2763 Ι,
392 2718 480 2761 501;
507 2718 569 2761 VI,
596 2719 684 2762 856;
712 2719 757 2760 Χ,
783 2720 854 2754 765
863 2733 870 2762 ;
900 2719 966 2756 Ov.
992 2720 1087 2756 trist.
1114 2721 1142 2762 I,
1170 2721 1202 2763 2,
1229 2721 1291 2763 49;
1317 2722 1408 2758 met.
1433 2721 1503 2764 m,
1539 2721 1620 2759 182.
