1890 3100
533 243 919 280 ARGONAVTIOON
941 243 1090 283 LIBER
1117 242 1184 278 m.
1554 245 1640 287 249

261 365 337 403 rite
364 365 472 403 locat
499 376 677 417 quercus
702 362 972 414 simulataque
1001 361 1176 412 subligat
1204 374 1324 399 arma.
1639 379 1694 407 445

262 429 340 468 huc
370 429 532 481 Stygias
560 428 728 467 transire
755 427 882 466 minas
910 427 1089 479 iramque
1118 427 1249 465 severi

265 495 484 546 sanguinis,
511 494 574 532 his
603 498 689 532 orat
715 491 859 544 vigiles
888 492 1118 530 incumbere
1148 505 1275 538 curas,

264 565 385 612 atque
412 560 469 598 ita
495 557 685 597 lustrifico
715 563 835 596 cantu
861 563 997 595 vocat:
1029 557 1094 595 ‘ite
1122 557 1319 608 perempti

263 638 310 663 ac
337 637 533 663 memores
561 623 721 662 abolete
749 624 895 671 minas;
926 623 1005 660 sint
1034 622 1114 660 otia
1140 622 1268 669 vobis,

263 690 313 728 sit
341 689 508 741 Stygiae
535 689 615 727 iam
644 688 750 727 sedis
779 701 905 735 amor3
934 687 1073 739 procul
1101 687 1259 738 agmine
1287 692 1423 725 nostro
1637 697 1694 726 450

263 761 304 794 et
330 755 469 808 procul
496 760 582 793 este
609 755 708 793 mari
736 754 969 806 cunctisque
998 753 1180 791 absistite
1207 752 1338 791 bellis.

262 833 332 860 vos
362 833 437 871 ego
464 833 540 858 nec
570 819 712 859 Graias
741 833 928 871 umquam
957 817 1200 856 contendere
1228 817 1281 856 ad
1308 817 1428 856 urbes

262 899 338 924 nec
365 886 491 923 triviis
519 884 674 923 ululare
702 885 835 931 velim,
864 884 1079 936 pecorique
1110 883 1287 935 satisque

262 949 397 989 nullae
425 949 516 989 ideo
542 955 680 1002 pestes
708 963 784 988 nec
812 948 971 987 luctifer
997 949 1157 999 ingruat
1185 961 1324 995 annus,

262 1029 339 1054 nec
364 1015 504 1067 populi
530 1016 706 1054 nostrive
734 1015 846 1052 luant
875 1027 924 1052 ea
951 1014 1057 1052 facta
1084 1013 1281 1051 minores.'
1638 1016 1693 1045 455

263 1079 431 1127 dixerat,
460 1086 501 1119 et
529 1093 702 1118 summas
730 1078 1008 1117 frondentibus
1036 1078 1170 1116 intulit
1199 1079 1276 1116 aris

261 1145 482 1197 libavitque
511 1144 646 1196 dapes,
675 1144 823 1196 placidi
852 1157 950 1196 quas
978 1144 1158 1195 protinus
1187 1157 1353 1194 angues,

262 1209 489 1248 umbrarum
516 1209 666 1256 famuli,
696 1209 842 1260 linguis
871 1221 1039 1260 rapuere
1069 1199 1255 1249 coruscis.

156 1358 268 1393 maiia
305 1361 433 1392 bruma
467 1357 610 1401 pedum;
647 1356 721 1391 vid.
759 1357 959 1402 praeterea
990 1355 1052 1390 Sil.
1078 1356 1122 1397 X,
1147 1356 1219 1391 310
1255 1360 1403 1391 truncus
1438 1357 1568 1400 capitis
1591 1377 1637 1382 —

158 1418 349 1459 συνάψω
387 1417 435 1452 de
460 1416 706 1453 collocatione
742 1416 943 1451 verborum
978 1416 1052 1452 vid.
1092 1416 1141 1450 ad
1176 1415 1206 1457 Ι,
1233 1415 1319 1460 284;
1355 1427 1479 1451 nemus
1514 1417 1638 1452 autem

158 1476 260 1512 idem
283 1476 479 1522 significat,
506 1476 605 1521 quod
629 1475 792 1519 frondes,
818 1477 860 1511 ut
876 1475 979 1511 Paul.
1005 1475 1108 1511 vitae
1133 1475 1243 1510 Mart.
1270 1475 1320 1517 H,
1346 1475 1416 1510 262
1441 1487 1516 1520 seq.
1543 1486 1638 1510 arce-

156 1536 282 1581 batque
304 1546 438 1571 omnem
459 1535 627 1578 foliorum
651 1539 750 1570 erate
773 1536 923 1570 calorem
946 1536 1099 1570 Arboris
1122 1536 1231 1570 wnim
1255 1535 1399 1570 densum
1424 1546 1557 1570 mnu-s.

250 1595 451 1640 effiyioeque
473 1596 629 1630 virorum
652 1605 720 1640 per
746 1594 970 1640 epexegesin
996 1594 1161 1629 additur:
1187 1594 1287 1630 locat
1303 1596 1455 1629 truncas
1472 1605 1637 1639 quercus,

155 1665 251 1699 quae
276 1654 402 1690 essent
426 1653 570 1698 effigies
594 1653 775 1700 virorum3
801 1653 848 1689 de
873 1653 1061 1689 sententia
1077 1653 1152 1704 cfr.
1170 1656 1282 1699 Verg.
1300 1653 1393 1690 Aen.
1410 1653 1472 1694 XL
1491 1653 1537 1688 83
1560 1665 1636 1698 seq.

247 1724 330 1762 449.
378 1725 493 1761 abolet
517 1726 658 1761 anima-s·
681 1725 778 1767 Van,
803 1725 936 1760 abolete
959 1726 1076 1761 minas
1101 1725 1182 1760 cod.
1207 1724 1293 1761 Vat.
1321 1724 1425 1761 1613.

246 1796 328 1832 451.
378 1795 454 1831 cfr.
478 1795 590 1841 Verg.
614 1796 706 1832 Aen.
732 1795 793 1838 VI,
820 1796 890 1830 258
914 1807 989 1841 seq.

247 1867 328 1903 453.
376 1867 516 1902 ululant
545 1878 673 1903 manes
707 1867 757 1902 ad
780 1879 933 1913 superos
957 1867 1158 1903 redeuntes
1182 1867 1426 1913 pernoctem
1452 1867 1518 1903 Ov.
1552 1867 1636 1902 fast.

153 1926 198 1971 Π,
223 1926 293 1962 553
331 1927 371 1962 et
392 1926 433 1961 in
456 1926 575 1961 triviis
605 1926 838 1972 potissimum
862 1926 954 1961 talia
991 1928 1187 1972 apparent,
1227 1926 1294 1962 cfr.
1319 1926 1432 1971 Verg.
1457 1926 1550 1962 Aen.
1575 1925 1627 1961 IV
1629 1955 1636 1967 ,

153 1985 243 2030 609‚·
265 1985 347 2021 Tib.
371 1984 400 2025 L
426 1985 458 2027 3,
486 1985 547 2032 123
573 1986 713 2021 anthol.
741 1986 799 2021 ed.
824 1986 866 2023 Β.
892 1986 974 2030 207,
999 1986 1055 2021 33.

246 2045 327 2082 454.
375 2045 432 2081 De
457 2045 646 2080 sententia
671 2044 738 2082 cfr.
762 2044 873 2090 Verg.
899 2046 991 2080 Aen.
1017 2045 1081 2089 111,
1108 2044 1186 2080 139.

245 2103 326 2142 455.
372 2105 526 2140 minores
548 2103 571 2138 i.
599 2115 630 2139 e.
655 2103 806 2149 posteri,
832 2105 875 2138 ut
899 2103 1011 2149 Verg.
1038 2104 1130 2141 Aen.
1156 2103 1183 2145 Ι,
1209 2104 1295 2145 532;
1334 2104 1421 2145 733;
1460 2105 1521 2146 VI,
1548 2104 1636 2145 822;

152 2163 251 2204 vm,
275 2162 362 2205 2683
389 2162 455 2199 Ov.
482 2162 568 2199 fast.
592 2163 656 2203 ΠΙ,
682 2163 768 2205 327;
793 2162 891 2199 trist.
916 2162 979 2203 IV,
1007 2162 1062 2203 10,
1088 2162 1151 2210 553
1177 2162 1239 2200 Sil.
1264 2162 1325 2204 VI,
1352 2163 1552 2210 5503XV1,
1579 2164 1637 2200 44.

245 2233 327 2271 456.
374 2245 530 2269 summas
555 2254 599 2259 -
625 2234 735 2278 dapes
758 2233 782 2268 i.
809 2245 840 2271 e.
865 2244 1066 2279 supremas,
1094 2235 1135 2268 ut
1160 2233 1187 2274 Ι,
1214 2234 1300 2276 542;
1336 2234 1447 2279 Verg.
1473 2235 1565 2271 Aen.
1592 2234 1635 2276 Π,

67 2265 110 2314 ='
152 2291 237 2335 324;
262 2291 350 2328 Hor.
377 2304 408 2329 c.
433 2292 503 2336 ΠΙ,
527 2292 584 2334 28,
612 2293 672 2334 13;
699 2304 756 2337 ep.
783 2292 811 2336 Ι,
838 2294 869 2333 1,
897 2293 929 2328 1.

242 2351 492 2394 frondentibus
519 2353 613 2394 ari8;
642 2351 710 2387 cfr.
735 2352 817 2387 427.

245 2411 325 2447 457.
373 2411 484 2457 Apud
507 2411 617 2456 Verg.
643 2411 734 2447 Aen.
764 2411 807 2452 V,
839 2411 885 2447 84
910 2422 1010 2456 seqq.
1042 2411 1173 2457 anguis
1205 2412 1320 2457 dapes
1346 2412 1394 2447 ab
1412 2413 1540 2448 Aenea
1559 2423 1635 2446 ma-

79 2470 96 2511 ᾗ
151 2468 259 2505 nibus
282 2470 467 2506 Anchisae
492 2464 639 2506 oblatas
657 2470 854 2516 consumit;
881 2470 948 2506 cfr.
974 2470 1035 2506 Sil.
1062 2471 1109 2515 ΙΙ,
1135 2471 1203 2506 584
1221 2482 1321 2516 seqq.
1339 2471 1464 2516 ibique
1482 2471 1640 2517 Ruperti

75 2509 93 2558 ἷῐ
152 2527 303 2564 doctam
326 2531 464 2574 annot.;
490 2529 556 2565 Ov.
581 2530 670 2566 met.
696 2529 791 2570 XIV,
817 2530 904 2572 410;
931 2532 970 2566 et
995 2530 1144 2566 omnino
1170 2530 1217 2566 de
1242 2530 1478 2576 serpentibus
1505 2530 1638 2566 Genio·
1700 2522 1713 2537 ¹

26 2598 40 2624 Ἰἱ
88 2576 101 2641 γ’
151 2598 234 2622 rum
258 2588 364 2633 quasi
387 2587 533 2623 famulis
564 2588 626 2624 vel
649 2599 778 2624 manes
814 2589 1184 2634 repraesentantibus
1210 2589 1320 2625 Prell.
1346 2590 1501 2634 mythol.
1528 2589 1631 2624 Rom.

39 2673 45 2683 .
102 2642 107 2654 ’
152 2645 213 2687 11¹,
239 2646 324 2688 1963
348 2646 480 2683 Rhode
505 2647 636 2693 Psych.
663 2649 690 2691 Ι,
716 2647 801 2692 223;
838 2648 948 2684 Bern.
983 2647 1152 2683 Schmidt
1177 2648 1404 2684 Volksleben
1443 2649 1509 2684 der
1535 2647 1631 2683 Neu-

153 2703 330 2749 griechen
351 2717 388 2751 p.
414 2706 498 2744 184.-
