1890 3100
547 208 934 245 ARGONAVTICON
957 207 1102 242 LisssR
1122 206 1184 242 VI.
1522 206 1610 251 435

232 327 328 375 sola,
359 326 449 381 [nec
477 327 552 365 hac
580 327 744 379 longum
772 328 899 366 victor
925 326 1079 379 potiere
1106 326 1262 378 rapina;

231 391 307 446 ast]
338 392 482 444 epulae
512 392 791 445 quodcumque
819 405 957 444 pecuS‚
985 404 1262 444 quaecumque
1290 389 1474 428 ferarum.

232 458 344 496 mitte
372 458 508 506 Asiae,
538 459 650 497 mitte
678 458 877 509 Argolicis
905 456 1093 495 mandata
1121 455 1285 502 colonis,

228 536 282 561 ne
308 523 526 575 trepident3
552 537 768 576 numquam
795 523 868 561 has
895 523 1059 568 hiemes,
1088 521 1189 559 haec
1218 534 1317 558 saxa
1333 519 1569 572 relinquam,
1610 529 1667 558 &35

229 589 368 627 Martis
397 602 527 640 agros,
556 589 624 627 ubi
650 594 733 627 tam
760 601 882 626 saevo
911 586 1139 625 duravimus
1168 599 1285 624 amne

231 655 464 705 progeniem
490 660 686 706 natosque
714 652 848 700 rudes,
876 652 946 691 ubi
974 652 1088 704 copia
1115 651 1187 689 leti

230 724 343 757 tanta
369 719 476 758 viris.
533 720 591 757 sic
617 719 659 757 in
685 719 823 770 patriis
851 717 1004 756 bellare
1033 716 1183 768 pruinis

230 785 495 837 praedarique
522 785 644 831 iuvat,
673 783 876 836 talemque
905 783 1008 821 hanc
1036 782 1173 833 accipe
1204 781 1409 820 dextram’.

233 849 343 898 dixit,
373 855 415 888 et
441 849 595 887 Edonis
623 849 815 887 nutritum
842 847 993 887 missile
1021 847 1152 886 ventis
1432 850 1435 852 “
1611 855 1666 885 340

233 916 423 962 concitat3
452 916 483 953 it
510 914 685 954 medium
712 928 785 966 per
812 920 952 966 pectus
981 919 1022 952 et
1049 912 1210 951 horrida
1237 925 1345 951 nexu

231 979 365 1019 letifer
392 993 485 1019 aera
513 980 692 1032 chalybs.
749 979 928 1031 trepidus
958 992 1080 1030 super
1106 977 1268 1017 advolat
1296 977 1390 1016 Idas

233 1059 280 1084 ac
309 1046 426 1084 simul
455 1044 634 1084 Oenides
662 1045 890 1097 pariterque
918 1044 1144 1082 Menoetius
1175 1049 1215 1082 et
1244 1044 1312 1095 qui

231 1110 432 1162 Bebrycio
462 1123 600 1162 sospes
629 1110 823 1148 remeavit
851 1109 901 1146 ab
930 1108 1088 1160 hospite
1117 1109 1255 1146 victor.

232 1176 273 1212 at
298 1188 395 1213 vero
422 1175 627 1226 ingentem
656 1173 853 1212 Telamon
881 1172 1020 1224 procul
1048 1172 1191 1211 extulit
1220 1172 1357 1211 orbem
1609 1181 1665 1211 345

233 1240 458 1278 exanimem
485 1246 538 1287 te,
570 1239 739 1286 Canthe,
769 1244 931 1289 tegens;
961 1251 1036 1276 ceu
1065 1244 1227 1289 saeptus
1256 1238 1297 1275 in
1325 1243 1410 1276 arto

126 1372 330 1417 sequuntur
364 1370 404 1406 in
427 1370 609 1405 Vaticano
634 1381 697 1405 mc
719 1370 787 1404 kae
810 1370 951 1414 tanqum
974 1370 1087 1404 victor
1107 1369 1242 1413 potiere
1266 1368 1408 1412 rapina,
1435 1368 1504 1403 hoc
1528 1367 1612 1404 loco

126 1441 201 1466 non
236 1431 366 1476 aptam
400 1430 543 1465 habent
579 1429 815 1470 sententiam,
855 1439 969 1473 quare
994 1428 1102 1462 Pium
1138 1428 1286 1463 secutus
1323 1438 1472 1462 versum
1507 1427 1612 1463 uncis

125 1489 268 1525 inclusi.
1564 1486 1567 1487 ⁷

221 1549 302 1585 336.
350 1550 447 1585 saem'
471 1548 567 1594 Vah„
592 1559 697 1583 saevo
730 1547 787 1583 ed.
814 1547 906 1583 Bon.
933 1548 973 1583 et
997 1546 1080 1582 Ald.
1108 1546 1164 1581 De
1194 1557 1296 1581 more
1320 1545 1522 1581 infantium
1546 1545 1612 1581 fri-

127 1601 347 1655 gidos-mne
371 1608 616 1644 lavandorum
641 1607 707 1642 cfr.
724 1607 836 1652 Verg.
859 1608 951 1642 Aen.
976 1606 1039 1647 IX,
1066 1606 1152 1652 6033
1191 1604 1253 1641 Sil.
1279 1604 1340 1645 IV,
1366 1605 1453 1647 226;
1481 1605 1611 1642 Claud.

126 1667 167 1703 in
190 1668 272 1703 Ruf.
297 1667 346 1709 IL
373 1667 461 1709 1123
488 1666 612 1702 Sidon.
639 1667 687 1707 IL
714 1666 760 1701 36
786 1667 919 1710 excipit
943 1666 1000 1701 hie
1025 1665 1076 1710 [in
1101 1665 1270 1708 Thracia)
1295 1669 1400 1700 natos
1421 1665 1553 1710 ylacies
1577 1668 1611 1699 et

127 1729 252 1763 matr-1⁰8
275 1728 320 1763 ab
345 1728 424 1763 alvo
449 1727 562 1762 Arme
586 1727 766 1769 infantum
790 1727 908 1761 molles
932 1727 997 1761 πίω
1021 1726 1133 1760 civica
1157 1725 1277 1760 durat.

129 1791 134 1795 '
221 1786 301 1822 340.
350 1786 491 1822 Dioni-s
513 1786 687 1821 nutritum
711 1787 842 1821 missile
866 1786 995 1826 ventis;
1021 1785 1181 1821 Edonus.
1208 1785 1251 1819 ut
1268 1784 1415 1829 saepius
1440 1784 1613 1819 scribitur

125 1857 194 1892 pro
218 1845 389 1890 Thracio,
412 1845 468 1880 ita
492 1846 563 1880 hoc
598 1845 680 1880 loco
707 1857 773 1890 pro
798 1844 982 1889 δοῖ-δώσω
1014 1844 1187 1878 nutritum
1221 1844 1334 1878 ventis
1360 1844 1417 1878 est
1442 1842 1610 1878 Homeri-

127 1911 212 1942 cum
236 1906 453 1951 ἀνεμοτρεφὲς
477 1902 570 1951 ἔγχος
594 1904 638 1938 11.
665 1904 728 1943 XI,
746 1904 826 1945 256,
858 1904 880 1938 i.
909 1915 939 1939 e.
965 1905 1163 1939 ventorum
1188 1902 1280 1938 flatu
1306 1902 1490 1937 duratum.

127 1963 139 1974 '⁶
220 1965 301 2000 341.
350 1964 399 1998 ad
420 1963 518 2004 vat„
543 1965 573 1999 it
598 1964 655 1999 ed„
682 1963 772 1998 Bon.
802 1964 840 1999 et
868 1963 951 1998 Ald.

219 2024 367 2060 hon-ida
390 2034 484 2058 neam
508 2034 610 2058 aera:
636 2022 750 2058 lorica
775 2024 959 2065 catenata,
986 2020 1135 2066 qualem
1159 2031 1269 2065 supra
1292 2032 1326 2054 v.
1341 2020 1411 2055 233
1428 2020 1608 2056 Sarmatis

125 2083 241 2128 poeta
262 2082 407 2117 tribuit.

220 2142 300 2177 342.
349 2142 526 2187 chalybem
558 2152 626 2186 pro
653 2141 761 2175 hasta
793 2139 853 2175 vel
879 2139 1047 2185 quolibek
1070 2139 1147 2174 telo
1180 2138 1355 2174 dixerunt
1382 2137 1496 2174 etiam
1522 2138 1610 2174 Luc.

125 2200 209 2242 vn,
233 2201 320 2243 518;
347 2200 409 2235 Sil.
435 2200 485 2241 Π,
513 2200 597 2241 107;
623 2200 698 2235 Ser.
725 2200 860 2235 Samm.
887 2199 934 2234 de
959 2198 1057 2234 med.
1083 2197 1163 2232 791.

132 2274 135 2276 ·
220 2260 301 2296 343.
351 2259 508 2300 Oenides,
536 2259 737 2303 Meleager,
762 2260 805 2293 ut
830 2258 896 2299 111,
923 2257 994 2292 690
1018 2258 1067 2293 al.

220 2320 301 2355 344.
344 2320 499 2364 propius
523 2319 618 2357 Vat..
644 2329 765 2362 sospes
789 2317 928 2363 scripsi.

220 2379 386 2414 remeavit
409 2378 432 2413 i.
460 2389 490 2414 e.
517 2389 562 2413 ex
591 2377 805 2412 certamine.

220 2437 301 2475 345.
349 2437 473 2472 malit
503 2437 619 2472 orbem
645 2436 668 2471 i.
695 2447 724 2471 e.
753 2436 923 2481 clipeum,
949 2437 991 2470 ut
1016 2437 1127 2481 Verg.
1155 2436 1247 2471 Aen.
1274 2435 1316 2475 X,
1344 2434 1428 2475 783;
1456 2434 1518 2469 Sil.
1545 2434 1609 2479 IV,

127 2495 197 2533 326
233 2496 304 2541 a1.‚·
338 2497 486 2541 clipeum
518 2514 560 2522 -—
592 2496 716 2530 caudit
755 2495 850 2530 dixit
874 2495 985 2541 Verg.
1022 2496 1114 2531 Aen.
1153 2494 1196 2535 X,
1235 2494 1316 2529 261.
1379 2494 1610 2529 Obversatur

127 2554 276 2592 Valerio
312 2555 414 2591 locus
439 2555 543 2591 Hom.
576 2555 620 2590 Il.
646 2554 762 2590 XVII.
791 2554 868 2595 128,
895 2555 959 2590 ubi
984 2555 1194 2591 Telamonis
1219 2553 1326 2589 huius
1352 2553 1447 2588 filius
1473 2552 1608 2588 descri-

16 2639 43 2651 ,-
128 2614 226 2650 bitur
261 2614 369 2661 φέρων
394 2617 495 2656 σάκος
532 2614 608 2660 ἠύτε
637 2617 773 2660 πύργον,
814 2616 853 2651 et
888 2615 927 2650 'm
968 2615 1257 2661 comparatione,
1297 2624 1394 2661 quae
1433 2613 1609 2658 sequitur,

47 2678 52 2682 ’
128 2675 235 2711 Hom.
260 2674 283 2709 l.
311 2676 331 2710 l.
358 2674 436 2710 133.
851 2684 854 2687 ·

1329 2731 1375 2765 28
