1890 3100
593 248 979 286 ARGONAVTIOON
1001 247 1150 282 LIBER
1173 247 1204 283 I.
1581 247 1639 290 37

271 372 405 420 litora3
438 371 518 410 iam
544 369 661 421 pinus
689 367 828 419 gracili
856 365 1076 405 dissolvere
1099 364 1235 403 lamna

271 435 540 488 Thespiaden,
574 433 766 485 iungique
791 432 911 479 latus,
932 431 1136 482 vlentoque
1165 442 1359 482 sequaces

273 500 416 539 molliri
442 498 553 538 videt
578 499 673 549 igne
699 497 847 544 trabes,
875 496 1077 548 remisque
1104 495 1253 546 paratis
1643 501 1698 530 125

272 563 440 604 Pallada
463 563 632 603 velifero
661 567 920 614 quaerentem
946 560 1136 599 bracchia
1162 559 1281 600 malo,

274 629 450 670 constitit
474 634 529 676 ut,
557 628 678 679 longo
705 626 832 665 moles
858 639 939 664 non
966 625 1106 677 pervia
1130 630 1266 675 ponto,

273 694 429 747 puppis,
457 698 498 732 et
524 699 570 731 ut
595 699 738 731 tenues
767 691 926 729 subiere
960 690 1128 728 latentia
1162 701 1279 727 cerae

273 759 436 806 lumina,
462 759 641 810 picturae
668 757 799 795 varios
829 754 1063 807 superaddit
1088 755 1273 792 honores.

264 871 342 906 123.
368 871 488 906 lamna
511 869 533 904 i.
561 881 592 905 e.
618 879 738 910 serra;
766 867 833 903 cfr.
858 867 970 912 Verg.
990 866 1126 911 Georg.
1151 865 1181 905 I,
1210 865 1289 900 143.

264 929 343 965 124.
367 939 530 974 sequaces
551 928 575 963 i.
594 939 625 964 e.
650 926 832 963 flexibiles
858 926 967 971 (Plin.
985 925 1070 960 hist.
1088 937 1125 961 11.
1145 924 1242 966 XVI,
1269 924 1348 965 174,
1382 924 1474 959 nota
1486 922 1649 969 prolepsi

170 988 323 1024 dictum.

265 1047 345 1085 126.
369 1047 512 1089 velifero
534 1067 582 1072 —
605 1046 716 1080 malo:
742 1044 828 1079 Luc.
854 1044 884 1084 Ι,
911 1043 992 1080 500.

265 1105 346 1141 127.
370 1106 472 1150 101190
512 1126 560 1131 -
597 1107 712 1149 ponto
749 1115 832 1138 cum
861 1101 1160 1146 breviloquentia
1186 1100 1338 1141 dictum,
1364 1100 1387 1135 i.
1416 1111 1447 1138 0.
1472 1099 1587 1145 longo
1610 1099 1651 1134 in

170 1165 328 1211 ponium
349 1163 486 1205 itineri,
501 1163 557 1198 ita
581 1163 699 1197 habet
723 1163 830 1206 lonqa
853 1171 1007 1206 aequora
1031 1159 1117 1195 Stat
1142 1159 1209 1195 Th.
1237 1159 1302 1205 VI,
1330 1158 1400 1194 799
1425 1159 1465 1194 et
1489 1158 1650 1194 fortasse

173 1223 236 1260 Sil.
260 1223 304 1264 V,
330 1223 363 1258 9.

267 1281 348 1318 128.
371 1292 453 1317 cera
474 1281 535 1317 vel
558 1280 643 1326 pice
667 1279 784 1315 rimae
808 1279 985 1319 linuntur,
1007 1277 1074 1313 cfr.
1099 1277 1188 1319 480;
1218 1278 1284 1313 Ov.
1314 1277 1393 1312 her.
1410 1276 1452 1318 V,
1470 1276 1534 1319 42;
1560 1287 1649 1311 rem.

172 1341 259 1383 447;
295 1341 383 1377 met.
409 1340 472 1382 XI,
498 1339 577 1374 514.
604 1339 760 1374 Lumina
796 1338 857 1374 vel
894 1337 934 1372 in
963 1347 1076 1382 prosa
1112 1336 1282 1372 oratione
1313 1335 1438 1371 omnia
1469 1335 1654 1371 foramina

176 1399 358 1441 dicuntur,
382 1410 450 1447 per
474 1409 569 1444 quae
593 1398 719 1433 lumen
742 1397 931 1443 penetrat.

269 1457 349 1494 129.
372 1457 589 1502 weraddit,
616 1456 719 1501 quis?
743 1455 870 1490 Pallas
895 1466 942 1489 an
959 1455 1104 1500 Argus?
1129 1465 1219 1489 nam
1238 1454 1285 1489 de
1303 1453 1445 1489 Iunone
1471 1452 1653 1498 cogitare,

174 1519 219 1553 ut
252 1517 343 1554 fecit
376 1516 554 1562 Wagner,
594 1526 716 1561 paene
748 1515 918 1560 ineptum
954 1514 1113 1554 videtur,
1153 1524 1376 1558 quamquam
1407 1511 1654 1558 grammatica

174 1576 322 1613 ratione
345 1575 581 1620 aliquomodo
605 1573 897 1610 commendatur.
926 1572 1042 1620 Culpa
1068 1572 1202 1608 nimiae
1231 1571 1469 1607 obscuritatis
1485 1570 1655 1607 Valerius

174 1635 328 1672 liberari
359 1646 435 1671 non
459 1635 599 1682 potem
625 1633 692 1669 sed
723 1644 807 1668 cum
832 1633 1124 1668 consentaneum
1149 1631 1208 1673 sit,
1234 1631 1299 1666 ubi
1324 1642 1400 1666 non
1426 1631 1557 1676 aperte
1583 1630 1655 1665 dea

174 1694 396 1736 nominetur,
431 1693 574 1739 Argum
609 1692 876 1728 fabricatorem
912 1691 1017 1726 navis
1061 1690 1203 1732 haberi,
1240 1690 1272 1725 is
1303 1691 1375 1726 hoc
1412 1690 1496 1725 1000
1533 1689 1657 1724 artem

176 1753 356 1801 pingendi
385 1763 558 1789 exercere
582 1751 747 1793 videtum
779 1750 940 1786 fortasse
962 1751 1078 1795 poeta
1108 1749 1139 1784 si
1165 1749 1199 1785 ei
1223 1749 1390 1784 licuisset
1422 1759 1574 1784 carmen
1598 1758 1655 1783 re-

177 1814 355 1858 tractare,
379 1812 477 1847 hanc
501 1810 769 1847 obscuritatem
793 1810 1013 1845 sustulisset.

271 1872 445 1908 Picturae
487 1870 638 1905 navium
679 1869 825 1915 saepius
858 1869 1195 1904 commemorantur
1228 1878 1252 1902 a
1287 1867 1420 1913 poetis,
1462 1877 1656 1911 nusquam,

179 1932 360 1977 quantum
388 1930 474 1971 scio,
517 1930 576 1965 tot
607 1928 732 1964 verbis
766 1928 1046 1972 describuntur5
1070 1927 1136 1962 cfr.
1163 1927 1275 1972 Verg.
1302 1925 1437 1971 Georg.
1471 1925 1523 1961 IV
1524 1953 1533 1966 ,
1566 1924 1655 1966 289;

178 1991 272 2028 Aen.
303 1989 347 2031 V,
372 1989 458 2030 663;
488 1988 592 2030 VIII,
626 1987 689 2029 93;
720 1987 809 2022 Hor.
844 1998 872 2022 c.
899 1987 929 2028 I,
956 1987 1011 2025 14,
1039 1987 1101 2028 14;
1152 1985 1217 2021 Ov.
1250 1987 1338 2021 met.
1371 1984 1441 2025 III,
1468 1983 1554 2026 639;
1591 1983 1655 2024 VI,

181 2050 267 2092 511;
291 2048 380 2084 fast.
402 2047 465 2089 IV,
491 2047 577 2089 275;
614 2046 711 2082 trist.
737 2046 766 2087 I,
794 2046 848 2087 10,
874 2046 913 2087 23
939 2046 1050 2091 Prop.
1075 2045 1135 2087 lv,
1162 2045 1194 2085 6,
1220 2045 1283 2086 50;
1311 2044 1446 2079 Lucan.
1472 2043 1542 2083 ῙΠ,
1569 2042 1656 2084 510;

181 2109 292 2144 Mart.
316 2108 360 2149 X,
384 2107 441 2149 30,
468 2106 522 2141 13.
574 2105 748 2142 Ceterum
770 2106 886 2150 poeta
909 2116 1031 2149 neque
1051 2104 1196 2139 curavit
1225 2114 1346 2148 neque
1367 2114 1496 2138 curare
1514 2101 1657 2143 debuit,

181 2180 271 2204 num
311 2168 407 2204 haec
447 2165 675 2202 consuetudo
710 2164 787 2199 iam
835 2164 1101 2208 antiquissimis
1137 2163 1368 2209 temporibus
1407 2161 1540 2203 fuerit,
1591 2161 1659 2196 sed

183 2226 378 2264 occasione
413 2225 505 2260 data
533 2224 664 2261 utitur.
700 2225 743 2258 ut
778 2234 915 2258 navem
943 2223 999 2258 ita
1031 2223 1147 2258 etiam
1181 2234 1287 2257 suum
1318 2233 1469 2257 carmen
1492 2220 1658 2266 pulchris

183 2285 407 2332 imaginibus
438 2283 595 2320 ornandi
626 2283 761 2328 eisque,
794 2293 890 2327 quae
915 2282 965 2317 ad
988 2283 1138 2328 partem
1167 2281 1332 2327 ipsorum
1356 2280 1661 2326 Argonautarum

182 2344 408 2392 pertineant.
457 2341 671 2390 Apollonius
697 2342 827 2377 contra
850 2341 1081 2387 paucissimis
1105 2342 1255 2376 tantum
1279 2339 1403 2376 verbis
1428 2339 1533 2374 navis
1560 2338 1660 2374 aedi-

185 2403 398 2439 ficationem
420 2401 546 2447 tangit
569 2401 599 2442 I,
626 2401 705 2436 111.

274 2462 439 2507 picturae
473 2461 622 2507 honores
657 2459 680 2495 i.
707 2470 737 2494 0.
768 2460 939 2506 picturae
982 2470 1077 2504 quae
1112 2459 1333 2494 ornamento
1357 2457 1574 2498 inserviunt,
1609 2456 1661 2491 sic

181 2521 358 2567 maleus
386 2520 500 2556 honor
523 2519 584 2561 VI,
602 2519 688 2561 296;
713 2530 835 2555 roseus
850 2520 884 2554 h.
902 2517 1004 2560 VIII,
1030 2518 1095 2565 313
1123 2517 1187 2553 Ov.
1214 2517 1302 2552 Met.
1320 2517 1351 2558 I,
1369 2517 1438 2551 565
1452 2516 1593 2558 frondis
1609 2515 1660 2555 Ῐι.;

189 2578 252 2615 Sil.
276 2578 393 2620 XVII,
419 2578 489 2614 526
511 2579 681 2624 fulgenti-9
703 2579 822 2624 saguli
845 2579 877 2613 h.

281 2637 343 2673 Eis
367 2638 503 2679 autem,
529 2636 589 2682 qui
616 2638 828 2682 sequuntur,
853 2635 1021 2672 versibus
1045 2636 1123 2671 tres
1141 2635 1306 2670 diversas
1322 2634 1486 2680 picturas
1504 2643 1662 2668 comme-

190 2697 355 2732 moratas
366 2696 562 2741 intellego:
575 2695 611 2731 in
627 2696 747 2732 altero
771 2696 892 2731 latere
916 2694 1022 2729 navis
1044 2694 1200 2740 nuptiae
1217 2693 1385 2729 Thetidis
1411 2693 1534 2739 pictae
1554 2692 1662 2726 erant
