1890 3100
586 240 974 278 ARGONAVTIGON
998 241 1147 276 LIBER
1170 241 1239 277 111.
1558 245 1643 287 211

269 360 387 399 ludus
417 366 458 399 et
484 360 554 399 ille
583 360 676 407 deo,
704 359 894 412 pavidum
920 359 1184 412 praesepibus
1213 359 1346 398 aufert

269 439 359 464 cum
386 439 509 477 pecus
538 430 579 464 et
605 425 764 478 profugi
791 430 974 464 sternunt
1002 424 1164 463 dumeta
1190 424 1365 465 iuvenci.

320 490 438 530 Ilicet
465 490 516 529 ad
543 503 681 542 regem
710 491 857 529 clamor
883 491 974 528 ruit.
1030 490 1165 528 exsilit
1193 489 1284 528 altis

269 556 423 594 somnia
450 555 536 594 dira
561 556 658 594 toris
687 556 979 608 simulacraque
1007 554 1159 607 pallida
1185 555 1373 607 linquens

269 620 458 672 Cyzicus.
516 633 611 659 ecce
640 634 760 673 super
787 621 937 659 foribus
965 620 1139 659 Bellona
1165 620 1333 659 reclusis

267 685 376 724 nuda
401 686 507 724 latus
534 699 736 738 passuque
764 699 931 725 movens
961 686 1161 724 orichalca
1189 675 1341 724 sonore
1415 700 1418 703 ·

267 750 420 789 adstitit
448 756 488 790 et
515 751 660 803 triplici
687 751 852 803 pulsans
880 751 1041 803 fastigia
1069 751 1188 789 crista

266 815 359 854 inde
388 816 494 855 ciere
521 817 660 855 virum.
719 816 899 868 sequitur
924 829 998 868 per
1024 817 1184 855 moenia
1211 815 1377 854 demens

265 880 335 919 ille
363 880 480 919 deam
508 887 549 920 et
576 881 667 919 fatis
698 887 877 920 extrema
904 882 946 919 in
972 881 1127 933 proelia
1153 880 1299 929 tendit3

267 946 396 998 qualis
423 947 466 985 in
492 946 664 985 Alciden
693 953 733 985 et
760 947 923 985 Thffiea
949 947 1131 985 Rhoetus
1159 947 1285 999 iniqui

265 1011 372 1050 nube
400 1012 499 1050 meri
527 1013 727 1063 geminam
754 1012 937 1050 Pholoen
964 1013 1194 1064 maioraque
1225 1025 1392 1051 cernens

266 1081 373 1114 astra
398 1077 488 1124 ruit,
519 1077 700 1129 qualisve
728 1077 831 1115 redit
859 1077 1070 1116 venatibus
1099 1078 1198 1116 actis

264 1141 392 1180 lustra
417 1148 532 1193 pater
560 1143 818 1194 Triviamque
848 1155 995 1181 canens
1023 1156 1241 1195 umeroque
1270 1143 1493 1181 Learchum

254 1282 310 1319 58.
359 1284 468 1325 ilicet3
496 1283 563 1320 cfr.
590 1284 639 1318 ad
662 1284 711 1326 Π,
736 1284 815 1319 186.

253 1343 385 1378 clamor
408 1343 497 1385 mit;
524 1342 591 1378 cfr.
618 1343 729 1388 Verg.
754 1343 847 1380 Aen.
872 1343 934 1385 VI,
961 1344 1007 1378 44
1031 1344 1126 1378 unde
1149 1348 1260 1379 ruunt
1284 1344 1428 1379 totidem
1451 1355 1560 1380 voces.

253 1401 308 1436 59.
359 1401 450 1448 Rex
472 1402 634 1438 clamore
667 1414 712 1438 ex
749 1402 838 1437 diris
869 1403 1020 1438 somniis
1055 1403 1250 1448 excitatur,
1289 1414 1383 1448 quae
1417 1403 1452 1439 ei
1477 1403 1645 1438 futurum

159 1459 314 1496 exitium
337 1461 546 1496 vaticinata
569 1461 755 1497 videntur.

249 1519 309 1558 62.
353 1531 535 1565 passuque
558 1532 699 1556 movens
722 1522 900 1557 orichalca
915 1532 1059 1564 somam
1085 1522 1188 1557 locus
1206 1533 1229 1557 a
1244 1522 1431 1567 plerisque
1449 1533 1524 1557 non
1541 1523 1645 1557 recte

158 1578 388 1614 intellectus:
425 1580 603 1615 orichalca
634 1592 708 1616 non
741 1580 954 1625 significant
977 1581 1126 1622 tubam,
1165 1581 1232 1617 sed
1258 1592 1361 1616 arma
1386 1592 1431 1617 ex
1457 1581 1644 1616 orichalco

158 1637 271 1679 facta„
297 1639 341 1673 ut
364 1638 460 1674 Stat.
487 1639 604 1675 Theb.
629 1639 672 1681 X,
699 1639 784 1683 66ος
811 1639 877 1678 cfr.
906 1641 1014 1686 Verg.
1041 1641 1132 1676 Aen.
1159 1640 1240 1682 XII,
1266 1641 1331 1682 87;
1358 1652 1454 1686 quae
1479 1652 1563 1675 cum
1588 1651 1645 1676 so-

158 1696 240 1732 nitu
263 1699 472 1740 moventur,
506 1709 589 1733 cum
612 1698 771 1734 Bellona
794 1699 945 1741 incedit,
979 1711 1089 1745 quam
1127 1701 1174 1735 ob
1211 1711 1292 1736 rem
1327 1711 1458 1745 passus
1494 1710 1646 1735 smum-us

157 1755 390 1799 nominat-un
417 1756 482 1792 cfr.
522 1758 684 1793 sonitum
722 1759 945 1803 sagittarum
981 1759 1020 1794 in
1058 1759 1220 1795 humeris
1256 1759 1400 1795 Phoebi
1436 1758 1644 1794 incedentis

158 1815 260 1860 apud
285 1815 390 1851 Hom.
416 1816 460 1854 11.
484 1817 514 1857 Ι,
540 1817 596 1853 46.
651 1817 802 1852 Excitat
840 1820 966 1854 autem
990 1819 1150 1854 Bellona
1174 1819 1295 1853 virum
1320 1831 1394 1854 non
1430 1818 1534 1859 tuba,
1577 1818 1645 1853 sed

157 1875 279 1921 galea,
306 1887 379 1921 qua
403 1875 502 1911 fores
526 1876 661 1922 pulsat,
687 1888 806 1922 neque
833 1889 853 1913 e
878 1889 1007 1913 somno
1033 1878 1186 1922 excitat,
1212 1879 1279 1914 sed
1305 1890 1324 1914 e
1350 1879 1471 1914 domo.

252 1935 310 1970 63.
359 1934 568 1970 Infinitivus
594 1938 683 1971 ciere
706 1948 781 1972 non
806 1937 885 1972 sine
909 1937 1008 1972 iusta.
1035 1949 1147 1972 causa
1172 1938 1332 1983 scriptus
1358 1940 1416 1974 est
1437 1939 1486 1974 ad
1504 1939 1642 1976 descri-

157 1993 324 2030 bendam
347 1994 534 2030 actionem
558 2006 626 2040 per
652 1995 800 2040 aliquod
823 1997 1004 2042 temporis
1029 1997 1192 2042 spatium
1218 1998 1427 2034 durantem.

253 2053 310 2091 66.
359 2053 491 2089 Ebrios
517 2066 644 2090 omnes
669 2066 728 2090 res
753 2055 962 2100 geminatas
988 2056 1116 2092 videre
1143 2057 1290 2102 saepius
1316 2060 1638 2101 commemoratur,

157 2113 201 2148 ut
223 2112 408 2150 Horssat.
434 2113 481 2155 ΙΙ,
509 2115 540 2155 1,
566 2114 629 2155 25;
670 2114 734 2150 Ov.
774 2115 864 2150 artis
902 2115 969 2158 III,
1009 2116 1096 2157 764;
1135 2115 1212 2150 Iuv.
1240 2115 1300 2160 VI,
1338 2116 1424 2163 305;
1462 2117 1563 2153 idem
1599 2119 1643 2154 fit

157 2171 327 2208 Pentheo
362 2172 402 2207 in
436 2173 619 2208 insaniam
657 2173 825 2209 coniecto
860 2174 971 2219 Verg.
996 2176 1089 2212 Aen.
1126 2175 1188 2215 IV,
1226 2175 1312 2213 470:
1350 2176 1476 2211 vinum
1514 2179 1640 2213 autem

158 2230 264 2276 qnasi
288 2231 426 2267 nubem
450 2232 510 2267 vel
534 2232 711 2268 nebulam
736 2233 850 2268 oculis
876 2234 1039 2273 obducit,
1065 2236 1108 2269 ut
1132 2234 1252 2269 minus
1270 2235 1371 2270 clare
1387 2235 1553 2281 videant,
1573 2236 1641 2275 cfr.

158 2289 261 2331 vm,
287 2290 343 2326 81.

251 2349 308 2384 67.
357 2354 458 2385 astra
473 2350 569 2391 Vat„
596 2356 703 2386 antra
729 2363 811 2386 cum
835 2352 1039 2398 Pomponio
1062 2353 1180 2389 Laeto
1204 2354 1442 2395 recentiores,
1467 2355 1535 2390 sed
1554 2365 1639 2390 cau-

159 2418 240 2443 sam
264 2409 511 2445 necessariam
527 2411 706 2458 mutandi
730 2423 806 2446 non
830 2411 950 2447 video.

252 2466 308 2502 68.
352 2472 460 2512 pater
495 2480 544 2504 sc.
582 2469 779 2511 Athamas,
817 2470 878 2516 qui
915 2482 938 2506 a
974 2471 1116 2507 Iunone
1158 2471 1197 2506 in
1242 2471 1409 2508 furorem
1450 2473 1639 2509 coniectus

13 2539 26 2571 ·,
126 2503 139 2514 “
158 2524 272 2561 filium
303 2526 511 2563 Learchum
546 2528 747 2565 interfecit.
798 2529 950 2565 Ovidius
974 2532 1063 2566 met.
1090 2531 1154 2575 IV,
1180 2531 1249 2566 512
1284 2543 1384 2578 seqq.
1415 2534 1561 2574 narrat,
1599 2533 1639 2567 in

160 2584 246 2620 aula
270 2586 375 2632 regia
398 2587 513 2622 filium
539 2588 587 2623 ab
612 2588 844 2625 Athamante
869 2590 1037 2630 occisum,
1065 2591 1127 2635 qui
1151 2591 1189 2625 in
1221 2590 1382 2627 furorem
1424 2593 1529 2627 actus
1566 2592 1638 2627 sibi

159 2642 350 2708 rideretur
372 2645 411 2680 in
435 2646 537 2682 silvis
561 2646 733 2683 leaenam
758 2659 840 2683 cum
877 2649 982 2694 prole
1018 2650 1212 2710 persequ}
1228 2650 1398 2686 Valerius
1436 2652 1562 2686 autem
1598 2650 1637 2686 in

158 2712 240 2747 ipsa
263 2703 463 2740 venatione
493 2705 608 2740 filium
644 2706 884 2742 interfectum
922 2707 1013 2743 dicit
1050 2710 1161 2754 atque
1200 2720 1282 2744 cum
1321 2720 1364 2744 eo
1401 2709 1638 2745 consentiunt

1361 2769 1420 2803 14¹
