1890 3100
619 296 1006 334 ARGONAVTICON
1029 296 1178 331 LIBER
1203 295 1267 331 IV.
1627 294 1711 337 301

335 418 568 470 prosubigit,
597 417 723 470 pulsis
753 417 963 468 strepitant
989 415 1199 454 incudibus
1228 414 1360 452 urbes.

337 484 482 522 emicat
508 483 572 521 hic
604 482 866 534 dextramque
893 486 1008 532 parat
1037 480 1298 531 dextramque
1327 479 1501 516 minatur
1578 505 1586 508 -

337 547 609 600 Tyndarides3
637 546 741 586 redit
768 547 847 585 huc
876 546 1000 584 oculis
1030 551 1071 584 et
1097 544 1276 597 pondere
1304 543 1471 594 Bebryx
1712 550 1768 579 290

340 614 396 651 sic
423 619 544 660 ratus,
573 612 643 651 ille
672 618 805 650 autem
833 611 957 649 celeri
982 611 1086 662 rapit
1115 623 1183 648 ora
1211 610 1382 648 sinistra.

338 678 586 716 conclamant
614 678 712 716 socii
748 683 788 715 et
816 676 966 715 subitas
996 675 1091 714 dant
1119 674 1267 726 gaudia
1294 687 1441 712 voces·

337 743 450 781 illum
478 743 681 794 insperata
707 741 910 780 turbatum
937 740 1076 779 fraude
1105 740 1385 791 furentemque

337 807 555 847 Oebalides
585 808 711 858 prima
738 806 885 858 refugit
913 805 1006 844 dum
1035 805 1200 844 detonet
1226 806 1296 851 ira,

220 931 344 965 poena
367 921 455 955 mihi
478 923 545 964 eet,
570 920 686 964 ipsum
713 919 901 961 offendisse
924 918 947 955 i.
975 930 1006 957 e.
1033 918 1224 953 (lominum
1248 917 1326 952 sive
1350 916 1575 962 principem3
1611 920 1714 951 notat

227 980 354 1015 autem
378 979 480 1015 idem
506 980 562 1014 est
587 979 686 1023 quod
710 978 870 1024 inspicit.
909 978 982 1012 vid.
1012 977 1085 1013 Cic.
1124 989 1176 1012 or.
1202 976 1295 1017 Phil.
1323 977 1365 1017 V,
1404 976 1451 1010 20
1470 976 1711 1020 possessiones

226 1039 375 1074 notabat
399 1042 433 1073 et
454 1039 615 1073 urbanas
640 1042 672 1072 et
696 1039 858 1074 rusticas.
886 1049 934 1073 sc.
961 1039 1003 1072 ut
1029 1038 1283 1082 cognosceret.
1311 1036 1442 1080 quanti
1466 1037 1611 1082 essent3
1644 1034 1712 1070 cfr.

227 1097 342 1133 etiam
368 1097 434 1133 Ov.
458 1098 547 1133 met.
573 1096 643 1142 HI,
669 1097 737 1132 595
762 1108 863 1142 seqq.
889 1096 1058 1141 Denique
1082 1107 1210 1131 manus
1225 1106 1292 1141 pro
1318 1106 1372 1136 eo,
1399 1095 1500 1140 quod
1525 1094 1711 1130 artificum

226 1167 340 1191 manu
366 1156 600 1192 elaboratum
626 1158 692 1197 est,
731 1156 847 1191 etiam
885 1156 986 1201 apud
1023 1155 1115 1191 alios
1152 1155 1349 1201 reperitur,
1378 1154 1484 1190 velut
1509 1154 1620 1189 Mart.
1646 1154 1708 1197 lV,

225 1215 282 1256 39,
308 1215 348 1250 3:
385 1216 482 1251 solu-s
507 1216 713 1251 Praxitelus
749 1227 892 1250 manum
918 1216 1121 1260 Scopaeque
1158 1238 1203 1242 —
1240 1215 1337 1250 solus
1375 1214 1579 1249 Mentoreos
1602 1214 1711 1248 habes

225 1275 373 1316 labores,
399 1275 460 1310 vel
491 1274 586 1310 Stat.
613 1275 692 1310 silv.
719 1274 749 1319 Ι,
786 1275 819 1318 3,
849 1275 895 1309 47
921 1275 996 1310 vidi
1019 1279 1114 1309 artes
1137 1278 1358 1319 veterumque
1381 1285 1510 1309 manus
1533 1274 1713 1318 variisque

224 1335 367 1369 metalla
396 1334 485 1370 Viva
508 1335 632 1370 modis.
694 1335 825 1379 Itaque
850 1346 925 1369 non
952 1335 1019 1376 est,
1045 1334 1144 1379 quod
1167 1335 1323 1379 propter
1347 1333 1577 1368 latinitatem
1596 1333 1713 1368 verba

225 1393 264 1428 in
289 1393 370 1429 cod.
397 1393 497 1429 Carr.
522 1393 666 1428 tradita
690 1393 729 1428 in
753 1393 996 1438 suspitionem
1020 1404 1204 1428 vocemus.

253 1468 256 1470 ·
318 1452 398 1488 288.
418 1453 641 1498 prosubigit:
666 1453 736 1488 hoc
754 1464 899 1497 quoque
923 1453 1081 1488 verbum
1093 1453 1195 1488 recte
1213 1451 1416 1497 explicavit
1429 1451 1597 1486 Dorvifle
1621 1451 1645 1488 l.
1671 1451 1712 1492 l.;

230 1511 379 1557 ‘primas
403 1523 545 1547 massas
570 1511 608 1546 in
634 1511 798 1546 fulminis
824 1511 982 1556 figuram
1006 1511 1197 1557 procudit;
1239 1523 1325 1546 mox
1363 1511 1411 1545 ab
1448 1510 1598 1546 domino
1632 1510 1713 1556 ipso

223 1571 506 1616 perpolientur’.

319 1630 375 1666 De
399 1641 441 1666 re
468 1630 534 1666 cfr.
560 1630 670 1676 Verg.
697 1630 787 1666 Aen.
815 1630 916 1671 VIII,
941 1630 1012 1665 419
1037 1641 1138 1675 seqq.

320 1689 400 1724 289.
450 1689 676 1735 dextramque
694 1694 809 1734 parat
833 1690 1059 1735 dextramque
1097 1690 1272 1725 minatur:
1316 1689 1383 1724 cfr.
1408 1689 1521 1734 Verg.
1549 1690 1637 1724 Aen.
1665 1689 1710 1729 X,

224 1748 297 1783 810
321 1748 480 1784 Lausum
504 1750 693 1794 increpitat
718 1749 906 1795 Lausoque
929 1750 1096 1784 minatur.

321 1808 548 1853 dextramque
570 1810 738 1854 minatur,
764 1809 832 1844 cfr.
858 1809 908 1843 ad
932 1808 959 1848 L
985 1809 1066 1844 338.

321 1866 401 1902 290.
445 1867 604 1911 pondere
620 1879 668 1903 sc.
687 1868 850 1913 corporis
871 1868 1000 1903 dicunt
1016 1868 1253 1914 interpretes.
1275 1868 1374 1913 quod
1391 1867 1526 1903 falsum
1545 1868 1710 1904 videtur:

227 1937 303 1961 non
329 1937 461 1972 corpus
498 1926 634 1962 ictibus
671 1927 827 1972 opponit
851 1927 1022 1972 Amycus,
1062 1927 1129 1962 sed
1165 1928 1310 1973 pondus
1336 1929 1539 1970 caestum
1577 1928 1710 1972 quibus

226 1984 344 2020 ictum
370 1985 531 2020 Pollucis
557 1985 678 2021 vitare
702 1988 868 2022 conatur.

321 2044 402 2081 291.
450 2045 502 2079 sie
524 2049 628 2080 ratus
652 2056 701 2080 sc.
729 2045 820 2081 fore.

321 2105 419 2148 rapit
442 2114 523 2139 ora:
566 2105 608 2138 ut
626 2115 752 2148 rapere
770 2104 920 2140 omnino
938 2105 1124 2149 significat
1141 2105 1312 2140 celeriter
1329 2115 1441 2150 agere
1460 2105 1520 2140 vel
1537 2105 1710 2140 celeriter

225 2161 369 2207 aliquid
393 2162 529 2204 facere,
556 2164 602 2199 de
629 2175 702 2209 qua
739 2164 890 2199 notione
928 2163 994 2199 cfr.
1035 2164 1084 2198 ad
1108 2164 1157 2203 II,
1193 2163 1278 2206 665;
1317 2163 1384 2200 HL
1411 2164 1496 2205 341;
1535 2164 1621 2205 692;
1669 2164 1710 2205 V,

226 2221 307 2262 271,
333 2221 385 2257 sic
409 2222 479 2257 hoc
503 2222 586 2258 loco
611 2223 714 2259 valet
740 2223 912 2259 celeriter
939 2223 1061 2263 ferire,
1088 2223 1305 2269 vulnerare,
1344 2223 1410 2259 cfr.
1437 2223 1523 2259 Luc.
1551 2223 1613 2263 IX,
1640 2223 1712 2258 684

224 2284 335 2325 rapta
371 2301 415 2307 —
456 2281 621 2326 Goryone
660 2282 683 2317 i.
711 2293 742 2318 e.
770 2282 942 2318 celeriter
966 2282 1188 2324 interfecta;
1227 2282 1269 2322 X,
1302 2282 1370 2317 517
1407 2294 1480 2318 non
1504 2294 1615 2326 cruce,
1641 2294 1714 2318 non

223 2340 385 2382 flammis.
410 2341 534 2385 rapuit
559 2352 631 2377 non
656 2342 756 2376 dente
777 2342 937 2384 ferarum
955 2342 1204 2388 (Pothinum);
1231 2342 1293 2377 Sil.
1319 2342 1401 2383 VII,
1429 2342 1499 2377 704
1523 2353 1589 2377 ora
1613 2344 1712 2386 rapit

223 2398 362 2443 yladim
388 2399 465 2440 XV,
491 2399 560 2436 807
585 2402 685 2444 rapit
702 2401 850 2443 infidum
866 2403 978 2436 vietor
993 2405 1111 2445 caput,
1137 2401 1202 2436 ubi
1227 2413 1316 2437 sane
1334 2403 1392 2437 est
1409 2402 1522 2447 caput
1539 2401 1711 2437 celeriter

228 2458 431 2500 abscidere,
470 2461 509 2495 et
545 2459 597 2494 sic
633 2461 781 2495 Iuvenc.
819 2459 880 2497 IV,
907 2461 975 2495 524
1007 2462 1131 2505 rapuit
1154 2461 1190 2496 vi
1213 2462 1369 2496 vulneris
1393 2472 1525 2495 aurem.
1575 2460 1711 2498 Similis

226 2517 363 2563 pugilis
388 2518 495 2554 dolus
520 2521 696 2554 narratur
722 2518 816 2555 Stat.
843 2519 959 2556 Theb.
987 2519 1048 2559 VI,
1075 2520 1155 2556 779.
1530 2563 1540 2571 ⁸

321 2577 402 2614 292.
451 2578 539 2612 dant
572 2579 708 2623 yaudia
748 2589 846 2614 voces
889 2579 913 2615 i.
962 2590 993 2615 e.
1036 2581 1241 2625 praebent,
1296 2580 1374 2616 sive
1430 2580 1609 2616 ‘oriuntur
1666 2592 1710 2615 ex

229 2636 368 2681 gaudio
392 2640 526 2674 voces'.

323 2697 403 2733 294.
452 2697 534 2731 dum
560 2697 697 2732 detonet
722 2697 787 2732 ‘bis
814 2709 853 2733 er
879 2698 957 2733 sich
983 2699 1161 2738 austobe',
1190 2710 1234 2734 ex
1260 2699 1469 2734 imitatione
1486 2699 1600 2744 Verg.
1619 2699 1708 2734 Aen.

230 2755 273 2797 X,
299 2755 379 2791 809.
