1890 3100
281 235 368 278 472
828 235 864 271 c.
890 235 1071 271 VALERI
1096 236 1270 273 FLACCI

387 359 482 392 vota
509 355 618 406 prius
649 360 867 408 captasque
898 356 982 395 deis
1013 357 1234 395 accendere
1262 357 1432 409 praedas

387 420 584 471 prominet
613 426 733 473 atque
763 421 898 460 oculos
928 422 1048 473 longe
1076 428 1199 470 tenet,
1231 436 1352 461 aurea
1381 424 1414 462 si
1441 423 1520 462 iam
1785 438 1822 468 30

386 485 506 536 pellis
537 491 577 524 et
606 486 748 524 oblatis
779 487 1001 525 clarescant
1031 488 1131 526 atria
1158 488 1276 528 villis.

439 550 516 589 Ille
546 557 678 590 autem
706 553 784 591 iam
812 553 891 590 iam
920 553 1054 591 vultus
1083 567 1285 606 vocesque
1314 559 1521 605 parantem

388 617 592 655 antevenit
619 618 844 670 rumpitque
873 632 1003 657 moras
1032 619 1153 670 inque
1182 620 1270 670 ipsa
1297 620 1486 658 morantis

385 682 540 733 prosilit
570 697 637 721 ora
664 684 739 721 viri
766 684 917 736 talique
949 683 1164 722 effunditur
1190 685 1268 723 ira:
1771 733 1786 746 ὁ

389 747 495 787 ‘orbe
527 753 633 786 satos
663 748 752 797 alio,
785 763 856 787 sua
883 749 1001 787 litora
1028 757 1234 802 regnaqu‘e
1264 750 1472 798 habentes,
1784 758 1823 787 35

388 813 475 864 quis
504 813 613 851 furor
641 814 713 851 has
743 813 884 852 mediis
913 820 973 851 tot
999 815 1185 853 fluctibus
1217 816 1298 866 egit
1326 816 1367 853 in
1397 829 1498 863 orae,

388 878 527 930 quisve
557 879 636 916 mei
664 892 736 917 vos
765 884 899 917 tantus
929 878 1064 917 amor?
1092 885 1136 918 tu
1164 881 1292 932 prima
1319 881 1513 919 malorum

386 956 507 981 causa
534 944 641 991 mihi,
671 949 727 991 tu,
757 944 905 982 Phrixe
935 958 1070 995 gener.
1102 959 1183 983 non
1210 951 1250 983 te
1282 959 1456 998 aequore
1485 959 1660 985 mersum

386 1021 464 1060 quo
495 1008 622 1049 soror!
652 1014 697 1047 ut
725 1009 826 1047 felix
854 1009 987 1047 nullos
1016 1023 1122 1048 nunc
1151 1011 1311 1049 nomine
1343 1011 1485 1050 Graios

383 1087 545 1112 nossem
574 1087 662 1125 ego.
694 1075 781 1126 quis
810 1087 951 1126 regum
978 1075 1125 1123 Pelias,
1158 1076 1245 1127 quis
1274 1076 1508 1125 Thessalus,
1539 1082 1608 1115 aut
1637 1091 1740 1130 quae
1786 1078 1826 1107 40

386 1138 582 1177 Graecia?
612 1139 812 1191 quodnam
840 1140 1043 1178 hominum
1073 1153 1193 1179 cerno
1223 1141 1379 1192 genus?
1408 1147 1476 1180 aut
1503 1142 1573 1180 ubi
1601 1147 1741 1182 cautes

385 1203 604 1255 Cyaneae?
631 1206 743 1243 venit
773 1205 985 1256 Scythicas
1017 1219 1068 1244 en
1095 1206 1243 1258 hospes
1273 1207 1314 1244 in
1344 1220 1445 1246 oras.

386 1271 675 1322 quinquaginta
703 1271 841 1310 Asiam
873 1271 1013 1323 (pudet
1040 1271 1157 1323 heu!)
1186 1273 1405 1324 penetrarit
1433 1273 1553 1312 Iason

370 1388 426 1423 29.
476 1389 623 1425 Praeda
663 1400 708 1424 ex
747 1390 917 1425 hostibus
952 1391 1064 1436 capta
1102 1392 1299 1433 crematur,
1338 1392 1381 1426 ut
1407 1391 1515 1437 Verg.
1542 1394 1632 1428 Aen.
1663 1391 1767 1434 VIII,

276 1447 355 1489 562,
382 1447 446 1482 ubi
471 1448 618 1483 Servius
643 1449 738 1484 haec
763 1449 899 1487 habet:
937 1450 1002 1485 hoc
1027 1450 1140 1485 traxit
1165 1450 1207 1485 de
1232 1451 1400 1495 historia3
1431 1451 1651 1496 Tarquinius
1675 1451 1769 1487 enim

275 1507 425 1543 Priscus
460 1508 562 1543 victis
588 1505 735 1544 Sabinis
759 1509 798 1544 in
823 1509 989 1544 honorem
1020 1509 1170 1545 Vulcani
1196 1520 1315 1545 eorum
1341 1521 1443 1545 arma
1466 1510 1664 1556 succendit;
1690 1510 1768 1547 vid.

276 1565 353 1601 Liv.
379 1565 408 1612 I,
437 1566 492 1613 37,
517 1566 550 1603 5.

369 1637 423 1673 30.
473 1639 590 1674 oeulos
615 1639 714 1684 Zonqe
738 1643 844 1674 tenet:
871 1639 1060 1685 prospicit,
1088 1652 1178 1675 num
1195 1640 1304 1686 pellis
1330 1641 1561 1686 apportetur,
1589 1640 1702 1676 oculis
1727 1640 1768 1676 in

274 1708 388 1731 unum
412 1697 535 1733 locum
561 1698 706 1740 defixis;
733 1698 785 1733 sic
810 1698 948 1744 legitur
973 1700 1091 1734 vultus
1116 1703 1235 1735 tenens
1268 1699 1367 1734 infra
1404 1711 1439 1736 v.
1465 1699 1533 1734 191
1572 1701 1610 1736 et
1648 1701 1770 1736 oeulos

274 1759 366 1791 tenet
390 1756 459 1791 214
474 1773 482 1803 ;
532 1756 652 1793 simile
692 1758 748 1793 est
787 1758 887 1803 quod
925 1758 1014 1793 dicit
1039 1758 1227 1804 Vergilius
1266 1760 1334 1794 iter
1366 1763 1481 1794 tenere
1505 1758 1598 1795 Aen.
1624 1759 1654 1806 I,
1680 1759 1768 1807 3703

275 1818 437 1853 immotos
461 1817 578 1852 oculos
603 1821 717 1852 tenere
741 1817 890 1863 scripsit
909 1817 974 1853 Ov.
993 1819 1082 1854 met.
1109 1817 1157 1863 ΙΙ,
1185 1818 1274 1860 502;
1301 1819 1495 1863 intentique
1519 1829 1585 1854 ora
1602 1819 1771 1856 tenebant

273 1874 385 1920 Verg.
410 1875 501 1911 Aen.
529 1875 576 1918 II,
605 1876 643 1918 1;
673 1876 791 1919 desiwa
815 1897 861 1902 ——
886 1881 977 1912 tenet
1002 1888 1069 1912 ora
1095 1877 1178 1919 VII,
1206 1877 1291 1920 2503
1318 1878 1492 1922 defimique
1517 1889 1583 1913 ora
1600 1877 1770 1914 tenebant

274 1933 376 1975 VIII⁷
406 1933 488 1976 520;
516 1935 635 1970 oculos
658 1936 752 1970 inter
775 1946 812 1970 se
837 1939 941 1980 atque
966 1947 1031 1971 ora
1057 1937 1223 1980 tenebant
1254 1936 1318 1982 XI,
1346 1936 1425 1972 121.

367 2005 425 2043 33.
474 2009 556 2041 ante
593 2007 708 2051 aperit
745 2006 842 2052 Vat,
881 2011 963 2042 ante
998 2009 1094 2043 venit
1118 2008 1236 2043 Reuss
1276 2008 1419 2043 observ.
1446 2007 1526 2043 Val.
1552 2020 1588 2054 p.
1616 2008 1678 2043 37:
1721 2019 1768 2044 ex

272 2064 379 2099 vultu
416 2064 558 2100 Iasonis
601 2077 667 2101 rex
712 2077 796 2101 eum
832 2066 908 2101 iam
949 2066 1090 2112 aliquid
1128 2066 1315 2102 dicturum
1353 2078 1433 2103 esse
1472 2067 1616 2108 conicit,
1656 2067 1768 2112 quid

274 2124 400 2159 autem
426 2124 550 2160 dicere
574 2125 700 2166 vellet,
727 2125 774 2161 de
801 2137 844 2161 eo
871 2125 1045 2161 dubitare
1071 2137 1137 2161 rex
1162 2137 1237 2161 non
1266 2127 1430 2172 poterat.

368 2184 408 2218 in
432 2184 512 2228 ipsa
537 2205 581 2210 —
601 2185 749 2228 prosilit
773 2196 837 2220 ora
861 2186 946 2227 viri;
973 2185 1067 2221 haec
1086 2185 1203 2221 verba
1219 2185 1313 2221 mire
1337 2185 1439 2221 dieta
1463 2187 1565 2221 sunt:
1593 2185 1767 2232 Wagner

274 2241 436 2288 explicat
462 2247 556 2277 ‘cum
579 2244 722 2289 impetu
746 2244 785 2278 in
811 2255 896 2280 eum
919 2244 1137 2287 invehituffi
1178 2244 1269 2280 mihi
1293 2245 1488 2290 praestare
1524 2245 1675 2280 videtur
1710 2245 1766 2282 ita

271 2301 493 2346 intellegere
530 2302 656 2342 verba,
692 2304 734 2338 ut
771 2303 979 2348 significent
1016 2303 1230 2349 prosiluisse
1255 2304 1415 2340 Aeetam
1449 2303 1489 2338 in
1521 2305 1763 2349 conspectum

271 2359 415 2396 Iasonis
441 2362 480 2396 et
504 2362 671 2406 proxime
698 2363 786 2398 ante
812 2374 896 2398 eum
923 2363 1145 2399 constitisse.
1758 2377 1760 2379 ’

367 2432 423 2468 34.
473 2433 604 2478 talique
629 2433 825 2475 effunditur
849 2435 922 2468 ira:
949 2434 1023 2469 vid.
1052 2434 1101 2469 ad
1124 2433 1153 2476 l,
1183 2434 1262 2469 701.

338 2522 341 2525 >
365 2503 424 2541 40.
473 2503 534 2540 Nil
545 2515 679 2546 moror,
694 2504 814 2549 inquit
826 2504 973 2546 Aeetes
991 2505 1132 2547 Pelian,
1154 2505 1396 2547 Thessaliam,
1411 2506 1534 2541 totam
1549 2505 1764 2550 Graeciam,-

272 2562 358 2598 nolo
383 2562 478 2599 scire
503 2563 566 2608 qui
591 2575 657 2599 vos
683 2563 773 2609 sitis,
812 2563 875 2608 qui
898 2563 938 2598 in
967 2565 1207 2610 conspectum
1233 2575 1358 2600 meum
1381 2564 1552 2608 venisffis;
1596 2577 1661 2601 cur
1685 2578 1763 2602 non

258 2623 402 2658 'cautes
431 2622 602 2668 Cyaneae
626 2623 693 2658 hos
718 2622 886 2658 homines
913 2634 935 2658 a
961 2622 1112 2668 Scythia
1136 2623 1428 2669 prohibuerunt?

365 2693 423 2730 43.
473 2695 733 2751 quinquaqinta
759 2715 803 2720 —-
829 2695 1003 2732 exulibus:
1031 2695 1218 2730 ablativus
1244 2695 1402 2741 scriptus
1429 2696 1487 2732 est
1525 2706 1570 2732 ea
1601 2696 1759 2739 ratione,

1883 2720 1890 2728 »

1873 2795 1890 2826 J}

1868 2838 1890 2867 si}-

1870 2863 1890 2903 {3

1868 2903 1890 2932 {a
