1890 3100
564 219 951 258 ARGONAVTICON
974 218 1122 253 LIBER
1146 217 1176 254 Ι.
1528 217 1612 261 103

240 361 405 408 aspectu
431 355 474 393 in
500 354 645 392 misero
672 352 758 398 toti,
787 364 876 389 cum
903 349 1083 401 protinus
1118 348 1232 386 alnus

242 422 409 460 solvitur
437 426 478 459 et
503 423 618 457 vasto
645 416 790 469 puppis
818 428 927 454 mare
956 414 1092 453 sorbet
1118 413 1241 451 hiatu.

238 487 349 525 illam
374 486 454 524 huc
482 489 603 536 atque
630 482 727 520 illuc
754 494 861 519 nunc
888 486 1081 532 torquens
1109 477 1298 517 verberat
1324 478 1471 523 Eurus,

239 565 346 590 nunc
374 549 544 589 stridens
574 547 771 599 Zephyris
800 545 930 584 aufert
956 545 1105 592 Notus;
1140 542 1318 595 undique
1351 542 1510 580 fervent
1614 547 1669 576 644

240 628 425 668 aequora,
455 627 544 652 eum
572 612 726 652 subitus
753 610 884 649 trifida
909 611 1122 661 Neptunus
1150 609 1192 646 in
1218 608 1335 646 hasta

243 680 471 720 caeruleum
497 677 622 717 fundo
652 682 771 729 caput
800 676 954 715 extulit.
1014 674 1128 712 ‘hane
1162 673 1259 711 mihi
1287 672 1421 711 Pallas

243 751 284 785 et
312 759 423 784 soror
448 743 564 782 hanc'
593 743 722 794 inquit
751 741 943 779 ‘mulcens
972 753 1063 778 mea
1089 744 1254 791 pectora
1281 737 1379 776 fletu

244 810 498 857 abstulerint3
525 808 691 847 veniant
717 807 888 845 Phariae
916 806 1147 857 Tyriaeque
1177 803 1335 842 carinae

241 875 561 928 permissumque
589 878 743 926 putent.
801 872 984 923 quotiens
1013 883 1106 908 mox
1134 874 1248 922 rapta
1274 867 1421 906 videbo
1616 870 1671 899 615

242 941 335 980 vela
360 940 477 979 Notis
505 939 727 991 plenasque
755 937 871 975 malis
901 935 1139 974 clamoribus
1169 934 1316 973 undas!

229 1088 310 1124 637.
358 1091 436 1123 tota
458 1086 555 1128 Vat„
586 1086 652 1121 toti
675 1084 787 1121 Beck.
829 1090 933 1129 ‘ganz
963 1082 1185 1124 versmken,
1221 1081 1281 1117 die
1311 1080 1620 1126 Ungh'icklichen‚

134 1148 175 1184 in
198 1148 273 1184 den
295 1146 466 1188 Anblick,
504 1145 574 1181 wie
599 1145 653 1180 sie
676 1155 751 1180 von
785 1143 964 1179 einander
996 1141 1185 1178 Abschied
1214 1141 1397 1176 nehmen'.
1435 1140 1525 1178 Hor.
1549 1142 1620 1177 sat.

136 1207 166 1249 I,
192 1207 226 1249 9,
251 1207 274 1241 2
298 1207 414 1242 nescio
439 1205 526 1250 quid
548 1204 723 1239 meditans
745 1214 931 1248 παραγ-ατη,
971 1206 1066 1237 totus
1088 1202 1129 1236 in
1153 1201 1244 1243 iais;
1282 1199 1432 1236 Terent.
1456 1199 1526 1235 Ad.
1552 1198 1622 1234 589

138 1266 302 1311 Ctesipho
326 1269 443 1300 autem
465 1264 505 1299 in
529 1274 647 1298 anwre
682 1266 734 1298 est
769 1266 887 1308 totus-3
915 1261 981 1296 Ov.
1006 1261 1095 1296 met.
1132 1259 1194 1301 VI,
1231 1259 1301 1298 586
1340 1260 1379 1294 et
1414 1258 1515 1300 XIII,
1552 1258 1622 1293 546

131 1334 339 1370 poenaeque
361 1324 402 1358 in
424 1323 578 1368 imagine
601 1326 676 1357 tota
701 1325 767 1363 θεὴ
794 1321 880 1357 fast.
904 1320 968 1362 VI,
994 1319 1063 1354 251
1087 1319 1129 1355 in
1146 1329 1253 1363 prece
1277 1322 1373 1353 totus
1397 1328 1502 1353 eram.

231 1395 312 1430 638.
360 1394 443 1430 Iam
465 1393 505 1428 in
537 1404 580 1429 eo
603 1392 769 1438 periculo
805 1391 911 1426 navis
947 1392 1130 1432 versatur,
1166 1391 1210 1424 ut
1245 1388 1442 1434 naufragio
1477 1390 1622 1434 pereat,

139 1467 223 1490 cum
245 1453 441 1499 Neptunus
466 1452 636 1498 apparet,
668 1450 730 1496 qui
755 1451 971 1495 quassatam
996 1450 1035 1485 et
1058 1449 1135 1484 iam
1159 1448 1323 1484 fractam
1346 1459 1483 1484 navem
1508 1459 1624 1494 opera

139 1512 307 1549 Thetidis
351 1513 390 1547 et
424 1511 538 1547 Nerei
580 1511 717 1555 servat¹
743 1510 930 1554 rimasque
966 1508 1144 1553 resarcit,
1179 1507 1279 1553 quod
1314 1506 1533 1543 brevissime
1567 1506 1623 1542 in-

139 1573 286 1608 dicatur
310 1570 389 1606 657.

232 1642 312 1678 641.
337 1641 462 1684 trifida
485 1640 675 1685 Neptunus
698 1641 738 1675 in
761 1641 883 1682 hasta3
909 1639 1003 1674 haec
1026 1638 1131 1674 notio
1155 1637 1442 1683 praepositionis
1473 1636 1624 1682 proprie

137 1701 305 1749 pertinet
329 1701 379 1736 ad
400 1700 627 1736 vestimenta
650 1698 862 1739 indicanda,
888 1698 1021 1743 quibus
1047 1697 1127 1742 quis
1151 1697 1303 1732 indutus
1330 1697 1397 1737 est,
1422 1697 1465 1730 ut
1490 1706 1563 1731 esse
1585 1696 1626 1730 iu

138 1765 231 1798 veste
254 1760 453 1801 domestica,
478 1763 580 1795 casta
603 1759 642 1794 in
665 1762 769 1803 veste,
793 1758 834 1793 in
858 1761 942 1802 toqa
966 1758 1061 1800 laxa,
1092 1756 1133 1791 in
1158 1756 1322 1800 crepidis,
1347 1755 1540 1798 cothurnis,
1566 1765 1624 1790 caf-

140 1821 225 1866 R'qa,
261 1819 372 1855 armis
395 1818 522 1864 (armis
546 1818 746 1863 indutum),
774 1816 946 1852 similiter
981 1816 1021 1851 in
1055 1816 1147 1850 vitta
1169 1815 1194 1852 i.
1221 1826 1251 1851 e.
1288 1814 1387 1849 vitta
1411 1813 1626 1850 redimitum

139 1879 170 1920 1,
195 1878 267 1914 840
292 1879 331 1914 et
358 1877 397 1919 V,
422 1877 511 1922 348,-
549 1878 631 1912 tum
655 1876 791 1912 dicitur
816 1876 863 1912 de
888 1876 1009 1917 hasta,
1048 1886 1122 1920 qua
1159 1874 1240 1919 quis
1276 1873 1409 1909 nititur
1450 1874 1626 1918 ‘gestiitzt

142 1937 218 1973 auf’
242 1937 305 1977 IV,
330 1936 419 1978 281;
445 1936 486 1978 V,
515 1935 586 1970 462
595 1949 603 1978 ;
631 1935 731 1979 VIII,
769 1935 854 1977 133;
898 1935 992 1971 Stat.
1028 1934 1144 1969 Tbeb.
1183 1933 1245 1975 IV,
1284 1933 1353 1967 221
1385 1933 1516 1977 procul
1549 1933 1626 1977 ipse

140 1997 245 2043 yravt'
266 1996 472 2032 maenam
495 1996 535 2030 in
558 1996 665 2030 hasta
689 1994 848 2036 Eminet;
874 1994 965 2029 Ach.
991 1993 1020 2038 1,
1045 1994 1091 2028 41
1111 1993 1240 2037 patria
1262 1993 1335 2027 iam
1357 2003 1396 2027 se
1419 1993 1562 2027 metitur
1584 1992 1626 2026 in

143 2056 263 2098 hasim
304 2054 432 2091 Claud.
464 2054 511 2090 de
542 2053 595 2088 IV
627 2065 724 2089 cons.
757 2053 851 2089 Hon.
883 2052 968 2094 525;
1011 2052 1082 2097 Ap.
1109 2051 1183 2087 Sid.
1209 2051 1272 2093 IX,
1301 2051 1346 2086 15
1371 2051 1521 2086 Mavors
1550 2054 1626 2086 tum

144 2115 228 2151 hesit
249 2114 291 2150 in
313 2115 435 2151 hasta:
472 2113 539 2149 sed
565 2113 679 2148 etiam
703 2112 849 2157 longius
873 2122 1091 2157 progressus
1117 2112 1175 2146 est
1199 2110 1394 2156 Vergilius,
1421 2122 1506 2146 cum
1531 2109 1626 2144 dixit

144 2173 236 2211 Aen.
258 2172 304 2214 V,
329 2173 374 2208 37
399 2172 567 2208 hon-idus
589 2172 630 2207 in
654 2172 782 2207 iaculis
806 2172 844 2206 ct
869 2182 955 2206 eum
979 2171 1127 2206 secutus
1150 2171 1221 2206 hoc
1242 2169 1326 2205 loco
1343 2169 1533 2205 Valerius:
1551 2181 1627 2204 non

146 2232 245 2269 enim
269 2231 494 2268 describitur
509 2230 706 2277 Neptunus
730 2230 837 2265 nixus
859 2230 980 2275 hasta,
1007 2229 1127 2274 qualis
1152 2240 1266 2274 saepe
1284 2229 1323 2264 in
1341 2228 1498 2274 gemmis
1523 2241 1627 2263 num-

145 2291 216 2327 mis
252 2290 407 2336 aliisque
444 2289 536 2325 artis
567 2289 741 2335 operibus
774 2290 949 2334 apparet;
987 2288 1159 2324 simfliter
1184 2287 1282 2326 Stat.
1306 2288 1424 2324 Theb.
1449 2287 1530 2328 VII,
1557 2286 1627 2321 669

147 2351 247 2387 aon-ia
280 2349 468 2395 Capaneum
497 2349 693 2384 occurrit
722 2349 761 2384 in
790 2349 913 2390 hasta;
952 2347 1020 2384 cfr.
1053 2347 1167 2383 etiam
1197 2348 1268 2393 Ap.
1293 2349 1383 2384 met.
1408 2347 1477 2388 111,
1504 2347 1527 2381 5
1551 2357 1628 2381 cum

148 2419 202 2444 me
223 2409 381 2445 viderent
402 2409 443 2444 in
464 2408 563 2451 ferro
586 2407 613 2445 i.
639 2419 670 2443 e.
696 2407 823 2453 gladio
849 2408 1046 2443 armatum.

245 2479 325 2516 642.
374 2479 603 2524 VergsAen.
629 2478 659 2520 Ι,
686 2479 766 2516 127.

245 2550 325 2587 643.
374 2550 431 2586 De
455 2561 497 2586 re
523 2549 590 2585 cfr.
616 2549 737 2595 Mopsi
761 2549 980 2585 vaticinium
1003 2561 1037 2585 v.
1064 2549 1134 2584 214
1159 2560 1237 2593 seq.

245 2620 328 2658 644.
376 2621 469 2657 hanc
492 2641 538 2648 —
564 2621 782 2667 abstulerint,
815 2622 859 2655 ut
884 2619 946 2656 Sil.
972 2621 1019 2661 11,
1046 2620 1116 2655 633
1147 2631 1222 2664 seq.
1255 2619 1442 2663 Poenoque
1468 2617 1631 2661 parentis

153 2678 251 2715 Dum
269 2690 447 2724 properas
471 2680 613 2723 auferre
636 2690 760 2715 necem.
