1890 3100
231 239 314 282 148
725 237 762 272 C.
788 237 969 272 VALERI
994 236 1167 273 FLACCI

335 356 520 408 coniugia
549 362 589 395 et
619 356 784 408 Stygias
812 356 976 395 infanda
1004 357 1055 395 ad
1083 356 1251 396 foedera
1277 357 1430 398 taedas.

387 423 474 460 Has
502 423 606 460 inter
633 421 797 469 medias,
826 423 1016 474 Dryopes
1045 423 1086 461 in
1114 423 1287 474 imagine
1322 430 1512 472 maestae,

335 487 403 525 flet
431 487 570 525 Venus
601 492 640 525 et
669 488 800 525 saevis
831 487 974 526 ardens
1004 487 1080 526 dea
1108 488 1333 539 planctibus
1363 489 1485 528 instat

333 552 539 604 primaque
570 552 824 591 ‘Sarmaticas
853 553 1004 591 utinam
1033 554 1211 592 Fortuna
1241 553 1419 593 dedisset

334 617 530 656 insedisse
561 617 697 656 domos
726 618 941 670 tristesque
971 619 1173 657 habitasse
1203 620 1364 670 pruinas

334 683 609 735 plaustraque3
640 684 736 735 quin
765 684 884 722 etiam
911 685 1063 736 patriae
1092 684 1241 723 vidisse
1269 698 1342 736 per
1360 686 1475 736 ignes

335 749 494 787 eulmen
523 749 589 800 agi
618 755 872 802 stragemque
902 750 1037 788 deum!
1068 764 1160 788 nam
1190 756 1325 789 cetera
1353 751 1451 790 belli

335 814 590 866 perpetimur.
647 828 764 853 mene
793 815 862 853 ille
891 816 1018 863 novis,
1049 829 1112 854 me
1143 815 1318 854 destinat
1346 830 1484 856 amens

335 879 533 918 servitiis?
587 879 726 918 urbem
755 886 822 918 aut
849 880 1007 932 fugiens
1036 886 1231 932 natosque
1259 881 1507 934 relinquam?

333 958 415 982 non
443 945 551 996 prius
582 958 678 983 ense
707 959 848 983 manus
877 951 1071 998 raptoque
1102 946 1340 985 amabimus
1369 947 1474 998 igne,

336 1009 510 1062 dumque
541 1009 660 1048 silent
690 1010 919 1062 ducuntque
950 1024 1055 1049 nova
1084 1025 1172 1049 eum
1203 1012 1371 1063 coniuge
1402 1026 1572 1060 somnos,

335 1089 523 1126 magnum
553 1074 703 1127 aliquid
733 1075 898 1127 spirabit
927 1075 1074 1114 amor‘?y
1105 1082 1199 1114 tunc
1228 1077 1349 1127 ignea
1376 1082 1566 1130 torquens

325 1211 405 1247 173.
454 1211 510 1246 De
535 1222 576 1246 re
603 1210 670 1246 cfr.
699 1210 764 1246 Ov.
791 1211 868 1247 her.
895 1210 957 1253 VI,
984 1211 1031 1246 45
1056 1223 1132 1257 seq.
1158 1216 1196 1248 at
1219 1213 1306 1247 mihi
1338 1223 1399 1248 nee
1425 1213 1518 1249 Iuno
1549 1225 1612 1249 uec
1637 1214 1715 1260 Hy-

229 1281 307 1305 men
330 1270 392 1305 sed
416 1270 528 1305 tristis
553 1270 690 1316 Erinys
720 1272 894 1306 Praetulit
923 1271 1105 1314 infaustas
1135 1273 1409 1317 sanquinolenta
1439 1273 1554 1316 faces;
1583 1272 1712 1309 Seneo.

231 1329 361 1364 Octav.
387 1329 433 1364 23
458 1341 533 1374 seq.
559 1330 623 1364 illa
655 1330 716 1365 illa
746 1331 831 1366 meis
862 1331 974 1366 tm'stis
1000 1331 1136 1376 Erinys
1170 1332 1339 1367 thalamis
1370 1332 1514 1378 Stygios
1539 1334 1716 1377 praetulit

228 1389 335 1434 iqnes.
364 1388 520 1424 Omnino
545 1388 594 1430 id,
622 1389 718 1433 quod
747 1389 900 1424 exitium
925 1382 1010 1431 fert,
1037 1401 1060 1424 a
1083 1390 1205 1436 poetis
1227 1390 1389 1436 Stygium
1407 1391 1551 1433 dicitur,
1588 1392 1630 1427 ut
1649 1391 1713 1429 Ov.

229 1448 317 1483 met.
345 1447 413 1489 ΠΙ,
440 1448 500 1490 76;
528 1448 662 1483 Lucan.
689 1448 749 1489 VI,
777 1448 840 1491 91;
869 1448 930 1484 Sil.
958 1449 1040 1491 XII,
1070 1450 1154 1491 137;
1181 1449 1260 1484 Val.
1287 1449 1349 1492 VI,
1378 1450 1463 1493 155;
1489 1450 1591 1494 VIII,
1617 1451 1675 1493 87.

326 1519 403 1554 174.
454 1520 620 1565 Dryopes
644 1520 684 1554 iu
707 1520 876 1567 imayine;
900 1520 1120 1565 plerumque
1159 1520 1295 1556 dieitur
1331 1522 1409 1557 sub
1445 1522 1609 1567 imayine,
1649 1522 1716 1558 sed

231 1577 298 1614 cfr.
324 1579 386 1619 IV,
413 1578 481 1613 391
516 1580 554 1614 et
587 1578 651 1615 OV.
679 1590 792 1614 amor.
820 1579 849 1621 I,
883 1579 938 1621 10,
970 1579 992 1613 4
1025 1591 1131 1624 quam
1163 1580 1333 1626 (Ledam)
1363 1580 1520 1616 Callidus
1548 1581 1590 1617 in
1618 1581 1716 1624 falsa

232 1638 316 1673 lusit
341 1637 478 1673 adulter
503 1649 566 1673 ave
574 1651 581 1680 ;
608 1637 774 1673 imitatus
814 1639 871 1674 est
895 1638 1085 1674 Valerium
1123 1638 1263 1674 Statius
1301 1639 1380 1674 silv.
1418 1639 1460 1679 V,
1499 1641 1531 1682 3,
1569 1639 1639 1675 289
1678 1641 1717 1676 et

232 1696 349 1733 Theb.
374 1697 441 1738 III,
469 1697 548 1732 528.

324 1756 400 1792 176.
449 1757 634 1801 primaque
659 1768 707 1791 sc.
735 1756 798 1798 ait,
827 1757 894 1792 cfr.
921 1757 970 1792 ad
995 1757 1024 1800 I,
1053 1758 1130 1793 174,

327 1815 393 1850 177
444 1827 496 1860 sq.
523 1815 662 1851 Locum
686 1816 948 1861 imperfectum
972 1818 1083 1862 putat
1108 1816 1280 1859 Schenkl,
1307 1817 1398 1852 mihi
1421 1817 1546 1863 potius
1566 1829 1715 1864 corrup-

230 1874 316 1910 telis
342 1874 556 1919 inquinatus
581 1875 746 1917 videtum
773 1875 812 1909 in
839 1875 906 1910 178
931 1875 1015 1910 Vat.
1056 1876 1174 1911 habet
1204 1877 1375 1921 plaustra
1409 1877 1508 1922 sequi
1543 1877 1598 1912 vel
1631 1877 1715 1921 iam,

232 1945 302 1979 ego
327 1934 458 1979 scripsi
477 1935 727 1979 plaustraqu63
754 1936 840 1979 quin
864 1935 979 1971 etiam.
1029 1935 1180 1981 Dryope
1205 1935 1303 1971 falsa
1328 1937 1444 1982 optat,
1483 1937 1526 1971 ut
1557 1937 1639 1982 ipsa
1667 1936 1716 1972 sit

231 1993 329 2028 inter
355 1993 532 2028 Thracias
557 1994 742 2036 muheres,
779 2005 873 2039 quae
909 1995 1022 2030 antea
1054 1994 1279 2030 Sarmaticas
1318 1996 1445 2031 domos
1478 1996 1517 2031 et
1547 1995 1716 2041 plaustra

231 2052 496 2094 habitaverint,
528 2053 610 2088 tum
648 2054 775 2088 autem
806 2065 925 2089 novae
951 2053 1102 2090 futurae
1128 2054 1203 2089 sint
1229 2054 1403 2100 coniuges
1428 2054 1593 2090 virorum
1609 2055 1717 2091 Lem-

231 2111 386 2146 niorum.
437 2111 487 2146 At
514 2112 628 2147 etiam
654 2123 699 2148 ea
725 2123 820 2157 quae
847 2114 1050 2158 sequuntur
1073 2124 1141 2157 per
1165 2114 1265 2158 iynes
1290 2115 1425 2148 eulmen
1450 2114 1509 2159 aqi
1526 2125 1618 2149 sana
1643 2125 1718 2150 non

232 2171 335 2212 sunt3
360 2171 566 2215 probabilis
593 2173 719 2207 autem
747 2172 960 2207 emendatio
992 2172 1156 2207 nondum
1186 2173 1351 2213 inventa,
1384 2184 1471 2208 nam
1503 2184 1598 2218 quae
1632 2185 1717 2218 pro-

230 2229 356 2275 posuit
380 2230 572 2265 Burmann
597 2242 666 2275 per
697 2242 795 2266 arces
823 2232 958 2273 fulmen
983 2232 1043 2276 aqi
1067 2244 1140 2267 non
1172 2233 1263 2277 apta
1293 2233 1380 2267 sunt
1408 2233 1564 2278 propter
1600 2232 1717 2268 verba

230 2293 377 2324 cetera
401 2290 503 2324 belli
522 2291 753 2333 peopetimur.
796 2295 949 2336 strayem
987 2291 1088 2326 deum
1120 2291 1281 2337 explieat
1305 2291 1473 2336 Wagner
1507 2291 1662 2327 caedem
1695 2303 1718 2327 a

234 2348 311 2383 deis
336 2347 556 2390 immissam3
585 2349 753 2385 Lemaire
780 2350 923 2384 statuas
949 2351 1030 2395 (cur
1067 2362 1142 2386 non
1177 2350 1301 2396 potius
1337 2350 1481 2396 templa
1491 2353 1524 2393 ?)
1563 2350 1717 2386 deorum

232 2408 370 2443 stratas
396 2406 620 2452 fractasque.
660 2407 733 2444 Cfr.
759 2408 868 2453 Verg.
896 2412 986 2444 Aen.
1014 2408 1076 2450 IV,
1102 2409 1182 2445 670.

329 2466 406 2502 181.
458 2470 521 2501 aut
552 2467 762 2502 coniunctio
799 2468 919 2512 primo
957 2468 1168 2504 sententiae
1205 2469 1388 2504 vocabulo
1418 2469 1629 2515 postposita
1660 2480 1716 2504 re-

233 2526 377 2571 peritur
403 2525 517 2561 etiam
542 2525 601 2567 IV,
630 2526 714 2568 103;
741 2526 825 2569 448;
851 2527 893 2568 V,
920 2527 1006 2569 4533
1034 2528 1196 2563 secundo
1224 2529 1265 2570 V,
1293 2528 1377 2571 164;
1404 2527 1504 2570 VIII,
1533 2527 1612 2564 168.

330 2585 408 2621 183.
457 2585 561 2621 silent
584 2585 607 2621 i.
635 2596 665 2620 e.
693 2585 895 2630 quiescunt,
923 2588 965 2620 ut
990 2586 1053 2628 IV,
1073 2586 1152 2621 281.
1204 2587 1336 2622 ducunt
1352 2598 1501 2629 somnos,
1521 2586 1587 2623 cfr.
1605 2587 1714 2632 Verg.

233 2645 323 2680 Aen.
351 2644 413 2689 IV,
441 2644 524 2683 560:
551 2645 692 2680 educere
716 2655 856 2680 somnos
882 2645 975 2679 dixit
1001 2645 1062 2681 Sil.
1090 2645 1151 2687 XI,
1177 2646 1263 2692 403;
1304 2646 1385 2681 aliis
1415 2646 1506 2682 loeis
1531 2646 1718 2692 significat

233 2715 403 2739 somnum
429 2703 610 2750 adducere,
637 2703 796 2745 efficere,
825 2705 888 2740 cfr.
915 2704 1037 2740 Bentl.
1065 2705 1111 2739 ad
1138 2705 1224 2741 Hor.
1252 2716 1309 2750 ep.
1334 2706 1362 2740 I.
1389 2705 1421 2746 2,
1447 2705 1504 2741 31.

1720 511 1770 541 175

1718 833 1770 864 180
