1890 3100
232 228 317 269 144
756 225 791 260 C.
819 225 998 261 VALERI
1026 227 1197 263 FLACCI

335 350 503 396 occupat
533 358 694 383 exesam
724 346 826 384 curis
856 353 1088 398 castumque
1119 347 1250 386 cubile

335 416 579 448 servantem:
610 417 746 449 manet
772 411 844 449 illa
870 412 955 450 viro
983 412 1234 464 famulasque
1263 413 1404 464 fatigat

333 475 564 522 velleribus,
594 475 697 514 tardi
724 482 910 528 reputant
940 491 1042 529 quae
1071 483 1252 529 tempora
1278 478 1375 516 belli

334 545 426 578 ante
454 546 585 578 torum
614 547 655 578 et
681 540 802 592 longo
831 542 1008 580 mulcent
1035 543 1232 580 insomnia
1259 555 1399 595 penSO.
1712 549 1765 579 140

332 606 424 643 huic
455 605 531 643 dea
560 619 648 643 cum
677 606 850 644 lacrimis
880 613 921 645 et
948 614 1044 645 nota
1070 614 1186 646 veste
1215 609 1400 647 Neaerae

332 671 414 709 icta
441 684 566 722 genas
599 672 760 710 ‘utinam
787 685 868 710 non
896 672 961 710 hic.
990 673 1062 711 tibi
1090 674 1252 711 nuntius
1283 687 1426 721 essem,

332 750 355 778 ,ο
385 749 506 784 soror,
537 742 605 775 aut
632 737 800 775 nostros'
830 738 957 790 inquit
987 739 1106 789 ‘prius
1135 738 1243 776 unda
1271 739 1429 778 dolores

192 895 194 897 .
320 855 398 891 137.
449 858 560 900 Verg.
584 855 677 891 Aen.
702 855 802 901 VIII,
829 856 897 890 411
937 867 1038 901 seqq.
1047 870 1055 899 ;
1095 857 1173 892 sine
1211 857 1324 892 dubio
1363 857 1476 893 etiam
1514 858 1710 895 Lucretiae

227 914 384 950 historia
407 916 546 960 poetae
572 916 660 950 ante
687 915 812 950 oculos
837 916 1071 951 versabatur.

319 973 400 1010 138.
448 978 565 1008 manet
590 974 652 1008 illa
676 975 753 1009 viro
778 974 801 1010 i.
830 986 859 1010 e.
887 986 925 1009 se
949 974 1030 1010 viro
1057 977 1201 1010 castam
1226 978 1362 1012 servat.

322 1033 401 1068 139.
451 1033 627 1068 littoribus
655 1033 748 1074 Vat..
775 1034 961 1068 velleribus
987 1033 1042 1069 ed.
1069 1034 1153 1070 Ald.
1181 1034 1289 1070 Thilo
1313 1035 1432 1081 praef.
1457 1049 1494 1082 p.
1527 1036 1613 1071 XVI
1643 1049 1710 1082 pu-

221 1094 282 1127 tat
306 1092 534 1138 significasse
558 1093 720 1137 poetam,
762 1092 921 1127 famulas
947 1092 1130 1138 fatigatas
1157 1105 1237 1130 esse
1261 1094 1397 1130 iterum
1420 1095 1631 1141 iterumque
1662 1096 1711 1131 ad

221 1151 353 1187 littora
389 1151 536 1193 missas;
576 1162 665 1187 sane
703 1163 777 1187 non
816 1152 940 1187 aliena
965 1154 1023 1187 est
1048 1153 1096 1187 ab
1123 1153 1256 1188 audaci
1281 1154 1422 1190 Valerii
1451 1154 1710 1200 breviloquen-

220 1211 276 1246 tia
309 1211 395 1246 talis
434 1210 583 1246 dicendi
618 1210 726 1248 ratio,
766 1211 833 1246 sed
870 1211 1064 1256 quominus
1102 1212 1199 1247 hanc
1236 1212 1462 1248 sententiam
1497 1214 1708 1259 probemua

223 1271 352 1318 aperte
377 1270 619 1316 prohibemur
646 1270 708 1312 eis,
735 1281 831 1314 quae
856 1270 1026 1306 Valerius
1051 1283 1085 1307 v.
1114 1271 1182 1306 139
1208 1283 1283 1316 seq.
1311 1272 1473 1318 exponit.

317 1330 415 1364 tardi
437 1333 606 1374 reputant
630 1340 720 1374 quae
743 1334 902 1374 tempora
926 1331 1006 1366 belli
1029 1332 1132 1366 recte
1165 1331 1344 1376 explicari
1366 1331 1525 1377 videtur,
1549 1331 1710 1368 famulas

224 1389 434 1425 consolatae
461 1400 542 1424 esse
575 1388 765 1424 dominam
798 1389 1009 1434 sollicitam,
1035 1390 1132 1435 quod
1160 1390 1214 1425 vir
1237 1390 1403 1426 nondum
1427 1391 1590 1432 redierit,
1626 1403 1709 1427 cum

222 1449 444 1493 reputarent
460 1450 616 1494 propter
631 1448 947 1493 longinquitatem
966 1448 1056 1485 belli
1074 1449 1195 1484 virum
1211 1450 1376 1485 nondum
1392 1450 1515 1486 redire
1533 1451 1707 1496 potuisse.

318 1507 396 1542 140.
447 1508 718 1552 brayo—penso,
744 1508 858 1552 Verg.
883 1508 976 1544 Aen.
1002 1507 1104 1548 VIII,
1130 1509 1211 1544 411.

317 1567 396 1603 141.
446 1566 563 1601 Fama
587 1578 626 1602 se
653 1567 847 1601 assimulat
870 1567 1051 1610 Neaerae,
1078 1567 1117 1601 id
1143 1568 1242 1612 quod
1266 1568 1372 1603 varia
1397 1563 1542 1604 ratione
1570 1570 1707 1614 poetae

220 1626 362 1662 licebat
387 1626 611 1672 exprimere3
635 1628 789 1672 poterat
814 1626 938 1663 dicere
969 1631 1055 1662 mla
1089 1638 1190 1662 voce
1221 1627 1401 1670 Neaerae,
1428 1639 1541 1673 quam
1566 1628 1707 1664 coniec-

220 1687 345 1721 turam
369 1685 511 1721 Heinsii
548 1687 771 1731 receperunt
803 1685 964 1722 Schenkl
997 1688 1036 1722 et
1068 1686 1278 1734 Baehrens3
1315 1687 1382 1722 sed
1411 1687 1561 1722 videtur
1593 1687 1707 1723 etiam

222 1746 347 1782 dicere
370 1745 536 1791 potuisse
560 1749 648 1781 nota
671 1749 802 1790 veste,
829 1746 927 1790 quod
951 1745 991 1780 in
1016 1747 1101 1782 Vat.
1128 1746 1284 1791 legitur;
1324 1746 1442 1782 tutius
1472 1746 1587 1792 igitur
1619 1747 1707 1782 duxi

220 1805 314 1840 nihil
338 1806 500 1846 mutare,
539 1804 604 1840 cfr.
641 1804 755 1840 etiam
786 1804 897 1850 Verg.
930 1805 1020 1840 Aen.
1046 1805 1088 1846 V,
1129 1805 1199 1840 620
1235 1805 1320 1851 (Iris
1352 1817 1375 1840 a
1405 1807 1546 1842 Iunone
1577 1806 1706 1850 missa)

218 1865 413 1909 faciemque
456 1865 540 1899 deae
564 1868 792 1909 vestemque
816 1865 956 1908 reponit
981 1866 1020 1900 et
1043 1865 1125 1900 Val.
1151 1865 1265 1910 ipsius
1290 1865 1374 1906 VII,
1401 1865 1482 1900 211.

316 1924 394 1959 142.
445 1925 517 1959 ieta
530 1934 640 1968 yeme
657 1924 704 1959 de
722 1924 877 1969 planctu
895 1924 1036 1959 dictum
1054 1924 1205 1969 quidem
1220 1926 1372 1970 praeter
1386 1924 1705 1965 consuetudinem,

221 1983 288 2019 sed
315 1995 390 2018 non
414 1983 551 2028 inepte,
580 1994 694 2028 quare
719 1985 824 2019 recte
849 1983 942 2018 nihil
966 1984 1189 2018 mutandum
1223 1985 1446 2020 censuerunt
1476 1983 1705 2020 recentiores

223 2042 396 2079 editores,
757 2038 759 2041 ’

314 2103 464 2138 nuntius
489 2102 610 2137 dictus
636 2103 683 2138 de
709 2102 849 2138 femina
875 2102 1044 2148 exemplo
1082 2103 1195 2144 caret,
1235 2103 1301 2138 sed
1338 2103 1399 2138 cfr.
1432 2103 1531 2147 quod
1566 2102 1705 2147 legitur

220 2160 281 2202 IV,
308 2161 376 2195 667
403 2161 582 2197 advertere
606 2162 662 2197 dei
686 2161 709 2197 i.
737 2173 767 2197 e.
793 2161 887 2197 Iuno
914 2163 952 2197 et
977 2161 1163 2202 Minerva;
1190 2161 1277 2197 vide
1303 2161 1416 2197 etiam
1441 2172 1536 2206 quae
1561 2161 1610 2196 ad
1640 2161 1703 2202 VI⁷

208 2216 288 2255 v657
316 2219 414 2255 dicta
438 2222 535 2257 sunt.
562 2225 649 2256 esset
672 2233 741 2266 pro
767 2232 871 2256 essem
897 2221 1155 2266 probaverunt
1186 2222 1226 2255 at
1259 2232 1333 2256 non
1363 2221 1587 2266 receperunt
1611 2220 1703 2254 Bur-

220 2291 334 2314 mann
358 2279 527 2324 Wagner
552 2280 672 2317 Thilo,

316 2338 394 2373 143.
445 2339 581 2374 dolores
606 2339 818 2384 significant
845 2351 929 2375 eum
953 2340 1014 2375 vel
1041 2351 1112 2381 eos,
1141 2339 1203 2384 qui
1229 2339 1395 2375 dolorem
1421 2338 1592 2380 afferunt.
1625 2338 1703 2374 sive

219 2398 375 2434 maritos
401 2398 478 2433 sive
504 2398 682 2433 Thressas
707 2399 898 2441 mulieres;
926 2400 988 2434 cfr.
1019 2410 1155 2434 amores
1181 2399 1297 2434 dictos
1322 2410 1390 2444 pro
1407 2397 1556 2434 homine
1576 2398 1703 2433 amato

223 2458 262 2492 et
286 2468 381 2502 quae
407 2457 457 2492 ad
480 2457 542 2498 VI,
569 2457 640 2491 499
678 2458 724 2492 de
762 2469 867 2492 curae
903 2458 1055 2493 notione
1094 2458 1299 2505 dicentur,
1322 2457 1408 2493 vide
1445 2457 1558 2493 etiam
1590 2455 1618 2498 I,
1644 2457 1702 2491 23.

221 2516 414 2552 Immerito
440 2520 564 2552 autem
592 2516 750 2552 offendit
775 2516 883 2552 Thilo
913 2517 952 2551 in
976 2516 1093 2562 praef.
1120 2529 1156 2562 p.
1183 2516 1303 2551 XXIV
1330 2516 1370 2551 in
1395 2528 1448 2558 eo,
1487 2515 1586 2561 quod
1615 2517 1703 2561 post

220 2575 483 2621 imperfectum
507 2586 613 2610 essem
637 2577 814 2620 sequatur
838 2587 1016 2620 praesens
1042 2577 1184 2611 obruat:
1209 2576 1303 2610 illud
1325 2575 1508 2611 infectum
1532 2575 1613 2611 fieri
1638 2586 1703 2611 ne-

221 2635 311 2680 quit,
338 2636 408 2671 hoc
434 2635 548 2671 etiam
572 2636 653 2669 tum
677 2634 848 2670 accidere
872 2636 1014 2681 potest;
1034 2636 1141 2678 prius
1164 2646 1213 2670 sc.
1232 2645 1343 2679 quam
1368 2634 1547 2670 Lemnum
1573 2634 1702 2679 appel-

219 2695 312 2731 lant.
361 2694 491 2740 Neque
517 2694 595 2730 sine
621 2705 732 2729 causa
756 2695 950 2728 mutantur
973 2695 1145 2738 tempora
1168 2694 1208 2728 in
1231 2706 1265 2729 v.
1293 2694 1371 2729 147.
