1890 3100
584 255 972 292 ARGONAVTICON
995 254 1142 290 LIBER
1158 254 1222 289 VI.
1424 303 1428 306 ἢ
1561 255 1646 298 427

267 375 378 415 vadit
408 389 567 428 equum,
598 375 738 414 docilis
766 374 894 426 relegi
921 373 1143 426 docilisque
1170 372 1313 424 refingi

271 447 391 494 atque
419 442 562 480 iterum
590 440 743 479 medios
771 453 852 478 non
879 439 1030 478 tardior
1054 440 1114 477 ire
1141 451 1214 490 per
1240 438 1390 476 hostes.

271 506 432 545 orbibus
460 506 534 544 hos
562 505 710 558 rapidis
738 504 929 556 mollique
956 517 1030 556 per
1057 516 1233 555 aequora
1261 502 1407 541 Castor

269 571 450 610 anfractu
476 571 639 611 levioris
668 571 762 623 equi
790 569 945 608 deludit
971 569 1139 607 anhelos
1649 582 1706 614 240

267 638 600 689 immemoresque
618 635 734 683 mori3
763 634 837 673 sed
863 647 945 679 non
971 633 1100 672 isdem
1128 633 1279 672 artibus
1308 646 1438 685 aeque

270 707 509 740 concurrunt
535 701 721 752 ultroque
753 705 874 738 ruunt
900 700 942 737 in
969 698 1111 738 funera
1140 698 1294 738 Colchi.

275 767 498 819 Campesus
526 767 699 818 impacta
725 765 832 803 latus
861 765 967 803 inter
995 770 1036 803 et
1062 764 1133 802 ilia
1161 777 1311 816 quercu

268 832 421 870 tollitur
448 845 494 870 ac
521 830 695 870 mediam
721 830 895 869 moriens
925 828 1134 868 descendit
1160 830 1203 868 in
1229 829 1398 867 hastam.

270 896 456 936 Oebasus
483 896 673 934 infestum
701 896 911 934 summisso
939 895 1091 947 poplite
1119 895 1298 933 Phalcen
1653 909 1709 938 245

269 962 447 1001 evasisse
474 967 584 1000 ratus
612 961 772 999 laevum
800 973 873 1012 per
899 960 1060 998 luminis
1091 960 1226 999 orbem

269 1027 516 1079 transigitur3
546 1032 711 1065 tenerae
739 1025 944 1078 liquuntur
971 1025 1139 1064 vulnere
1166 1025 1309 1064 malae.

271 1098 410 1131 contra
437 1097 570 1130 autem
599 1091 767 1143 geminis
796 1089 924 1129 fidens
953 1090 1182 1129 thoracibus
1210 1091 1331 1128 ictum

258 1180 339 1216 237.
388 1181 511 1216 docilis
534 1180 640 1225 releyi
664 1179 854 1224 docilisque
892 1179 1045 1224 relinqui
1068 1178 1164 1223 vat„
1191 1180 1231 1213 at
1256 1190 1321 1214 cur
1344 1178 1657 1215 Sarmatarum

164 1239 398 1286 potissimum
421 1240 554 1275 hastae
578 1239 758 1274 vocentur
782 1237 958 1274 dociles
983 1237 1196 1283 relinqui,
1233 1249 1384 1283 prorsus
1408 1250 1484 1274 non
1508 1238 1656 1275 intelle-

165 1299 277 1345 gitur,
303 1310 387 1334 cum
397 1299 499 1334 nulla
523 1297 798 1333 machinatione
823 1309 915 1343 opus
940 1297 989 1332 sit
1014 1297 1063 1332 ad
1080 1298 1228 1332 hastam
1245 1297 1529 1343 relinquendam
1543 1297 1657 1343 idque

166 1357 315 1393 cuivis
339 1357 451 1392 militi
475 1357 639 1393 omnium
664 1356 943 1393 facillimum
967 1357 1035 1403 sit3
1078 1357 1208 1403 itaque
1241 1356 1371 1402 scripsi
1395 1357 1524 1403 refinyi
1560 1357 1585 1393 i.
1624 1369 1656 1393 e.

164 1416 205 1452 in
227 1416 427 1463 pristinum
450 1418 594 1452 statum
617 1417 774 1459 restitui,
800 1416 898 1461 quod
924 1416 1022 1451 infra
1046 1416 1115 1451 254
1139 1416 1266 1451 verbis
1289 1417 1508 1452 recollectam
1531 1428 1658 1453 rursus

166 1476 259 1512 locat
282 1475 517 1523 exprimitur3
543 1476 610 1511 cfr.
639 1476 747 1522 Verg.
772 1488 901 1522 georg.
926 1475 988 1517 IV,
1026 1475 1096 1510 202
1134 1476 1252 1521 (apes)
1277 1476 1450 1521 aulasque
1485 1479 1519 1511 et
1557 1485 1658 1512 cerea

166 1545 278 1581 reyna
299 1536 489 1580 refinyunt.

225 1602 228 1604 “
261 1594 341 1630 238.
390 1595 499 1630 altior
523 1594 618 1636 vat„
645 1595 785 1630 tardior
808 1594 991 1630 Heinsius.

261 1653 343 1691 240.
392 1653 526 1689 deludit
565 1655 710 1689 anhelos
748 1654 1029 1699 immemoresque
1069 1655 1173 1696 mori;
1230 1654 1325 1689 haec
1366 1653 1554 1690 adiectiva
1590 1665 1659 1699 per

168 1712 359 1759 prolepsin
382 1713 483 1748 dicta
507 1714 610 1748 sunt:
636 1713 763 1749 reddit
779 1712 910 1748 Castor
929 1724 991 1748 eos
1004 1713 1159 1749 anhelos
1185 1715 1225 1749 et
1241 1713 1409 1748 incautos
1427 1713 1659 1760 deludendo3

170 1771 218 1808 de
241 1771 430 1808 sententia
455 1771 520 1806 cfr.
547 1771 609 1808 Sil.
635 1771 719 1814 Vn,
744 1772 814 1807 643
839 1782 939 1818 seqq.

263 1830 345 1867 243.
395 1830 601 1875 Campesus:
628 1831 670 1872 V,
697 1830 775 1866 590.

264 1890 359 1925 latus
370 1890 478 1931 intem
493 1890 540 1925 de
558 1890 801 1926 collocatione
811 1890 887 1926 vid.
904 1890 953 1925 ad
966 1890 994 1931 I,
1010 1890 1088 1924 151.
1114 1901 1259 1935 quercu:
1275 1891 1396 1931 hasta,
1411 1892 1454 1925 ut
1473 1891 1659 1927 abies236.

165 1979 179 1986 ..
266 1948 345 1985 244.
398 1948 600 1995 Campesus
624 1949 770 1984 tollitur
795 1949 843 1984 de
870 1960 964 1994 equo
990 1950 1029 1984 et
1052 1949 1219 1994 pondere
1257 1949 1422 1994 corporis
1458 1961 1575 1995 usque
1612 1950 1662 1985 ad

171 2007 335 2044 mediam
358 2009 507 2053 partem
533 2009 665 2044 hastae
690 2008 898 2055 delabitur3
936 2008 1140 2043 descendere
1163 2020 1232 2053 pro
1270 2008 1480 2045 delabendo
1518 2009 1660 2054 legitur

174 2067 289 2103 etiam
325 2066 408 2112 VH,
447 2066 539 2108 5923
579 2068 734 2103 eandem
771 2067 993 2103 sententiam
1023 2069 1191 2103 Lucanus
1229 2067 1295 2109 III,
1336 2068 1405 2102 725
1442 2068 1499 2103 his
1536 2068 1661 2104 verbis

175 2126 357 2172 expressit
380 2126 586 2171 adimique
607 2137 673 2162 suo
692 2127 928 2171 procumbens
947 2127 1106 2171 pondere
1128 2127 1276 2169 ferrum.

267 2185 348 2220 245.
398 2184 555 2221 Oebasus
581 2185 737 2221 Colchus
762 2185 984 2221 interficitur
1009 2196 1031 2220 a
1057 2186 1190 2221 Phalce
1214 2185 1354 2231 Scytha
1379 2187 1428 2231 (v.
1456 2186 1537 2232 88),
1563 2188 1662 2222 hunc

175 2245 304 2280 autem
326 2244 504 2281 interficit
528 2246 650 2290 Argus
675 2257 710 2281 v.
736 2245 817 2280 554.

269 2303 349 2338 246.
399 2305 535 2339 laevum
554 2315 623 2348 per
648 2304 792 2340 luminis
816 2305 950 2346 orbem;
996 2304 1042 2340 de
1069 2305 1137 2340 hae
1164 2305 1335 2350 enallage
1362 2304 1428 2341 cfr.
1464 2305 1512 2341 ad
1537 2305 1603 2351 Π]Ἴ
1640 2306 1663 2340 4

176 2363 216 2399 ot
239 2362 327 2398 Luc.
351 2362 414 2406 VI,
444 2362 524 2397 216.

270 2421 351 2458 247.
398 2425 516 2457 tenero
533 2422 742 2466 linquuntur
757 2421 853 2462 Vae„
880 2426 1019 2457 tenerae
1031 2423 1215 2468 liquuntur
1234 2423 1315 2459 cod.
1335 2422 1454 2465 Carr.;
1481 2424 1667 2469 liquuntur

177 2478 201 2516 i.
220 2490 251 2516 e.
269 2482 432 2521 manant,
454 2480 527 2519 cfr.
541 2480 603 2516 Sil.
623 2480 727 2522 XIII,
744 2481 814 2516 487
839 2481 1013 2517 cadavera
1031 2503 1078 2508 —
1089 2483 1194 2526 putri
1210 2483 1381 2527 liquentia
1397 2483 1496 2523 taem
1522 2484 1666 2519 manere

179 2541 307 2575 autem
332 2539 466 2575 dicitur
490 2551 559 2585 pro
584 2539 777 2585 sanguine,
796 2540 895 2585 quod
919 2540 1071 2577 vulnere
1099 2541 1268 2584 efficitur,
1282 2543 1324 2576 ut
1349 2542 1459 2587 Vei-g.
1478 2544 1569 2579 Aen.
1593 2542 1660 2583 XI,

179 2596 250 2632 669
273 2599 490 2644 mor-iensque
513 2610 578 2634 suo
601 2609 639 2634 se
660 2599 701 2634 in
724 2599 864 2634 vulnere
886 2604 1012 2641 vereat,
1039 2600 1137 2645 quod
1162 2600 1330 2636 imitatus
1357 2602 1414 2636 est
1431 2600 1493 2638 Sil.
1522 2601 1563 2642 V,
1582 2601 1662 2636 577.

274 2656 353 2692 248.
404 2657 613 2703 opponitur
638 2657 794 2699 Oebaso,
821 2658 884 2703 qui
919 2659 1076 2704 genibus
1113 2659 1239 2694 nixum
1271 2671 1310 2695 se
1353 2659 1517 2705 effugere
1554 2670 1662 2704 posse

180 2715 329 2760 putavit
351 2716 467 2752 ictum
491 2717 630 2758 hastae,
658 2717 803 2755 Sibotes.
830 2717 892 2762 qui
915 2719 1057 2754 temere
1082 2718 1221 2754 loricae
1247 2719 1409 2754 confidit.
