1890 3100
205 231 295 274 402
737 229 773 264 C.
800 229 981 264 VALERI
1008 229 1182 266 FLACCI

318 362 390 400 per
418 349 549 388 maris.
606 349 753 400 ignotis
784 349 879 402 quid
909 363 1006 401 opus
1036 364 1273 389 concurrere
1303 364 1379 389 nec
1409 364 1508 403 quos

318 413 477 453 oderis?
532 415 633 453 haec
663 415 794 453 medio
822 415 968 454 Perses
999 414 1092 453 dum
1121 421 1300 467 tempore
1330 416 1504 464 mandat,

319 493 462 518 aureus
494 480 642 519 effulsit
672 481 821 532 campis
851 481 983 527 rubor,
1005 494 1202 533 ‚armaque
1234 486 1274 520 et
1304 495 1416 520 acres

318 551 460 597 sponte
492 558 565 584 sua
594 551 800 598 strepuere
830 546 964 585 tubae.
1021 547 1129 585 Mars
1161 560 1304 585 saevus
1336 547 1384 585 ab
1416 547 1505 585 altis

320 611 459 649 ‘hostis
489 611 552 659 io’,
584 611 806 650 conclamat
837 612 949 663 equis
980 612 1111 663 ‘agite,
1142 612 1208 659 ite,
1241 612 1505 664 propinquat’,

319 690 366 715 ac
396 676 513 715 simul
541 677 634 715 hinc
664 676 851 724 Colchos,
882 677 974 715 hinc
1003 676 1133 715 fundit
1162 678 1202 715 in
1231 690 1407 729 aequora
1431 678 1595 717 Persen.

315 748 413 780 tunc
443 756 542 794 gens
573 756 757 794 quaeque
789 743 869 780 suis
901 743 1095 781 commisit
1123 743 1277 794 proelia
1304 743 1408 790 telis,

315 821 478 860 voxque
509 807 574 846 dei
602 808 752 859 pariter
778 821 934 859 pugnas
965 806 1100 846 audita
1127 822 1200 860 per
1229 822 1378 847 omnes.

372 873 478 912 Hinc
509 887 583 924 age
612 873 796 924 Rhipaeo
827 886 926 924 quos
955 873 1102 912 videris
1134 873 1229 912 orbe
1258 874 1425 921 furores,

316 939 436 977 Musa
463 952 592 985 mone,
625 943 776 990 quanto
807 938 1015 989 Scythiam
1043 938 1245 978 molimine
1275 940 1419 978 Perses

318 1004 519 1049 concierit‚
552 1004 639 1055 quis
669 1003 794 1042 fretus
825 1004 938 1055 equis
968 1017 1040 1055 per
1067 1004 1176 1042 bella
1203 1005 1392 1056 virisque.

317 1082 459 1121 yerum
489 1082 564 1119 ego
593 1082 669 1107 nec
698 1082 863 1107 numero
893 1082 1108 1107 memorem
1139 1082 1214 1108 nee
1244 1070 1403 1108 nomine
1435 1076 1598 1108 cunctos

319 1133 429 1172 mille
459 1133 527 1172 vel
558 1147 626 1172 ora
657 1147 842 1181 movens3
879 1147 1012 1186 neque
1043 1134 1149 1172 enim
1178 1134 1299 1186 plaga
1327 1134 1514 1186 gentibus
1543 1135 1627 1174 ulla

309 1277 365 1312 25.
415 1288 479 1312 nee
503 1287 591 1322 quoe
616 1276 747 1312 oderis:
782 1287 865 1312 cum
901 1277 1112 1312 confusione
1145 1276 1269 1322 aliqua
1294 1277 1363 1312 hoe
1390 1276 1531 1312 dictum
1557 1278 1614 1312 est
1638 1289 1707 1323 pro

209 1348 257 1373 eo
296 1337 396 1382 quod
427 1336 501 1371 diei
537 1336 706 1372 debebat
730 1340 762 1371 et
788 1347 875 1381 quos
898 1347 971 1371 non
997 1336 1130 1372 oderis.-
1168 1341 1201 1372 et
1227 1336 1439 1372 coniunctio
1464 1336 1632 1382 pertinet
1657 1336 1707 1371 ad

210 1396 308 1433 aliud
333 1397 499 1437 verbum.
527 1396 576 1431 ad
601 1395 703 1431 aliud
719 1407 792 1431 non
815 1395 1020 1442 particula;
1048 1396 1181 1431 eadem
1208 1395 1373 1431 confusio
1398 1396 1586 1431 invenitur
1604 1395 1707 1441 VIII,

209 1456 283 1491 225
307 1457 437 1501 incipit
463 1456 602 1491 Idaliae
626 1467 757 1490 numen
773 1467 836 1491 nee
851 1467 1015 1500 sperum-e
1041 1456 1143 1491 divae
1167 1456 1189 1491 i.
1218 1467 1248 1491 e.
1276 1457 1321 1491 et
1345 1455 1478 1501 incipit
1502 1467 1589 1491 non
1606 1466 1708 1501 sper-

212 1527 319 1558 nere;
345 1515 578 1552 tolerabilius
605 1516 662 1551 est
688 1515 786 1560 quod
813 1515 946 1560 legitur
971 1515 1000 1556 Ι,
1028 1515 1097 1550 133
1121 1526 1184 1550 nee
1203 1516 1288 1551 Iove
1311 1516 1482 1550 maiorem
1505 1515 1607 1550 nasei
1630 1526 1708 1550 sus-

203 1576 311 1620 pirat
335 1575 525 1617 Achillem3
553 1574 618 1610 cfr.
647 1575 761 1610 etiam
788 1575 838 1609 ad
862 1574 930 1616 III,
958 1575 990 1610 5.

309 1635 364 1670 26.
415 1635 528 1670 medio
567 1655 610 1660 —-
644 1638 797 1679 tempore
821 1634 843 1670 i.
872 1645 901 1670 e.
928 1636 1048 1681 nocte,
1076 1645 1171 1679 quae
1198 1635 1256 1670 est
1282 1634 1406 1670 media.
1431 1633 1531 1669 inter
1561 1644 1708 1679 pugnas

210 1706 279 1740 per
314 1694 413 1730 diem
447 1694 526 1730 fieri
565 1694 710 1736 solitas;
750 1693 1038 1729 deferendorum
1063 1695 1189 1729 autem
1214 1693 1476 1729 mandatorum
1502 1693 1610 1738 copia
1634 1704 1709 1728 non

213 1754 337 1801 datur,
365 1765 448 1789 cum
473 1754 572 1789 Mars
599 1753 726 1789 furore
753 1755 857 1789 actus
884 1753 1008 1789 omnia
1033 1753 1200 1789 misceat.

309 1813 366 1849 27.
416 1823 547 1848 aureus·
571 1833 617 1839 ——
641 1813 757 1848 ‘rubor'
774 1813 844 1848 hoc
869 1812 949 1848 loco
974 1824 1050 1848 non
1073 1813 1202 1858 potest
1228 1823 1318 1853 esse,
1338 1811 1401 1857 qui
1418 1811 1620 1847 secundum
1644 1822 1710 1846 na-

210 1875 336 1909 turam
361 1883 428 1918 per
454 1875 637 1908 Auroram
663 1871 834 1917 efficitur,
863 1872 929 1907 sed
954 1872 1103 1907 videtur
1129 1873 1231 1907 ortus
1258 1882 1338 1907 esse
1364 1882 1410 1907 ex
1428 1870 1545 1916 clipeo
1563 1870 1708 1913 Martis;

214 1934 318 1968 recte
359 1931 507 1968 confert
547 1932 699 1967 Dureau
740 1931 867 1967 Claud.
909 1931 1060 1977 Gigant.
1101 1932 1144 1966 77
1172 1931 1424 1976 ¹splendentior
1466 1931 1543 1976 iym‘
1578 1940 1710 1965 awreus

211 1992 369 2028 ardescit
392 1992 525 2036 clipeus
551 1991 724 2037 (Martis).

310 2063 479 2096 armaque
505 2055 537 2086 et
568 2061 667 2086 aeres
699 2054 825 2095 sponte
849 2062 917 2086 sua
951 2054 1130 2095 strepuere
1156 2051 1277 2092 tubae;
1317 2049 1385 2085 cfr.
1413 2060 1508 2094 quae
1533 2049 1710 2094 precatus

213 2112 274 2147 est
299 2111 437 2147 Aeetes
464 2111 506 2152 V,
541 2110 610 2146 252
636 2122 738 2155 seqq.

311 2170 368 2206 28.
421 2170 526 2205 Mars
552 2191 596 2196 --
622 2171 667 2205 ab
705 2171 789 2206 altis
819 2191 854 2196 -
891 2170 1087 2205 conclamat
1124 2169 1240 2214 equis;
1282 2168 1366 2213 equi
1401 2167 1490 2203 dieti
1524 2168 1611 2203 sunt
1641 2179 1710 2213 pro

207 2241 334 2271 ucurru,
361 2230 404 2264 ut
429 2240 543 2275 saepe
569 2230 663 2274 apud
689 2229 889 2265 Homerum
905 2226 1008 2266 ἵπποι.

310 2288 368 2324 30.
418 2290 459 2324 in
483 2300 648 2333 aequora.
675 2289 714 2324 in
741 2300 911 2334 campum
937 2290 1123 2334 apertum,
1149 2287 1217 2323 cfr.
1244 2287 1293 2322 ad
1317 2287 1388 2331 III,
1416 2286 1494 2322 107.

310 2349 367 2385 31.
419 2351 450 2383 et
461 2348 554 2390 Vat..
564 2359 650 2393 qens
661 2348 858 2393 Meyncke;
874 2348 978 2383 terris
994 2347 1177 2388 Vat.‚telis
1188 2347 1244 2383 ed.
1254 2347 1349 2388 Ald.;
1369 2346 1436 2383 cfr.
1444 2345 1617 2391 Luc-NH,
1629 2344 1709 2380 510.

311 2408 418 2443 Hunc
442 2419 591 2443 versum
617 2409 655 2443 et
686 2407 749 2452 qui
774 2408 938 2452 sequitur
964 2407 1125 2443 Schenkl
1151 2408 1242 2443 stud.
1267 2418 1303 2452 p.
1330 2405 1398 2441 291
1424 2406 1536 2452 putat
1560 2405 1711 2451 poetam

208 2468 427 2504 deleturum
452 2466 576 2508 fuisse,
603 2466 635 2501 si
661 2466 695 2502 ei
719 2466 886 2502 licuisset
911 2478 1060 2502 carmen
1087 2466 1299 2502 emendare.

312 2527 368 2562 34.
419 2526 475 2561 De
502 2525 690 2561 sententia
717 2525 783 2560 cfr.
803 2525 909 2562 Hom.
936 2525 977 2560 Il.
1005 2525 1054 2570 ΙΙ,
1080 2525 1167 2566 484;
1193 2525 1299 2570 Verg.
1318 2524 1409 2560 Aen.
1430 2523 1511 2566 VII,
1537 2523 1603 2566 40;
1630 2523 1708 2558 641.

312 2585 370 2622 37.
419 2585 512 2621 mille
545 2586 598 2620 vel
634 2595 699 2620 ora
735 2595 891 2625 movens;
931 2596 1005 2620 non
1037 2584 1115 2620 sine
1148 2584 1275 2619 fructu
1301 2582 1510 2628 comparari
1534 2583 1626 2628 puto
1652 2593 1710 2617 ra.-

214 2645 368 2687 tionem.
409 2655 481 2689 qua
518 2644 651 2690 poetae
688 2643 727 2679 in
765 2643 875 2679 simili
912 2643 1126 2679 condicione
1163 2644 1327 2683 utuntur,
1370 2654 1454 2677 cum
1479 2641 1550 2677 sibi
1575 2642 1711 2687 optant

216 2704 341 2750 plures
379 2703 527 2749 linguas
564 2703 624 2740 vel
661 2703 769 2749 plura
807 2714 871 2738 ora
909 2694 967 2738 ad*
994 2713 1052 2738 res
1084 2703 1255 2748 ingentes
1282 2702 1476 2738 canendas.
1527 2701 1710 2737 Homerus

1722 693 1759 724 30
