1890 3100
201 175 287 218 512
724 175 761 212 O.
787 176 968 212 VALERI
994 176 1168 213 FLACCI

309 308 398 333 cum
429 295 559 334 subito
589 296 745 334 attoniti
773 297 1005 348 longissima
1034 297 1218 335 Phasidis
1248 297 1357 336 unda

309 360 623 413 Caucaseaeque
653 362 787 400 trabes
818 363 1026 414 omnisque
1055 362 1202 401 Aeetia
1229 363 1349 402 tellus
1684 377 1738 407 565

306 425 418 464 fulsit
448 433 488 464 et
516 426 704 466 ardentes
735 427 892 466 stabula
921 427 1099 466 effudere
1128 428 1330 467 tenebras.

305 504 352 529 ac
381 491 493 530 velut
523 505 574 530 ex
602 506 682 531 una
711 493 905 545 siquando
935 493 1042 531 nube
1073 494 1227 532 corusci

302 556 361 594 ira
388 557 496 595 Iovis
525 558 639 596 torsit
668 559 848 610 geminos
878 558 1110 596 mortalibus
1140 559 1267 610 ignes,

306 627 375 660 aut
405 622 483 661 duo
513 637 602 661 cum
629 624 779 675 pariter
807 630 999 675 ruperunt
1027 624 1189 663 vincula
1217 625 1327 663 venti

303 687 478 740 dantque
508 688 660 740 fugam:
692 690 747 727 sic
776 695 871 727 tunc
901 689 1084 728 claustris
1115 691 1242 728 evasit
1270 695 1438 743 uterque
1687 706 1742 736 570

303 758 440 792 taurus
471 759 511 792 et
538 754 699 792 immani
730 754 912 806 proflavit
940 755 1098 793 turbine
1127 755 1304 794 flammas

305 818 452 857 arduus
482 825 602 871 atque
633 825 717 857 atro
746 820 914 858 volvens
943 820 1130 859 incendia
1157 820 1291 859 fluctu.

303 883 456 922 horruit
483 885 646 935 Argoae
675 884 782 936 legio
810 884 918 932 ratis,
948 885 1101 923 horruit
1130 885 1261 924 audax

305 949 373 1001 qui
403 949 519 987 modo
549 950 738 1001 virgineis
770 950 920 988 servari
950 950 1131 989 cantibus
1160 950 1254 989 Idas

291 1096 372 1133 564.
423 1098 630 1143 lonyissima
655 1118 698 1124 —
724 1098 824 1133 unda
847 1119 893 1125 —
917 1098 1044 1145 fulsi&
1071 1098 1296 1134 adjectivum
1322 1099 1499 1145 scriptum
1523 1112 1592 1146 pro
1617 1101 1683 1136 ad-

194 1156 324 1193 verbio
351 1158 559 1203 lonqissime,
586 1158 629 1192 ut
647 1157 717 1203 ΠΙ,
744 1158 814 1193 115
837 1158 975 1193 subitus
990 1169 1059 1203 pro
1086 1169 1129 1194 eo
1149 1159 1247 1205 quod
1267 1159 1323 1194 est
1346 1159 1472 1201 subito,
1498 1159 1563 1195 ubi
1589 1171 1684 1207 quae

196 1216 298 1252 dicta
323 1218 419 1259 sunt,
446 1217 545 1252 vide.

290 1277 437 1312 attoniti
461 1297 505 1302 —
532 1277 705 1313 Phasidis
729 1276 753 1313 i.
780 1288 810 1314 e.
838 1277 898 1313 dei
923 1276 1094 1319 fluminis,
1122 1276 1187 1312 cfr.
1214 1277 1255 1319 V,
1283 1277 1353 1312 425
1377 1288 1454 1325 seq.

292 1347 372 1384 566.
423 1349 586 1383 ardentes
611 1369 655 1374 ——
681 1349 858 1384 tenebras:
905 1360 1118 1394 oxymoron,
1157 1349 1256 1394 quod
1281 1348 1431 1385 facilem
1457 1349 1682 1395 explicatum

194 1407 352 1455 habeat3
378 1408 465 1442 sunt
490 1407 663 1443 flammae
680 1407 784 1444 fumo
801 1407 1057 1450 intermixtae;
1085 1407 1151 1444 cfr.
1172 1407 1459 1454 descriptionem
1477 1408 1562 1444 Caci
1581 1409 1681 1455 apud

194 1467 306 1512 Verg.
333 1467 426 1504 Aen.
451 1467 555 1513 VIII,
581 1467 651 1502 252
677 1479 776 1513 seqq.

289 1538 369 1573 567.
421 1537 519 1574 Satis
551 1539 732 1575 audacter
768 1540 884 1584 poeta
909 1539 1049 1581 Iovem,
1089 1538 1152 1586 qui
1190 1539 1330 1574 fulmen
1369 1550 1562 1575 coruscum
1586 1539 1677 1576 iacit

191 1597 314 1645 ipsum
346 1608 529 1633 coruscum
562 1598 748 1641 nominat;
788 1610 862 1634 non
886 1599 967 1633 tam
1005 1598 1115 1643 longe
1140 1609 1358 1644 progressus
1395 1598 1542 1644 scripsit
1566 1599 1677 1636 Prud.

193 1657 323 1703 perist.
341 1657 404 1700 IV,
430 1657 453 1692 9
479 1668 553 1703 seq.
581 1668 659 1693 cum
684 1658 770 1693 deus
796 1658 957 1693 dextram
982 1659 1145 1703 quatiens
1176 1668 1357 1693 coruscam
1382 1657 1485 1693 Nube
1508 1659 1682 1695 subnixus

192 1718 306 1753 veniet
330 1717 484 1753 rubente.
547 1717 668 1753 Aliter
693 1729 732 1753 se
757 1717 903 1753 habent
927 1717 999 1753 loci
1037 1717 1137 1763 apud
1162 1717 1273 1762 Verg.
1298 1717 1390 1753 Aen.
1415 1716 1463 1763 Π,
1490 1717 1582 1760 47ος
1618 1717 1682 1760 ΙΧ,

193 1776 278 1819 163;
329 1776 423 1814 Stat.
464 1776 581 1812 Theb.
623 1776 686 1818 IV,
729 1776 760 1811 9.
826 1776 1002 1812 Imitatus
1042 1777 1098 1812 est
1128 1779 1317 1811 taurorum
1356 1775 1566 1812 velocitatis
1601 1788 1686 1812 cum

193 1835 351 1881 geminis
377 1835 594 1871 fulminibus
621 1836 941 1882 comparationem
968 1835 1062 1872 Stat.
1089 1835 1205 1871 Theb.
1224 1835 1303 1877 VII,
1330 1835 1400 1870 582
1425 1847 1528 1883 seqq.
1555 1835 1604 1871 ad
1621 1835 1684 1872 de-

191 1895 422 1941 pingendam
448 1895 683 1932 celeritatem
709 1907 887 1941 equorum
911 1894 1140 1941 Amphiarai.

289 1967 369 2002 572.
419 1967 452 2001 A
479 1968 590 2012 poeta
634 1967 682 2002 ad
723 1966 932 2012 marginem
970 1964 1185 2012 adscriptus
1217 1965 1366 2002 videtur
1402 1966 1579 2014 locusque
1615 1965 1683 2001 im-

191 2026 383 2071 perfectus
422 2026 593 2069 relictus;
650 2026 919 2062 retractatione
957 2025 1143 2062 deleturus
1182 2026 1264 2061 erat
1300 2025 1469 2061 Valerius
1508 2025 1572 2061 aut
1612 2025 1680 2060 571

194 2087 260 2121 aut
285 2086 366 2122 572.

288 2157 368 2192 574.
420 2157 509 2193 Idas
533 2157 678 2203 saepius
703 2157 799 2193 inter
823 2156 1120 2203 promptissimos
1161 2155 1455 2203 fortissimosque
1491 2155 1683 2202 Argonau-

194 2217 317 2252 tarum
371 2218 701 2252 commemoratur:
763 2217 792 2259 Ι,
838 2216 928 2259 166;
970 2216 1040 2258 ΙΙΙ,
1082 2216 1169 2258 4713
1227 2215 1288 2258 IV,
1346 2215 1434 2258 2243
1483 2214 1544 2261 VI,
1597 2215 1682 2259 342;

194 2275 366 2322 Apollon.
409 2275 447 2317 Ι,
489 2270 559 2310 4'62
601 2287 721 2322 seqq.;
763 2276 840 2318 ΠΙ,
884 2275 953 2310 556
997 2287 1114 2320 seqq.;
1161 2275 1263 2312 1251.
1316 2274 1363 2310 Id
1399 2274 1538 2320 ipsum,
1581 2274 1681 2320 quod

193 2335 254 2371 hic
287 2334 412 2380 tangit
446 2334 624 2376 Valerius,
668 2337 783 2381 poeta
825 2335 989 2371 Graecus
1027 2346 1092 2370 suo
1133 2335 1214 2371 loco
1255 2333 1424 2369 narravit
1461 2333 1531 2379 ΠΙ,
1573 2333 1682 2369 1169;

194 2394 368 2430 Iasonem
393 2405 415 2430 a
439 2394 574 2430 Medea
599 2395 820 2430 redeuntem
858 2406 879 2429 a
917 2394 1022 2430 sociis
1048 2405 1187 2439 magna
1213 2405 1295 2429 cum
1318 2392 1466 2429 laetitia
1490 2394 1683 2439 receptum

197 2455 236 2490 et
261 2454 308 2490 de
341 2453 492 2499 singulis
517 2453 791 2499 interrogatum
818 2465 908 2495 esse,
936 2450 955 2488 ὃ
981 2453 1121 2490 &cibit—ev
1148 2449 1215 2497 οἶος
1231 2450 1365 2498 ἑταίρων
1385 2448 1483 2496 Ἴδας
1497 2452 1570 2498 ἧστ’
1596 2453 1683 2490 ἀπά-

195 2516 293 2551 νευθε
319 2517 432 2550 δακὼν
457 2514 562 2560 χόλον.

292 2586 428 2621 servari
453 2605 497 2611 ——
523 2584 613 2620 Idas
635 2585 740 2628 flebat
765 2596 812 2623 sc.
839 2596 888 2628 se,
927 2584 993 2620 cfr.
1021 2586 1065 2620 ad
1091 2584 1140 2625 II.
1169 2584 1228 2626 10;
1269 2584 1315 2619 de
1352 2583 1564 2620 accusativo
1599 2595 1682 2620 cum

198 2644 344 2690 infinit,
371 2644 431 2691 qui
455 2644 597 2690 pendet
622 2655 645 2679 a
669 2643 783 2680 flendi
808 2644 934 2686 verbo,
962 2644 1027 2695 cfr.
1056 2644 1105 2679 ad
1131 2644 1159 2685 Ι,
1188 2643 1268 2681 633.
