1890 3100
253 263 340 306 360
577 235 580 238 ⁵
779 262 815 298 C.
842 261 1022 297 VALERI
1048 262 1221 298 FLACCI

362 394 431 418 ora
459 381 572 429 satis3
602 386 766 419 ventum
796 380 846 419 ad
875 381 997 420 furias
1027 381 1269 434 infandaque
1299 388 1417 422 natae

360 445 527 484 foedera
557 452 596 484 et
625 446 826 484 horrenda
854 446 1049 499 trepidam
1080 447 1336 499 sub.virgine
1365 462 1557 500 puppem;
1743 461 1798 494 220

363 512 486 562 impia
511 511 775 550 monstriferis
807 519 973 563 surgunt
1002 513 1079 551 iam
1108 513 1261 564 proelia
1291 514 1452 565 campis.

363 582 456 615 ante
487 576 612 623 dolos,
643 583 736 616 ante
765 577 875 616 infidi
902 584 1036 616 tamen
1067 591 1244 631 exequar
1273 585 1383 617 astus

364 642 581 694 Soligenae
611 642 695 680 falli
724 643 854 681 meriti
882 643 1093 696 meritique
1123 644 1294 696 relinqui

360 707 453 746 inde
486 721 651 746 canens:
684 708 875 759 Scythica
905 709 1037 747 senior
1065 710 1143 747 iam
1175 709 1280 748 Solis
1309 711 1350 748 in
1378 711 1477 749 urbe

360 773 444 811 fata
474 773 645 811 laborati
673 774 843 812 Phrixus
874 774 1146 826 compleverat
1175 775 1275 813 aevi.
1743 784 1799 814 225

360 838 467 876 illius
499 844 677 877 extremo
708 839 780 876 sub
810 838 951 878 funere
980 840 1079 878 mira
1107 846 1274 891 repente

360 904 520 942 flamma
547 904 630 955 poli
657 917 883 955 magnoque
914 905 1015 943 aries
1046 906 1228 957 apparuit
1256 911 1362 944 astro

254 1088 323 1123 315
349 1088 494 1132 Asopus
517 1090 680 1133 yenuisse
704 1088 826 1132 datum
867 1087 993 1124 Claud.
1021 1089 1067 1124 de
1101 1091 1213 1134 raptu
1237 1089 1340 1126 Pros.
1367 1090 1435 1132 ΠΙ,
1474 1091 1544 1126 336
1564 1095 1672 1136 pater
1697 1113 1740 1118 —

244 1148 421 1194 praedam
448 1148 629 1183 advexisse
654 1148 771 1183 datur.

345 1220 432 1256 haee
457 1231 521 1255 ora
547 1232 681 1254 unum
707 1231 747 1255 os
773 1219 902 1254 unius
934 1220 1092 1256 hominis
1119 1220 1341 1266 significant,
1369 1223 1411 1256 ut
1434 1221 1546 1267 Verg.
1572 1222 1663 1258 Aen.
1689 1222 1740 1263 Π,

250 1279 320 1314 246
346 1280 462 1324 aperit
489 1278 695 1314 Cassandra
718 1279 854 1321 futuris
878 1290 959 1320 ora;
1000 1279 1065 1318 Ov.
1092 1282 1180 1316 met.
1208 1280 1284 1321 XV,
1312 1280 1357 1316 73
1382 1292 1447 1316 ora
1485 1302 1527 1307 -
1565 1282 1670 1318 solvit
1695 1305 1741 1312 -

250 1340 380 1381 verbim
408 1339 449 1380 V,
478 1338 547 1374 193
573 1339 813 1384 adapertaque
837 1339 920 1374 velle
947 1338 1021 1374 Ora
1046 1340 1142 1385 loqui
1166 1340 1291 1376 eredas
1315 1340 1516 1386 multisque
1542 1341 1623 1376 aliis
1648 1341 1740 1377 locis

250 1397 429 1444 imprimis
455 1398 555 1443 apud
583 1397 767 1434 Ovidium.

342 1469 424 1506 219.
472 1469 682 1505 Permirum
714 1471 780 1511 est,
817 1470 915 1515 quod
941 1471 1010 1506 hoc
1035 1470 1118 1506 loco
1143 1472 1259 1516 poeta
1285 1471 1443 1508 Medeae
1476 1471 1646 1508 facinora
1684 1484 1738 1515 ea,

249 1529 382 1574 quibus
407 1529 580 1564 Iasonem
605 1529 750 1574 iuverit,
789 1531 832 1564 ut
856 1541 936 1565 rem
962 1529 1010 1564 ad
1042 1529 1190 1565 felicem
1231 1530 1370 1566 exitum
1407 1531 1624 1577 adduceret.
1659 1533 1740 1567 tam

247 1588 422 1634 gravibus
447 1588 572 1624 verbis
596 1588 797 1635 vituperat,
824 1589 1047 1634 praesertim
1074 1601 1158 1625 cum
1174 1590 1302 1635 paullo
1318 1590 1418 1626 infra
1434 1602 1564 1636 regem
1581 1593 1740 1628 Aeetam

248 1648 414 1694 appellet
437 1648 591 1683 infidum
617 1650 728 1695 atque
755 1648 836 1684 falli
863 1650 901 1684 et
926 1649 1083 1695 relinqui
1108 1649 1283 1686 meritum
1310 1651 1349 1686 et
1373 1650 1412 1686 in
1429 1651 1642 1687 narratione
1658 1651 1741 1697 ipsa

249 1708 296 1744 de
320 1708 477 1743 Medeae
510 1708 647 1753 agendi
687 1708 834 1744 ratione
865 1708 1040 1744 instituta
1076 1709 1182 1745 enixe
1217 1721 1372 1755 operam
1406 1710 1481 1752 det,
1513 1711 1557 1745 ut
1581 1710 1742 1748 Medeae

248 1767 398 1812 culpam
422 1779 534 1812 quam
559 1767 720 1804 maxime
747 1768 886 1811 elevet;
913 1767 979 1804 cfr.
1006 1780 1100 1813 quae
1127 1769 1176 1804 ad
1202 1768 1273 1804 330
1298 1768 1479 1806 dicentur.

342 1838 423 1877 220.
473 1838 588 1875 Navis
613 1838 828 1884 trepidavit,
856 1851 939 1875 cum
965 1840 1100 1876 Medea
1124 1839 1292 1876 insiliret.

341 1910 422 1946 221.
472 1911 584 1955 impia
609 1931 652 1937 —-
673 1911 815 1955 proelia
841 1910 968 1946 fratris
997 1913 1128 1947 contra
1154 1911 1329 1954 fratrem;
1355 1912 1574 1955 mon-§trifon
1603 1912 1738 1958 campi,

248 1969 311 2014 qui
335 1970 504 2006 tulerunt
529 1970 731 2006 draconem
758 1971 949 2006 custodem
973 1971 1121 2007 velleris
1149 1971 1187 2007 et
1204 1973 1302 2007 viros
1321 1972 1485 2007 armatos
1503 1982 1549 2008 ex
1567 1971 1741 2008 draconis

250 2029 403 2065 Cadmei
429 2030 604 2065 dentibus
631 2032 742 2066 ortos.
1215 2034 1222 2043 ’

341 2101 422 2137 223.
470 2101 553 2144 falli
576 2103 706 2144 meriti}
734 2102 782 2138 de
808 2102 1085 2139 constructione
1112 2104 1177 2139 cfr.
1205 2103 1254 2138 ad
1278 2103 1308 2144 Ι,
1335 2102 1415 2139 519.

341 2173 421 2209 224.
472 2174 554 2208 inde
579 2184 724 2209 canen-s:
751 2173 838 2209 hinc
864 2174 1022 2210 canendi
1047 2174 1151 2210 initio
1177 2174 1295 2217 facto;
1322 2174 1387 2210 cfr.
1414 2174 1525 2220 Verg.
1551 2186 1679 2220 georg.
1706 2174 1738 2217 Ι,
1792 2188 1794 2191 ·

245 2234 268 2269 5
292 2234 375 2269 him
401 2243 526 2268 canere
551 2234 738 2278 incipiam
767 2233 899 2269 eadem
925 2234 1042 2270 verba
1066 2234 1245 2279 leguntur
1270 2234 1370 2279 apud
1386 2235 1491 2271 Arat.
1517 2235 1588 2269 act.
1616 2235 1738 2280 apost.

246 2293 273 2342 Ι,
304 2292 385 2327 22οχ
442 2293 523 2328 Iam
550 2294 788 2328 enarraturus
815 2295 872 2329 est
897 2293 1068 2329 Valerius
1101 2305 1236 2329 causas
1267 2293 1358 2330 belli
1382 2293 1482 2330 inter
1505 2294 1667 2330 Aeetam
1703 2295 1742 2330 et

247 2352 406 2388 fratrem
433 2351 515 2388 orti.

339 2423 420 2460 225.
471 2424 624 2459 laborati
650 2444 692 2449 --
720 2424 797 2458 aevi
823 2424 955 2459 audaci
983 2426 1022 2460 et
1060 2424 1226 2470 eleganti
1262 2424 1450 2461 brevitate
1488 2424 1630 2460 dictum
1667 2436 1740 2470 pro

243 2495 338 2520 aevo
362 2494 431 2529 per
455 2483 601 2519 labores
627 2484 798 2530 peracto3
825 2483 992 2519 imitatus
1020 2485 1077 2520 est
1102 2483 1195 2520 Stat.
1222 2483 1340 2520 Theb.
1365 2484 1394 2526 L
1421 2483 1490 2519 341
1515 2488 1624 2530 yrata
1643 2485 1738 2520 mbo-

244 2547 348 2578 ratae
371 2542 528 2586 referens
552 2543 682 2578 oblivia
706 2543 815 2584 vitae3
841 2542 916 2579 vid.
941 2545 1143 2588 praeterea
1169 2543 1322 2580 Tertull.
1348 2543 1395 2579 de
1420 2543 1491 2579 vel.
1517 2543 1606 2589 virg.
1636 2554 1666 2580 c.
1694 2543 1740 2579 10

248 2603 467 2638 continentia
491 2623 535 2628 —
562 2601 767 2638 laboratior.

337 2674 392 2710 De
418 2673 607 2709 sententia.
630 2672 747 2709 totius
766 2684 904 2714 verene,
912 2659 1047 2731 fuam
1075 2685 1152 2709 non
1179 2675 1280 2710 recte
1306 2673 1494 2710 intellexit
1509 2673 1647 2716 Burm.‚
1674 2673 1738 2710 cfr.

246 2733 296 2770 ad
320 2733 351 2779 Ι,
376 2733 433 2768 41.
