1890 3100
221 205 246 246 2
823 201 1109 238 PRAEFATIO.

222 323 405 361 Lemaire
434 322 647 361 nonnullos
683 320 972 372 interpretandi
1008 333 1161 358 errores
1192 334 1214 358 a
1242 320 1447 371 Wagnero
1478 321 1711 359 commissos-

225 389 407 435 correxit,
437 388 508 427 sed
527 388 616 440 plus
638 387 805 425 contulit
825 386 875 424 ad
889 385 1041 424 Valerii
1060 385 1185 423 verba
1203 385 1503 437 interpretanda
1523 385 1708 433 Caussin,

225 454 336 491 cuius
358 453 634 491 annotationes
656 451 761 503 apud
782 451 1021 489 Lemairium
1041 450 1241 500 leguntur.
1280 450 1407 488 Multo
1429 456 1562 488 autem
1581 451 1711 502 mag-is

222 518 324 556 haee
360 517 491 556 studia
518 522 699 568 promota
734 522 825 553 sunt
860 515 1033 552 virorum
1070 513 1274 552 doctorum
1310 515 1709 554 commentationibus

222 583 498 621 recentissimo
527 588 706 633 tempore
737 581 982 631 conscriptiS,
1014 579 1158 631 quibus
1189 585 1256 618 aut
1285 594 1387 632 quae
1419 580 1605 632 exempla
1627 581 1709 619 Va-

221 648 344 686 lerius
371 654 531 686 secutus
559 648 609 685 sit
633 652 825 685 tractatur
852 651 919 683 aut
940 645 988 683 de
1017 659 1199 683 sermone
1216 646 1429 685 Valeriano
1451 647 1708 699 quaestiones

222 714 483 751 instituuntur
525 719 593 751 aut
636 712 685 751 de
729 712 896 763 singulis
939 712 1038 749 locis
1083 711 1224 762 agitur.
1296 711 1451 760 Quibus
1495 711 1714 763 diligenter

222 779 412 829 inspectis
440 791 542 830 quae
571 777 692 828 digna
715 777 917 828 putabam,
947 777 988 813 in
1017 789 1149 814 meum
1178 789 1295 814 usum
1324 778 1502 815 converti
1523 791 1708 830 quaeque

221 844 306 895 ipse
338 843 573 881 observasse
602 842 698 879 mihi
726 841 876 887 videor,
908 840 1053 879 addidi.
1104 840 1187 879 Sed
1216 841 1335 879 etiam
1365 842 1576 881 coniuncta
1603 843 1707 880 viro-

221 923 307 947 rum
335 908 539 946 doctorum
567 920 688 958 opera
714 919 854 944 versus
881 905 1063 943 nonnulli
1084 912 1302 947 remanent
1318 906 1558 946 obscuritate
1583 907 1706 959 pleni,

220 975 261 1012 in
295 974 438 1026 quibus
474 972 569 1025 quid
599 972 782 1011 Valerius
823 971 955 1010 dicere
994 972 1176 1018 voluerit,
1220 971 1395 1010 nondum
1434 973 1528 1011 satis
1567 973 1705 1024 liquet,

223 1041 326 1077 Nam
361 1043 515 1077 constat
547 1043 708 1088 poetam
742 1037 947 1088 ceteroqui
986 1036 1120 1074 multis
1158 1036 1278 1074 rebus
1324 1037 1510 1075 eximium
1551 1042 1591 1075 et
1623 1037 1710 1075 lau-

223 1104 397 1143 dandum
425 1102 685 1140 insolentiora
703 1101 831 1152 magis
853 1114 986 1139 amare
1007 1115 1125 1153 quam
1155 1101 1349 1152 simplicia
1378 1106 1418 1140 et
1447 1115 1535 1140 cum
1565 1116 1589 1140 a
1614 1116 1706 1140 con-

223 1175 337 1208 sueta
373 1167 530 1207 dicendi
567 1167 721 1205 ratione
758 1166 975 1205 decederet
1010 1172 1077 1204 aut
1111 1167 1257 1205 nimiae
1293 1166 1480 1205 brevitati
1515 1167 1706 1216 studeret,

221 1236 438 1274 sententias
488 1247 579 1271 suas
623 1246 703 1270 non
744 1246 833 1271 raro
878 1233 1113 1271 obscurasse
1155 1233 1282 1283 magis
1327 1246 1446 1285 quam
1488 1233 1707 1285 aperuisse.

221 1302 355 1350 Quare
391 1301 577 1352 quoniam
611 1300 731 1338 etiam
767 1300 808 1337 in
847 1306 931 1338 arte
971 1299 1211 1338 emendandi
1249 1299 1476 1338 exercenda
1514 1313 1708 1338 summam

218 1366 420 1418 scripturis
450 1364 605 1403 traditis
635 1364 827 1403 adhibere
858 1365 1082 1403 cautionem
1113 1370 1426 1403 consentaneum
1457 1370 1528 1412 est,
1561 1378 1636 1416 ego
1665 1365 1709 1402 in

215 1432 348 1471 verbis
385 1431 672 1470 constituendis
712 1437 846 1483 spreta
882 1431 1118 1483 plerumque
1162 1431 1400 1469 Baehrentis
1435 1432 1551 1469 nimis
1595 1431 1709 1469 festi-

215 1504 310 1536 nata
331 1511 451 1548 opera
471 1496 802 1548 coniectandique
818 1496 984 1534 libidine
1006 1496 1297 1535 consideratam
1318 1502 1358 1535 et
1379 1497 1706 1548 circumspectam

215 1563 397 1601 'Philonis
441 1569 560 1615 atque
598 1562 832 1601 Schenkelii
869 1563 1063 1601 rationem
1100 1568 1260 1601 secutus
1298 1576 1395 1601 sum.
1454 1562 1706 1614 Quamquam

215 1628 415 1666 nonnullis
438 1629 535 1667 locis
557 1628 831 1666 difficillimum
858 1635 920 1666 est
949 1627 999 1666 ad
1029 1627 1336 1674 diiudicandum,
1366 1634 1499 1666 utrum
1517 1627 1706 1666 Valerius

215 1700 373 1745 praeter
407 1693 737 1732 consuetudinem
775 1707 895 1732 ausus
931 1694 981 1731 sit
1012 1694 1124 1745 loqui
1154 1707 1204 1731 an
1232 1694 1357 1732 verba
1391 1698 1574 1744 corrupta
1613 1693 1701 1730 sint.

215 1759 338 1797 Velut
364 1759 531 1797 traditur
559 1760 611 1807 II,
633 1761 710 1799 448
740 1763 869 1798 castra
891 1761 990 1798 levat
1015 1766 1054 1797 et
1082 1763 1201 1798 tracto
1220 1772 1325 1805 saxo,
1356 1758 1462 1810 quod
1489 1763 1703 1810 utrumque

216 1831 476 1862 servaverunt
494 1824 612 1862 Thilo
635 1830 674 1862 et
696 1824 886 1863 Schenkl.
941 1824 1023 1863 Sed
1043 1839 1138 1862 num
1158 1838 1334 1876 unquam
1359 1824 1477 1862 homo
1498 1824 1705 1862 Romanus

216 1890 314 1928 dixit
342 1891 407 1928 vel
438 1890 570 1929 dicere
598 1891 727 1942 potuit
757 1895 888 1930 castra
918 1893 1043 1930 levare
1077 1904 1147 1942 pro
1179 1904 1225 1928 eo
1257 1889 1363 1942 quod
1393 1895 1454 1928 est
1487 1902 1517 1928 c.
1549 1889 1705 1928 locare?

213 1969 345 2007 neque
387 1956 504 1994 facile
547 1957 796 2007 intellegitur
838 1956 933 2008 quid
974 1957 1023 1994 sit
1060 1957 1136 1994 hoc
1169 1956 1257 1994 leco
1299 1959 1509 1995 tractum
1547 1968 1699 1993 saxum.

213 2022 319 2059 Num
346 2022 500 2072 scripsit
527 2022 595 2069 IV,
618 2024 668 2060 88
690 2024 792 2070 quod
814 2023 1009 2073 (carmen)
1040 2021 1161 2061 simul
1179 2045 1230 2049 —
1242 2023 1438 2070 pulsum
1467 2026 1534 2059 aut
1553 2020 1600 2066 V,
1623 2021 1701 2058 515

214 2088 266 2124 da
284 2085 480 2135 z‘ungyere
501 2089 650 2126 dona?
686 2087 813 2134 Talia,
837 2088 985 2139 opinor,
1009 2100 1165 2139 semper
1184 2087 1450 2125 incertissima
1468 2085 1698 2124 manebunt.

216 2151 405 2189 Ceterum
433 2153 474 2189 in
504 2166 551 2190 eo
581 2167 604 2190 a
632 2152 921 2190 recentioribus
958 2152 1175 2190 editoribus
1212 2151 1415 2198 dissentio,
1455 2150 1561 2203 quod
1589 2150 1700 2188 Vati-

214 2229 355 2254 canum
402 2217 579 2255 codicem
625 2231 790 2256 numero
834 2219 936 2256 3277
989 2219 1205 2269 signatum,
1255 2230 1374 2269 quem
1421 2216 1562 2254 litteris
1607 2216 1696 2253 Vat.

214 2282 404 2332 significo,
434 2296 515 2320 non
544 2296 704 2334 prorsus
734 2284 895 2321 unicum
914 2283 1048 2321 traditi
1078 2283 1261 2321 carminis
1290 2282 1441 2320 fontem
1467 2280 1697 2319 habendum

211 2353 319 2398 puto,
350 2347 421 2385 sed
450 2349 575 2399 magis
607 2348 756 2387 accedo
787 2348 837 2387 ad
867 2349 1105 2387 sententiam
1135 2348 1342 2396 Kelleri*)
1379 2353 1418 2386 et
1446 2345 1697 2393 Hartelii**)

211 2413 267 2450 ita
302 2412 461 2464 quidem
496 2419 539 2451 ut
573 2420 721 2465 putem,
770 2414 948 2452 codicem
985 2414 1198 2461 Carrionis‚
1236 2414 1303 2466 qui
1336 2413 1454 2464 periit
1488 2417 1607 2463 atque
1647 2424 1699 2448 ex

212 2477 306 2515 solis
339 2477 538 2516 Oarrionis
570 2480 892 2517 annotationibus
931 2480 1044 2518 nobis
1074 2485 1191 2518 notus
1223 2484 1294 2526 est,
1331 2477 1572 2528 descriptum
1605 2489 1699 2514 esse

293 2606 338 2662 ’*)
365 2619 555 2665 Goet‘cing.
588 2621 658 2665 gel.
686 2622 836 2667 Anzeig.
864 2622 956 2657 1873
986 2635 1022 2668 p.
1052 2622 1152 2656 1927.

287 2679 339 2722 **)
367 2678 582 2714 Zeitschrift
608 2680 672 2714 ffir
699 2681 758 2716 die
786 2684 938 2717 oesterr.
967 2681 1098 2726 Gymn.
1127 2679 1256 2722 XXIV,
1285 2679 1364 2715 140.
