1890 3100
244 237 334 281 324
797 235 834 272 C.
860 235 1043 287 VALERI
1070 235 1243 271 FLACCI

351 355 436 394 ulla
467 355 599 408 quies!
643 355 741 407 fuga
768 369 874 394 nunc
903 355 1036 394 medio
1065 355 1318 408 properanda
1346 370 1524 396 recursu.

350 421 419 459 vix
448 426 639 472 repetunt
666 421 817 472 primae
848 421 1002 459 celeres
1034 421 1205 460 confinia
1231 428 1375 469 terrae,

350 487 510 538 iamque
541 486 619 524 alio
650 486 823 525 clamore
853 491 983 534 ruont,
1015 487 1225 539 omnisque
1253 493 1415 526 tenetur
1742 491 1796 521 575

349 558 497 604 pontus
528 557 568 590 et
596 552 751 590 infestis
781 565 930 603 anceps
961 565 1050 590 cum
1078 552 1280 591 montibus
1310 558 1427 591 errat.

351 631 491 656 verum
522 618 653 655 animo
682 617 786 655 redit
814 617 885 655 illa
912 631 1002 656 meo
1033 631 1118 655 sors
1155 618 1317 669 cognita
1345 618 1498 656 divum:

353 683 484 728 (fabor
513 683 620 721 enim
650 696 727 721 nec
756 696 827 734 spe
858 682 1000 721 dubios
1032 683 1194 721 solabor
1221 683 1346 735 inani)

352 762 441 787 cum
470 748 568 786 mihi
596 749 811 787 Tartareas
843 761 967 786 saevo
997 749 1187 800 clangore
1217 749 1402 787 volucres

353 814 518 866 protulit
548 814 606 852 ira
634 814 753 861 Iovis,
784 828 865 852 vox
892 814 993 852 haec
1027 814 1144 852 simul
1173 814 1318 852 accidit
1346 828 1481 853 aures:
1742 824 1797 854 580

354 885 416 918 ‘ne
446 893 571 918 vanas
601 879 787 931 impende
817 893 958 930 preces
987 879 1189 932 finemque
1217 879 1413 918 malorum

353 951 511 997 expete,
542 944 799 996 Agenoride:
830 951 995 996 pontum
1024 945 1298 996 penetraverit
1327 945 1411 983 ulla

353 1025 442 1048 cum
471 1011 567 1048 ratis
599 1016 639 1048 et
667 1009 794 1062 rapidi
824 1011 1009 1048 steterint
1043 1010 1084 1048 in
1113 1011 1272 1061 gurgite
1301 1016 1471 1055 montes,

353 1083 450 1114 tunc
480 1089 643 1127 sperare
673 1075 834 1114 modum
863 1089 1018 1126 poenae
1048 1075 1288 1127 veniamque
1318 1075 1480 1114 licebit'.

352 1142 409 1180 sic
439 1141 554 1183 deus.
610 1148 680 1179 aut
707 1141 822 1179 vobis
853 1154 949 1192 ergo
978 1141 1066 1179 fera
1094 1154 1192 1179 saxa
1219 1146 1443 1192 patescunt,
1740 1145 1796 1174 585

354 1213 423 1245 aut
451 1220 544 1245 mea
571 1207 651 1245 iam
681 1220 828 1245 saevae
857 1206 1029 1244 redeunt
1053 1201 1109 1244 'ad
1138 1206 1288 1258 pabula
1315 1206 1453 1244 Dirae.

351 1286 492 1311 verum
522 1273 628 1311 inter
655 1272 808 1310 medias
839 1271 999 1310 dabitur
1027 1272 1060 1309 si
1090 1285 1250 1309 currere
1281 1277 1431 1320 cautes,

243 1409 327 1440 tunc
351 1415 447 1439 nunc
473 1403 625 1445 conieci,
665 1403 687 1437 i.
715 1414 747 1439 e.
773 1404 816 1437 ut
842 1403 970 1437 autem
996 1413 1093 1436 nunc
1119 1413 1158 1437 se
1184 1413 1243 1437 res
1269 1402 1404 1444 habet;
1444 1401 1511 1437 cfr.
1539 1401 1617 1439 Liv.
1644 1402 1742 1446 XXI,

241 1465 298 1506 40,
325 1465 365 1510 3;
391 1464 463 1500 Cic.
491 1474 550 1509 ep.
576 1463 626 1498 ad
651 1462 731 1501 Att,
758 1462 819 1508 XI,
845 1462 877 1508 2,
903 1462 947 1503 3;
993 1461 1093 1497 Curt.
1121 1461 1182 1502 IV,
1211 1461 1265 1507 12,
1292 1461 1336 1496 15
1363 1461 1409 1496 al.

339 1524 418 1561 574.
463 1525 608 1568 primae
636 1544 676 1548 —-
705 1523 862 1565 confinia
888 1526 1015 1566 terrae,
1054 1521 1075 1556 i.
1104 1533 1135 1557 e.
1162 1521 1291 1562 litora,
1325 1520 1391 1556 cfr.
1425 1522 1547 1566 primo
1574 1533 1597 1556 a
1626 1521 1745 1557 limirae

242 1585 291 1627 ΙΙ,
320 1584 411 1627 255;
444 1585 484 1619 in
503 1584 628 1628 prima
654 1604 694 1608 —
724 1587 805 1618 acta
829 1582 871 1624 V,
899 1582 956 1616 96.

338 1644 419 1679 575.
445 1644 517 1679 alio
530 1644 683 1678 clamore
699 1642 721 1678 i.
742 1653 773 1679 e.
800 1654 884 1677 cum
901 1643 1083 1677 renovato
1101 1641 1317 1677 vehementi
1343 1641 1483 1686 sonitu3
1509 1641 1562 1676 sic
1580 1641 1744 1687 scopulis

244 1705 444 1740 clamorem
469 1703 605 1738 tribuit
630 1702 742 1747 Verg.
768 1702 861 1738 Aen.
887 1701 956 1741 ΙΙΙ,
984 1701 1071 1743 566;
1109 1700 1299 1736 montibus
1326 1701 1413 1736 Hor.
1441 1712 1470 1735 c.
1498 1699 1568 1742 ΙΙΙ,
1595 1700 1652 1742 29,
1679 1700 1742 1747 39;

241 1763 445 1800 tonitribus
482 1762 618 1797 Pacuv.
667 1773 699 1797 v.
738 1761 808 1796 336
833 1762 877 1798 R.
917 1760 999 1805 (cfr.
1028 1761 1134 1797 Lucr.
1162 1760 1224 1801 VI,
1266 1761 1370 1806 147);
1411 1760 1552 1795 undam
1579 1760 1743 1795 clamare

243 1823 335 1859 dicit
373 1822 435 1857 Sil.
470 1822 533 1866 IV,
560 1822 647 1864 524;
689 1821 894 1867 procellam
932 1821 996 1859 IX,
1037 1820 1125 1861 516;
1170 1831 1298 1855 amnes
1337 1819 1440 1855 freta
1473 1819 1606 1855 nubila
1630 1819 1744 1855 silvas

243 1883 339 1918 Stat.
366 1882 472 1918 Theb
512 1881 575 1927 XI,
605 1881 693 1925 1163
732 1881 902 1916 similiter
929 1880 1029 1926 apud
1063 1879 1227 1915 Graecos
1260 1879 1321 1925 βοή
1348 1880 1386 1915 et
1411 1883 1492 1925 βοᾶν
1518 1879 1660 1924 scripta
1685 1890 1743 1915 re·

241 1943 449 1988 periuntur.

337 2002 418 2037 576.
469 2001 565 2036 Mari
583 2000 742 2036 hominis
760 2011 889 2035 sensus
907 2001 1022 2045 poeta
1035 1999 1182 2041 tribuit,
1199 2010 1282 2034 cum
1295 1998 1468 2034 infestari
1477 1997 1569 2034 dicit
1582 1998 1745 2044 scopulis

242 2061 423 2102 nescium,
452 2072 524 2105 quo
550 2072 590 2096 se
616 2061 753 2096 vertat.

339 2120 420 2155 578.
471 2121 579 2163 fabor
604 2121 713 2166 enim3
740 2119 851 2164 Verg.
879 2119 971 2155 Aen.
998 2119 1027 2160 L
1055 2118 1135 2153 261.

338 2180 418 2214 580.
470 2180 599 2214 excidit
625 2180 724 2224 Vah,
749 2179 882 2214 accidit
908 2178 1095 2220 Gifanius;
1123 2177 1190 2213 cfr.
1219 2178 1268 2212 ad
1294 2177 1342 2218 ΙΙ,
1368 2177 1450 2212 452.

338 2239 418 2275 586.
469 2239 586 2274 Dirae
610 2239 733 2284 poetis
747 2238 968 2284 plerumque
994 2239 1081 2272 sunt
1107 2237 1239 2279 furiae,
1266 2238 1309 2271 ut
1326 2237 1435 2282 Verg.
1452 2236 1544 2272 Aen.
1571 2236 1633 2275 IV.
1652 2236 1743 2280 4733

240 2299 324 2342 VII,
351 2299 438 2339 324,
466 2298 531 2340 al.;
558 2298 639 2333 Val.
666 2298 711 2342 V,
735 2298 825 2340 445;
866 2298 936 2332 hoc
962 2297 1045 2332 loco
1069 2296 1159 2332 ideo
1185 2296 1376 2342 Harpyiae
1406 2296 1461 2331 ita
1491 2295 1742 2336 nominantur,

242 2359 341 2405 quod
366 2370 389 2393 a,
414 2357 504 2393 Iove
543 2358 591 2392 ad
626 2357 880 2393 ulciscendum
913 2356 1103 2391 Phineum
1143 2356 1356 2397 mittuntur,
1394 2356 1437 2390 ut
1474 2354 1566 2390 alias
1610 2354 1747 2390 Furiae

242 2418 347 2454 mitti
371 2417 504 2453 solent.

340 2477 432 2512 Cum
477 2488 521 2512 ex
560 2476 623 2522 eis,
661 2487 757 2521 quae
796 2475 954 2520 Typhon
992 2487 1025 2510 v.
1062 2475 1131 2508 522
1171 2486 1243 2520 seq.
1287 2473 1469 2509 Boreadis
1510 2473 1615 2514 dixit,
1675 2474 1744 2508 Ar-

241 2538 435 2582 gonautae
474 2537 577 2571 certo
617 2545 842 2580 cognoscere
867 2534 1032 2579 possent,
1069 2534 1256 2579 Harpyias
1284 2533 1332 2568 ad
1359 2533 1482 2568 cibum
1507 2532 1642 2568 Phinei
1669 2544 1745 2568 non

242 2596 319 2631 iam
345 2596 535 2632 redituras
562 2606 653 2636 esse,
691 2606 760 2639 pro
798 2594 901 2628 certo
942 2592 993 2628 eis
1020 2592 1136 2628 etiam
1173 2593 1213 2627 id
1237 2603 1390 2638 sperare
1415 2592 1567 2633 licebat,
1595 2591 1676 2628 fore
1701 2596 1743 2626 ut

241 2667 328 2703 fera
353 2667 443 2691 saxa
469 2655 521 2691 eis
546 2654 802 2701 patescerent:
848 2653 927 2687 iure
945 2652 1061 2697 igitur
1079 2663 1191 2697 supra
1207 2664 1241 2687 v.
1261 2651 1330 2686 548
1349 2651 1552 2687 affirmavit
1570 2651 1744 2694 Phineus,

242 2727 282 2750 se
308 2727 383 2751 non
409 2726 476 2761 spe
501 2714 601 2750 inani
628 2713 760 2748 dubios
786 2712 1026 2758 Argonautas
1053 2711 1176 2747 solari.
