1890 3100
569 226 957 265 ARGONAVTICON
983 226 1131 261 LIBER
1156 226 1216 261 IV.
1543 227 1630 271 339

254 363 329 389 nec
355 362 451 388 vero
479 354 691 400 praerepta
717 347 814 386 mihi
842 359 1028 398 suprema
1055 346 1217 397 tyranni

254 415 338 454 fata
365 427 510 467 queror
535 412 696 452 bellove
725 412 851 463 magis
879 411 1053 449 laetarer
1080 416 1122 448 et
1148 410 1267 448 armis

253 478 512 532 procubuisse
541 479 653 525 meis,
683 490 802 530 quam
829 476 920 527 lege
951 473 1059 527 quod
1086 474 1231 513 occidit
1258 475 1366 512 ultus

253 546 341 597 ipse
370 557 443 582 sua
469 543 691 595 meritoque
718 540 882 580 madent
910 539 1019 592 quod
1047 540 1241 591 sanguine
1270 539 1454 578 caestus’.

255 609 403 661 excipit
428 607 655 647 Aesonides
685 610 789 644 ‘tuus
818 618 914 656 ergo
941 605 984 642 111
1011 604 1212 642 montibus
1241 604 1344 655 ignis
1630 604 1684 633 755

255 672 352 713 ine?
379 679 468 711 tuas
497 672 604 710 acies
631 669 763 709 medio
792 669 843 708 de
871 669 1029 721 gurgite
1057 668 1176 707 vidi?

254 739 371 785 fatur,
402 744 443 776 et
470 741 674 775 ostentans
702 734 857 786 prolem
884 734 993 772 Iovis
1022 734 1099 772 ‘hic
1126 734 1200 772 tibi
1227 734 1374 772 Pollux

257 803 319 843 en’
349 803 415 850 ait,
446 801 580 840 ‘invito
609 800 728 839 solvit
757 800 820 838 cui
847 805 1010 851 pectore
1038 799 1215 851 poenas‘.

254 868 325 907 ille
352 868 481 906 virum
508 866 614 904 circa
641 865 825 903 mirantia
851 865 1003 903 lumina
1029 865 1167 903 volvit.

255 932 361 971 festa
388 931 532 970 dehinc
558 929 700 969 mediis
727 931 868 968 ineunt
897 929 1081 968 convivia
1107 930 1225 968 tectis
1633 931 1687 961 760

255 1009 565 1048 communesque
592 1000 738 1033 vocant
767 1008 946 1047 superOS,
977 1007 1147 1047 quorum
1177 1000 1291 1033 eruta
1319 1000 1420 1033 nutu

257 1062 469 1114 Bebrycia,
499 1067 540 1099 et
567 1061 669 1098 votis
697 1060 847 1112 pariter
873 1059 1103 1112 praedaque
1133 1060 1328 1098 fruuntur.

149 1187 339 1222 dicandam
364 1185 548 1230 ingentem
580 1184 739 1230 corporis
775 1183 1076 1229 magnitudinem.
1111 1183 1177 1221 cfr.
1203 1183 1289 1226 3203
1315 1183 1441 1219 Manil.
1468 1185 1555 1220 astr.
1580 1184 1631 1226 H,

148 1245 219 1281 923
241 1246 370 1281 asserit
392 1245 485 1280 hanc
510 1244 682 1290 Cytherea
704 1243 773 1279 szbi
790 1254 860 1288 per
883 1243 1003 1278 sidera
1026 1243 1151 1287 sedem,
1190 1243 1249 1278 vel
1273 1242 1506 1278 notissimum
1543 1244 1634 1279 illud

150 1305 197 1341 de
221 1305 445 1350 Polyphemo
483 1304 624 1339 dictum
659 1315 681 1339 a
713 1306 819 1348 Verg.
844 1304 934 1338 Aen.
960 1303 1030 1346 III,
1070 1303 1138 1337 631
1175 1303 1354 1347 iacuitque
1383 1313 1453 1347 per
1490 1307 1634 1338 antrum

151 1365 358 1400 humanm.
406 1374 575 1408 aequoreo
597 1364 744 1399 similem
762 1383 806 1388 —
823 1366 995 1397 monstro:
1022 1362 1140 1407 Apoll.
1159 1362 1228 1403 HI,
1251 1361 1342 1397 1394
1368 1362 1501 1407 κήτεσσι
1525 1362 1631 1408 δομὴν

151 1418 324 1461 &taz-eima
346 1420 486 1461 ἰδέσθαι.

245 1483 325 1520 754.
373 1483 495 1518 mer-ito
522 1503 564 1508 —
590 1482 764 1527 sanquine
787 1482 809 1516 i.
837 1493 867 1517 e.
894 1482 1008 1526 noxio,
1034 1482 1106 1518 vid.
1133 1481 1183 1516 ad
1207 1481 1238 1525 Ι,
1264 1481 1344 1520 726.

244 1542 324 1579 755.
367 1543 499 1587 excipit
523 1553 573 1578 sc.
599 1542 811 1583 orationem,
838 1542 860 1576 1.
876 1554 906 1577 e.
932 1542 1141 1587 respondet,
1165 1543 1215 1577 sic
1239 1541 1283 1587 V,
1303 1541 1388 1583 543;
1414 1541 1501 1586 6723
1526 1541 1631 1587 Verg.

149 1600 240 1638 Aen.
265 1601 327 1644 IV,
354 1602 439 1644 114;
479 1601 545 1637 Ov.
570 1603 658 1638 met
683 1602 726 1642 V,
751 1601 839 1643 5233
866 1601 950 1646 VH,
976 1601 1062 1643 681,
1101 1601 1165 1647 IV,
1191 1600 1261 1636 789
1288 1602 1350 1647 (sc.
1381 1601 1631 1646 interruptum

149 1662 390 1707 sermonem);
416 1660 500 1698 fast.
524 1661 566 1702 V,
592 1660 654 1702 55;
686 1660 745 1697 Sil
771 1660 833 1701 VL
864 1660 954 1702 4303
981 1660 1085 1703 xm,
1111 1660 1200 1702 6873
1227 1659 1319 1698 Stat,
1345 1659 1456 1696 Theb.
1482 1660 1548 1701 XL
1575 1660 1632 1696 75.

243 1721 343 1766 iynes
365 1731 414 1756 sc.
441 1723 642 1755 castrorum
666 1719 773 1764 Lyci;
811 1719 900 1754 1111111
937 1719 1027 1755 dixit
1063 1719 1108 1755 de
1133 1720 1204 1754 hac
1235 1731 1274 1755 re
1299 1719 1501 1754 Valerius
1491 1732 1530 1754 m
1554 1719 1634 1765 ipsa

150 1778 388 1823 navigationis
413 1777 670 1823 descriptione.

245 1837 326 1873 758.
373 1838 486 1872 inviso
511 1837 607 1885 Vat„
632 1838 743 1872 invito
770 1836 938 1873 Schenkl.

245 1895 324 1931 759.
372 1897 488 1932 virum
512 1897 623 1938 circa;
650 1895 720 1932 cfr.
746 1897 791 1932 ad
815 1897 846 1942 Ι,
875 1896 954 1933 151.

245 1954 326 1990 760.
374 1955 478 2000 Verg.
504 1955 594 1990 Aen.
619 1955 650 2000 1,
676 1955 756 1990 638.

244 2013 325 2048 761.
374 2024 569 2049 com-munes
593 2018 678 2049 sunt
703 2014 772 2055 dei,
799 2014 883 2059 quia
917 2018 954 2050 et
965 2014 1188 2059 Argonauffis
1215 2016 1252 2050 et
1277 2014 1525 2059 Mariandynis
1549 2025 1632 2060 per-

151 2072 270 2108 dendo
294 2076 434 2118 Amyco
459 2084 576 2118 aeque
599 2073 779 2119 propitios
804 2084 843 2108 se
868 2073 1132 2118 praestiterant.
1181 2073 1402 2118 Plerumque
1422 2085 1632 2110 communes

153 2131 214 2168 dei
237 2132 449 2178 simpliciter
477 2132 685 2177 significant
698 2132 797 2173 deos,
824 2144 915 2177 quos
941 2133 1091 2168 eosdem
1107 2133 1230 2178 plures
1252 2134 1377 2178 gentes
1391 2133 1450 2169 vel
1464 2133 1630 2169 homines

151 2190 297 2233 habent,
316 2192 358 2226 ut
381 2191 464 2235 VII,
489 2191 574 2233 22&
601 2191 706 2236 Verg.
733 2192 822 2227 Aen.
843 2191 947 2236 VIII,
971 2191 1058 2233 275;
1085 2192 1171 2233 XH,
1190 2191 1280 2234 118;
1306 2192 1411 2238 Prop.
1436 2192 1465 2233 Ι,
1493 2193 1549 2238 11,
1568 2192 1630 2234 16;

151 2248 289 2286 Paulin.
313 2249 396 2286 Nol.
422 2262 452 2285 c.
478 2250 542 2294 XI,
569 2250 614 2285 59
639 2250 691 2285 sic
716 2252 833 2286 Deum
858 2251 950 2286 dicit
974 2262 1187 2286 communem
1206 2255 1359 2295 patrem.

245 2313 347 2345 erma
372 2330 417 2336 —
442 2310 618 2355 Bebrycia
642 2310 664 2345 i.
684 2321 713 2345 e.
740 2313 918 2355 superata,
944 2310 1139 2354 debellata,
1158 2309 1223 2345 cfr.
1251 2310 1343 2347 Stat.
1375 2310 1489 2346 Theb.
1516 2311 1559 2350 V.
1586 2311 1631 2345 75

153 2368 304 2404 aenidos
317 2389 363 2395 —
380 2369 582 2404 ΊἸιναοαθ-
609 2380 743 2415 eruere3
769 2369 815 2404 de
842 2380 881 2404 re
897 2369 971 2404 vid.
988 2381 1020 2406 v.
1037 2369 1127 2416 5893
1146 2369 1231 2416 739;
1251 2370 1366 2415 Apoll.
1383 2370 1434 2413 H,
1449 2369 1517 2404 138
1527 2381 1629 2415 seqq.

246 2427 326 2465 762.
374 2428 434 2463 Ad
456 2428 546 2463 votis
571 2428 844 2463 substantivum
875 2428 992 2474 figura
1017 2429 1213 2474 zeugmatis
1249 2429 1396 2465 videtur
1421 2429 1629 2465 addendum

152 2491 370 2531 umanum,
394 2487 585 2532 indulgent.
636 2488 797 2532 Wagner
823 2487 983 2533 explicat
1013 2489 1122 2524 verba
1156 2490 1247 2524 votis
1275 2510 1317 2515 —
1340 2489 1515 2531 fruuntur
1542 2488 1626 2523 ‘lae-

152 2547 275 2580 tantm
298 2546 394 2582 felici
418 2548 574 2591 eventu’,
600 2557 690 2592 quae
716 2547 899 2583 sententia
923 2547 984 2581 vix
1009 2548 1135 2583 verbis
1160 2549 1308 2584 subesse
1335 2548 1471 2593 potest.
