1890 3100
15 2626 68 2659 ..ξ

30 2791 31 2794 ,
43 2767 77 2798 *j

530 264 920 301 ARGONAVTIOOR
943 264 1092 299 LIBER
1115 264 1181 300 IV.
1431 310 1435 312 ,
1537 265 1625 308 325

249 384 375 436 (certe
403 384 506 422 haec
533 384 656 436 digna
682 384 840 436 manus)
868 397 1123 435 vacuumque
1151 383 1280 422 exibis
1307 382 1350 420 in
1376 394 1536 434 aequor,

246 449 430 500 proxima
455 462 582 500 regna
608 449 723 501 Lyci,
750 454 903 488 remeat
931 449 1001 500 qni
1027 449 1157 486 victor
1183 448 1234 486 ab
1264 448 1343 486 oris

247 514 478 565 Bebryciis:
522 521 606 552 toto
633 527 715 552 non
741 513 849 552 ullus
875 513 994 552 litore
1020 513 1140 551 Ponti
1625 520 1682 550 5⁰0

246 580 389 618 mitior.
445 580 511 618 hic
538 579 645 618 lecto
673 579 860 618 comitum
887 578 938 617 de
966 579 1111 617 robore
1140 580 1295 631 siquem

245 645 464 696 perculerit
490 645 623 683 vicina
648 644 749 691 lues,
778 657 831 682 ne
859 643 988 682 defice
1016 657 1134 682 casus

244 709 440 761 praedicti
466 723 630 757 memor,
658 715 780 761 atque
809 710 962 747 animos
991 710 1157 761 accinge
1184 709 1340 748 futuris.

245 774 329 813 illic
359 775 570 827 pestiferas
600 775 738 813 subter
765 775 860 826 iuga
887 788 1066 813 concava
1091 781 1255 827 torquet

246 840 349 878 alter
375 853 500 892 aquas
528 841 718 878 Acheron
744 847 941 892 vastoque
971 839 1150 878 exundat
1176 840 1289 878 hiatu
1625 839 1681 869 5⁰⁶

244 905 403 944 fumeus
434 912 474 944 et
502 918 626 944 saeva
653 906 834 958 sequitur
861 905 1033 957 caligine
1062 919 1242 957 campos:

243 970 382 1023 linque
410 984 574 1022 gravem
588 971 767 1009 'fluvium
795 977 836 1009 et
863 971 1019 1009 miseris
1048 984 1123 1009 sua
1148 971 1233 1009 fata
1261 971 1425 1010 colonis.

245 1036 303 1074 sic
331 1049 491 1088 quoque
519 1049 600 1074 non
628 1049 708 1074 uno
737 1036 896 1074 dabitur
922 1042 1196 1075 transcurrere
1225 1036 1350 1074 luctu.

245 1100 342 1153 qnid
368 1101 442 1139 tibi
468 1100 654 1139 nubifera
682 1107 912 1152 surgentem
941 1114 1041 1152 rupe
1070 1100 1298 1149 Carambin,

245 1165 342 1218 quid
368 1179 597 1212 memorem,
628 1179 728 1218 quas
756 1166 831 1204 Iris
860 1179 986 1218 aquas
1014 1173 1084 1204 aut
1110 1172 1296 1219 torqueat
1324 1167 1495 1206 Ancon?
1625 1170 1681 1199 6⁰⁰

244 1231 425 1283 proxima
450 1231 710 1269 Thermodon
735 1231 800 1269 hic
828 1232 908 1270 iam
936 1239 1049 1270 secat
1075 1245 1193 1270 arva:
1221 1234 1442 1271 memento!

244 1295 385 1334 inclita
411 1295 707 1334 Amazonidum
736 1310 963 1348 magnoque
993 1303 1134 1335 exorta
1161 1296 1340 1336 Gradivo

246 1375 349 1413 gens
376 1361 449 1409 ibi3
492 1361 687 1400 femineas
715 1375 791 1400 nec
818 1368 864 1400 tu
891 1376 998 1401 nunc
1027 1362 1147 1401 crede
1175 1370 1371 1410 catervas,

246 1416 319 1466 sed
348 1426 490 1479 qualis,
520 1427 593 1465 sed
621 1434 773 1479 quauta
799 1428 895 1465 viris
923 1428 1088 1466 insultat
1116 1428 1238 1479 Enyo

244 1491 416 1544 divaque
446 1491 651 1543 Gorgonei
678 1493 875 1543 gestatrix
902 1493 1054 1531 innuba
1080 1494 1256 1532 monstri,
1622 1490 1679 1519 ⁶⁰⁵

225 1598 311 1640 588.
360 1605 447 1639 haec
470 1616 542 1640 om.
570 1605 667 1648 Vat„
693 1605 780 1640 add.
806 1605 1007 1640 Burmann.

233 1663 315 1700 589.
360 1668 494 1698 maneat
517 1665 579 1708 qui
602 1664 714 1699 victor
738 1665 783 1699 ab
807 1665 898 1699 oris:
937 1665 1023 1700 Luc.
1050 1664 1101 1705 Π,
1127 1665 1208 1701 553.

229 1722 310 1758 592.
358 1724 478 1758 vie-'na
513 1723 597 1769 lues,
637 1734 731 1768 quae
772 1723 811 1758 in
853 1723 991 1758 vicinia
1031 1724 1152 1759 saevit
1166 1754 1174 1769 ,
1219 1724 1267 1760 de
1309 1736 1383 1770 qua
1423 1726 1623 1771 exponitur

133 1781 205 1818 594
319 1809 329 1818 .

228 1793 320 1877 &q
359 1841 416 1877 De
447 1852 489 1876 re
515 1841 582 1877 cfr.
609 1842 729 1887 Apoll.
755 1842 806 1888 H,
830 1842 900 1877 353
935 1841 1036 1888 seqq.
1070 1855 1154 1878 cum
1179 1844 1296 1879 schol.
1325 1846 1364 1879 et
1388 1845 1544 1880 Prelleri
1567 1858 1624 1891 gr.

132 1900 290 1946 mythol.
314 1900 351 1935 1⁴
375 1900 445 1935 754
471 1902 511 1936 et
534 1900 616 1936 811.

229 1959 301 1995 596
323 1960 465 2003 summ
487 1959 509 1995 i.
536 1971 567 1996 e.
592 1960 803 2005 nebulosus,
829 1960 896 1995 cfr.
923 1961 973 1995 ad
997 1961 1101 1997 VIII.
1126 1962 1208 1997 452.

226 2020 389 2064 nequitie
413 2018 573 2054 fortasse
597 2019 896 2064 intenegendum
920 2021 1116 2055 insectatur
1151 2023 1194 2055 ut
1219 2022 1263 2062 V,
1288 2021 1368 2067 656,
1407 2022 1475 2058 sed
1512 2022 1624 2059 valde

54 2082 63 2134 .
132 2077 339 2124 probabilis
364 2077 580 2114 coniectura
604 2078 821 2113 Marklandi
846 2080 980 2124 tegitur
1002 2103 1046 2108 —
1071 2091 1230 2124 campus.

227 2136 308 2173 588.
357 2137 544 2182 Tangitur
567 2148 667 2172 mors
691 2137 858 2173 Idmonis
890 2140 929 2173 et
953 2137 1107 2183 Tiphyis
1131 2141 1286 2174 narrata
1310 2142 1353 2181 V,
1380 2141 1401 2174 1
1426 2151 1528 2186 seqq.

227 2195 308 2232 599.
360 2195 546 2232 Carambis
581 2196 669 2231 urbs
707 2198 747 2232 et
782 2198 1074 2242 promontorium
1109 2198 1402 2246 Paphlagoniae,
1426 2199 1519 2234 Plin.
1546 2202 1626 2238 nat.

6 2293 10 2311 ζ
132 2253 221 2290 hiat.
244 2254 311 2295 vl,
336 2255 369 2290 6.

226 2313 308 2350 600.
355 2314 476 2360 Apoll.
490 2314 541 2358 Π,
561 2314 631 2349 366
645 2325 719 2360 seq.
746 2315 869 2360 Halyn
883 2317 922 2351 et
939 2316 1028 2351 Irim
1042 2316 1173 2351 fluvios
1186 2317 1364 2361 nominat,
1391 2317 1498 2353 huius
1524 2318 1626 2364 apud

0 2362 16 2404 Ᾰζ
50 2355 72 2411 ³.
134 2372 271 2409 oeh'nm
293 2373 407 2409 situm
432 2375 517 2409 erat
528 2375 656 2409 Ancon
669 2373 864 2419 oppidum
878 2374 1050 2410 Valerius
1064 2375 1216 2410 fluvium
1231 2388 1312 2412 esse
1330 2377 1422 2411 dicit
1436 2377 1617 2423 deceptus

11 2443 25 2455 ⁶
50 2440 72 2484 J,
133 2431 179 2467 ut
198 2431 359 2474 videtur,
384 2433 467 2468 loco
492 2432 678 2478 Apollonii
703 2433 805 2468 male
829 2433 1040 2475 intellecto;
1086 2437 1218 2480 portus
1249 2436 1371 2471 Acone
1401 2436 1624 2481 nominatur.

133 2499 160 2526 t
180 2489 277 2528 Plin.
299 2493 375 2527 nat.
400 2491 486 2527 hist.
511 2491 575 2537 VI,
599 2492 641 2532 4;
683 2492 803 2528 Amm.
830 2492 945 2529 Marc.
971 2493 1088 2534 XXII.
1115 2494 1148 2538 8,
1176 2495 1233 2530 17.

228 2549 309 2586 601.
363 2550 583 2586 Thermodon
606 2550 739 2586 fluvius
763 2551 894 2587 fabula
920 2554 1146 2588 Amazonum
1171 2554 1498 2590 celebratissimus,

228 2607 310 2646 ΕΒ.
357 2621 421 2645 noc
444 2631 487 2636 —
514 2610 623 2655 crede,
647 2609 722 2645 vid.
749 2610 800 2645 ad
823 2610 854 2651 Ι,
881 2612 961 2647 175.

228 2678 327 2703 nunc
349 2668 373 2704 i.
400 2680 432 2704 e.
458 2680 543 2704 cnm
567 2680 629 2704 me
651 2670 747 2704 haec
764 2672 982 2707 narrantem
1008 2673 1126 2709 audis.

224 2726 310 2764 604.
360 2731 392 2763 et
416 2733 552 2773 quanta
575 2727 680 2769 Vat.;
706 2728 770 2763 sed
793 2734 930 2773 quanta
955 2732 1053 2768 Pius.

1339 2791 1409 2824 21*
