<?xml version="1.0" encoding="UTF-8"?>
<!DOCTYPE html PUBLIC "-//W3C//DTD XHTML 1.0 Transitional//EN"
    "http://www.w3.org/TR/xhtml1/DTD/xhtml1-transitional.dtd">
<html xmlns="http://www.w3.org/1999/xhtml" xml:lang="en" lang="en">
 <head>
  <title>
</title>
<meta http-equiv="Content-Type" content="text/html;charset=utf-8" />
  <meta name='ocr-system' content='tesseract 3.04.00' />
  <meta name='ocr-capabilities' content='ocr_page ocr_carea ocr_par ocr_line ocrx_word'/>
</head>
<body>
  <div class='ocr_page' id='page_1' title='image "argonauticonlibr00valeuoft_0448.png"; bbox 0 0 1890 3100; ppageno 0'>
   <div class='ocr_carea' id='block_1_1' title="bbox 223 262 1190 312">
    <p class='ocr_par' dir='ltr' id='par_1_1' title="bbox 223 262 1190 312">
     <span class='ocr_line' id='line_1_1' title="bbox 223 262 1190 312; baseline -0.01 -5"><span class='ocrx_word' id='word_1_1' title='bbox 223 263 310 307; x_wconf 85' lang='lat'><strong>430</strong></span> <span class='ocrx_word' id='word_1_2' title='bbox 617 308 621 312; x_wconf 49' lang='grc'>,</span> <span class='ocrx_word' id='word_1_3' title='bbox 745 262 781 298; x_wconf 85' lang='lat' dir='ltr'><strong>c.</strong></span> <span class='ocrx_word' id='word_1_4' title='bbox 808 263 989 299; x_wconf 80' lang='lat' dir='ltr'>VALERI</span> <span class='ocrx_word' id='word_1_5' title='bbox 1015 262 1190 298; x_wconf 81' lang='lat' dir='ltr'>FLACCI</span> 
     </span>
    </p>
   </div>
   <div class='ocr_carea' id='block_1_2' title="bbox 262 380 1775 1219">
    <p class='ocr_par' dir='ltr' id='par_1_2' title="bbox 262 380 1775 1219">
     <span class='ocr_line' id='line_1_2' title="bbox 331 380 1445 436; baseline 0.001 -17"><span class='ocrx_word' id='word_1_6' title='bbox 331 380 437 419; x_wconf 86' lang='lat' dir='ltr'><strong>dicta</strong></span> <span class='ocrx_word' id='word_1_7' title='bbox 464 388 600 420; x_wconf 86' lang='lat' dir='ltr'><strong>manet</strong></span> <span class='ocrx_word' id='word_1_8' title='bbox 627 388 867 435; x_wconf 87' lang='lat' dir='ltr'><strong>nostrosque</strong></span> <span class='ocrx_word' id='word_1_9' title='bbox 894 383 998 422; x_wconf 86' lang='lat' dir='ltr'><strong>feret</strong></span> <span class='ocrx_word' id='word_1_10' title='bbox 1026 383 1094 436; x_wconf 88' lang='lat' dir='ltr'><strong>qui</strong></span> <span class='ocrx_word' id='word_1_11' title='bbox 1121 383 1249 421; x_wconf 89' lang='lat' dir='ltr'><strong>victor</strong></span> <span class='ocrx_word' id='word_1_12' title='bbox 1276 394 1445 421; x_wconf 85' lang='lat' dir='ltr'><strong>amores.</strong></span> 
     </span>
     <span class='ocr_line' id='line_1_3' title="bbox 328 447 1298 500; baseline 0 -15"><span class='ocrx_word' id='word_1_13' title='bbox 328 447 420 485; x_wconf 84' lang='lat' dir='ltr'><strong>non&#39;</strong></span> <span class='ocrx_word' id='word_1_14' title='bbox 452 448 507 485; x_wconf 88' lang='lat' dir='ltr'><strong>ait</strong></span> <span class='ocrx_word' id='word_1_15' title='bbox 537 448 753 500; x_wconf 77' lang='lat' dir='ltr'><strong>‘invitoque</strong></span> <span class='ocrx_word' id='word_1_16' title='bbox 782 462 908 500; x_wconf 88' lang='lat' dir='ltr'><strong>gener</strong></span> <span class='ocrx_word' id='word_1_17' title='bbox 935 449 1143 487; x_wconf 82' lang='lat' dir='ltr'>mutabere</span> <span class='ocrx_word' id='word_1_18' title='bbox 1171 447 1298 500; x_wconf 88' lang='lat' dir='ltr'><strong>patri&#39;.</strong></span> 
     </span>
     <span class='ocr_line' id='line_1_4' title="bbox 262 514 1768 568; baseline 0 -17"><span class='ocrx_word' id='word_1_19' title='bbox 262 560 266 568; x_wconf 44' lang='grc' dir='ltr'><strong><em>Ι</em></strong></span> <span class='ocrx_word' id='word_1_20' title='bbox 330 518 413 551; x_wconf 91' lang='lat' dir='ltr'><strong>tum</strong></span> <span class='ocrx_word' id='word_1_21' title='bbox 444 514 560 552; x_wconf 90' lang='lat' dir='ltr'><strong>simul</strong></span> <span class='ocrx_word' id='word_1_22' title='bbox 590 514 780 553; x_wconf 86' lang='lat' dir='ltr'><strong>adversas</strong></span> <span class='ocrx_word' id='word_1_23' title='bbox 810 514 978 553; x_wconf 91' lang='lat' dir='ltr'><strong>conlatis</strong></span> <span class='ocrx_word' id='word_1_24' title='bbox 1012 515 1193 554; x_wconf 86' lang='lat' dir='ltr'><strong>cursibus</strong></span> <span class='ocrx_word' id='word_1_25' title='bbox 1221 515 1375 553; x_wconf 79' lang='lat' dir='ltr'><strong>hastas·</strong></span> <span class='ocrx_word' id='word_1_26' title='bbox 1427 556 1431 560; x_wconf 47' lang='lat'><em>,</em></span> <span class='ocrx_word' id='word_1_27' title='bbox 1712 519 1768 551; x_wconf 83' lang='grc'><strong>270</strong></span> 
     </span>
     <span class='ocr_line' id='line_1_5' title="bbox 331 579 1302 631; baseline 0.001 -15"><span class='ocrx_word' id='word_1_28' title='bbox 331 579 550 627; x_wconf 79' lang='lat' dir='ltr'><strong>coniciunt3</strong></span> <span class='ocrx_word' id='word_1_29' title='bbox 579 580 682 631; x_wconf 83' lang='lat' dir='ltr'><strong>fugit</strong></span> <span class='ocrx_word' id='word_1_30' title='bbox 711 579 892 619; x_wconf 80' lang='lat' dir='ltr'><strong>adductis</strong></span> <span class='ocrx_word' id='word_1_31' title='bbox 921 580 1104 619; x_wconf 87' lang='lat' dir='ltr'><strong>Albanus</strong></span> <span class='ocrx_word' id='word_1_32' title='bbox 1133 580 1302 619; x_wconf 87' lang='lat' dir='ltr'><strong>habenis</strong></span> 
     </span>
     <span class='ocr_line' id='line_1_6' title="bbox 333 645 1413 698; baseline 0.001 -16"><span class='ocrx_word' id='word_1_33' title='bbox 333 645 491 683; x_wconf 89' lang='lat' dir='ltr'><strong>saucius</strong></span> <span class='ocrx_word' id='word_1_34' title='bbox 521 651 643 698; x_wconf 86' lang='lat' dir='ltr'><strong>atque</strong></span> <span class='ocrx_word' id='word_1_35' title='bbox 670 645 808 684; x_wconf 88' lang='lat' dir='ltr'><strong>datum</strong></span> <span class='ocrx_word' id='word_1_36' title='bbox 836 646 919 685; x_wconf 91' lang='lat' dir='ltr'><strong>leto</strong></span> <span class='ocrx_word' id='word_1_37' title='bbox 947 660 1029 684; x_wconf 92' lang='lat' dir='ltr'><strong>non</strong></span> <span class='ocrx_word' id='word_1_38' title='bbox 1058 651 1192 697; x_wconf 78' lang='lat' dir='ltr'><strong>sperat</strong></span> <span class='ocrx_word' id='word_1_39' title='bbox 1219 645 1413 692; x_wconf 86' lang='lat' dir='ltr'><strong>Anausin,</strong></span> 
     </span>
     <span class='ocr_line' id='line_1_7' title="bbox 331 709 1419 750; baseline 0 -2"><span class='ocrx_word' id='word_1_40' title='bbox 331 724 407 749; x_wconf 90' lang='lat' dir='ltr'><strong>nec</strong></span> <span class='ocrx_word' id='word_1_41' title='bbox 435 709 557 749; x_wconf 84' lang='lat' dir='ltr'><strong>videt.</strong></span> <span class='ocrx_word' id='word_1_42' title='bbox 614 711 684 750; x_wconf 88' lang='lat' dir='ltr'><strong>ille</strong></span> <span class='ocrx_word' id='word_1_43' title='bbox 714 717 848 750; x_wconf 86' lang='lat' dir='ltr'><strong>autem</strong></span> <span class='ocrx_word' id='word_1_44' title='bbox 876 712 958 750; x_wconf 88' lang='lat' dir='ltr'><strong>telo</strong></span> <span class='ocrx_word' id='word_1_45' title='bbox 987 710 1246 750; x_wconf 86' lang='lat' dir='ltr'><strong>moribundus</strong></span> <span class='ocrx_word' id='word_1_46' title='bbox 1276 710 1419 749; x_wconf 86' lang='lat' dir='ltr'><strong>adacto</strong></span> 
     </span>
     <span class='ocr_line' id='line_1_8' title="bbox 333 775 1453 829; baseline 0 -15"><span class='ocrx_word' id='word_1_47' title='bbox 333 776 396 815; x_wconf 84' lang='lat' dir='ltr'><strong>‘ad</strong></span> <span class='ocrx_word' id='word_1_48' title='bbox 425 789 585 815; x_wconf 81' lang='lat' dir='ltr'><strong>soceros</strong></span> <span class='ocrx_word' id='word_1_49' title='bbox 613 782 838 829; x_wconf 84' lang='lat' dir='ltr'><strong>pactaeque</strong></span> <span class='ocrx_word' id='word_1_50' title='bbox 869 777 978 815; x_wconf 92' lang='lat' dir='ltr'><strong>sinus</strong></span> <span class='ocrx_word' id='word_1_51' title='bbox 1008 790 1059 815; x_wconf 90' lang='lat' dir='ltr'><strong>en</strong></span> <span class='ocrx_word' id='word_1_52' title='bbox 1088 776 1293 828; x_wconf 85' lang='lat' dir='ltr'><strong>coniugis&#39;‚</strong></span> <span class='ocrx_word' id='word_1_53' title='bbox 1323 775 1453 828; x_wconf 90' lang='lat' dir='ltr'><strong>inquit</strong></span> 
     </span>
     <span class='ocr_line' id='line_1_9' title="bbox 333 840 1772 894; baseline -0.001 -14"><span class='ocrx_word' id='word_1_54' title='bbox 333 841 478 893; x_wconf 67' lang='lat' dir='ltr'><strong>‘Styx-(3,</strong></span> <span class='ocrx_word' id='word_1_55' title='bbox 508 841 626 893; x_wconf 81' lang='lat' dir='ltr'><strong>fugis,</strong></span> <span class='ocrx_word' id='word_1_56' title='bbox 655 842 803 880; x_wconf 90' lang='lat' dir='ltr'><strong>vulnus</strong></span> <span class='ocrx_word' id='word_1_57' title='bbox 832 842 1024 890; x_wconf 86' lang='lat' dir='ltr'><strong>referens,</strong></span> <span class='ocrx_word' id='word_1_58' title='bbox 1056 841 1162 894; x_wconf 86' lang='lat' dir='ltr'><strong>quod</strong></span> <span class='ocrx_word' id='word_1_59' title='bbox 1192 842 1364 880; x_wconf 83' lang='lat' dir='ltr'><strong>carmine</strong></span> <span class='ocrx_word' id='word_1_60' title='bbox 1393 840 1504 879; x_wconf 93' lang='lat' dir='ltr'><strong>nullo</strong></span> <span class='ocrx_word' id='word_1_61' title='bbox 1717 856 1772 887; x_wconf 78' lang='lat'><strong>275</strong></span> 
     </span>
     <span class='ocr_line' id='line_1_10' title="bbox 333 907 1294 959; baseline 0 -14"><span class='ocrx_word' id='word_1_62' title='bbox 333 907 529 946; x_wconf 86' lang='lat' dir='ltr'><strong>sustineat</strong></span> <span class='ocrx_word' id='word_1_63' title='bbox 557 907 760 959; x_wconf 89' lang='lat' dir='ltr'><strong>nullisque</strong></span> <span class='ocrx_word' id='word_1_64' title='bbox 789 907 900 945; x_wconf 87' lang='lat' dir='ltr'><strong>levet</strong></span> <span class='ocrx_word' id='word_1_65' title='bbox 927 907 1074 946; x_wconf 83' lang='lat' dir='ltr'><strong>Medea</strong></span> <span class='ocrx_word' id='word_1_66' title='bbox 1101 907 1294 946; x_wconf 87' lang='lat' dir='ltr'><strong>venenis’.</strong></span> 
     </span>
     <span class='ocr_line' id='line_1_11' title="bbox 334 972 1372 1024; baseline 0 -14"><span class='ocrx_word' id='word_1_67' title='bbox 334 972 501 1020; x_wconf 85' lang='lat' dir='ltr'><strong>dixerat,</strong></span> <span class='ocrx_word' id='word_1_68' title='bbox 532 978 734 1011; x_wconf 84' lang='lat' dir='ltr'><strong>extremus</strong></span> <span class='ocrx_word' id='word_1_69' title='bbox 765 986 855 1010; x_wconf 90' lang='lat' dir='ltr'><strong>cum</strong></span> <span class='ocrx_word' id='word_1_70' title='bbox 883 972 1035 1011; x_wconf 86' lang='lat' dir='ltr'><strong>lumina</strong></span> <span class='ocrx_word' id='word_1_71' title='bbox 1064 973 1224 1024; x_wconf 86' lang='lat' dir='ltr'><strong>corripit</strong></span> <span class='ocrx_word' id='word_1_72' title='bbox 1253 985 1372 1020; x_wconf 87' lang='lat' dir='ltr'><strong>error,</strong></span> 
     </span>
     <span class='ocr_line' id='line_1_12' title="bbox 334 1037 1478 1090; baseline 0 -14"><span class='ocrx_word' id='word_1_73' title='bbox 334 1050 495 1090; x_wconf 83' lang='lat' dir='ltr'><strong>voxque</strong></span> <span class='ocrx_word' id='word_1_74' title='bbox 523 1050 709 1089; x_wconf 86' lang='lat' dir='ltr'><strong>repressa</strong></span> <span class='ocrx_word' id='word_1_75' title='bbox 738 1037 833 1089; x_wconf 88' lang='lat' dir='ltr'><strong>gelu</strong></span> <span class='ocrx_word' id='word_1_76' title='bbox 861 1051 1134 1090; x_wconf 88' lang='lat' dir='ltr'><strong>percussaque</strong></span> <span class='ocrx_word' id='word_1_77' title='bbox 1162 1038 1315 1076; x_wconf 86' lang='lat' dir='ltr'><strong>vertice</strong></span> <span class='ocrx_word' id='word_1_78' title='bbox 1342 1037 1478 1076; x_wconf 89' lang='lat' dir='ltr'><strong>tellus.</strong></span> 
     </span>
     <span class='ocr_line' id='line_1_13' title="bbox 387 1102 1398 1155; baseline 0 -15"><span class='ocrx_word' id='word_1_79' title='bbox 387 1102 494 1140; x_wconf 90' lang='lat' dir='ltr'><strong>Hinc</strong></span> <span class='ocrx_word' id='word_1_80' title='bbox 523 1103 676 1141; x_wconf 88' lang='lat' dir='ltr'><strong>animos</strong></span> <span class='ocrx_word' id='word_1_81' title='bbox 706 1103 813 1141; x_wconf 85' lang='lat' dir='ltr'><strong>acies</strong></span> <span class='ocrx_word' id='word_1_82' title='bbox 843 1109 966 1154; x_wconf 86' lang='lat' dir='ltr'><strong>auget</strong></span> <span class='ocrx_word' id='word_1_83' title='bbox 993 1116 1220 1155; x_wconf 85' lang='lat' dir='ltr'><strong>magnoque</strong></span> <span class='ocrx_word' id='word_1_84' title='bbox 1250 1102 1398 1141; x_wconf 88' lang='lat' dir='ltr'><strong>doloris</strong></span> 
     </span>
     <span class='ocr_line' id='line_1_14' title="bbox 330 1167 1775 1219; baseline 0.002 -14"><span class='ocrx_word' id='word_1_85' title='bbox 330 1167 490 1206; x_wconf 85' lang='lat' dir='ltr'><strong>turbine</strong></span> <span class='ocrx_word' id='word_1_86' title='bbox 521 1167 775 1207; x_wconf 84' lang='lat' dir='ltr'><strong>Gesandrum</strong></span> <span class='ocrx_word' id='word_1_87' title='bbox 803 1168 963 1206; x_wconf 88' lang='lat' dir='ltr'><strong>Mavors</strong></span> <span class='ocrx_word' id='word_1_88' title='bbox 992 1169 1111 1219; x_wconf 85' lang='lat' dir='ltr'><strong>rapit:</strong></span> <span class='ocrx_word' id='word_1_89' title='bbox 1141 1168 1210 1207; x_wconf 87' lang='lat' dir='ltr'><strong>ille</strong></span> <span class='ocrx_word' id='word_1_90' title='bbox 1239 1173 1439 1206; x_wconf 86' lang='lat' dir='ltr'><strong>morantes</strong></span> <span class='ocrx_word' id='word_1_91' title='bbox 1719 1177 1775 1208; x_wconf 80' lang='lat'><strong>280</strong></span> 
     </span>
    </p>
   </div>
   <div class='ocr_carea' id='block_1_3' title="bbox 223 1254 508 1260">
    <p class='ocr_par' dir='ltr' id='par_1_3' title="bbox 223 1254 508 1260">
     <span class='ocr_line' id='line_1_15' title="bbox 223 1254 508 1260; baseline 0 0"><span class='ocrx_word' id='word_1_92' title='bbox 223 1254 508 1260; x_wconf 95' lang='lat' dir='ltr'><strong> </strong></span> 
     </span>
    </p>
   </div>
   <div class='ocr_carea' id='block_1_4' title="bbox 224 1298 1727 2769">
    <p class='ocr_par' dir='ltr' id='par_1_4' title="bbox 224 1298 1716 1464">
     <span class='ocr_line' id='line_1_16' title="bbox 319 1298 1714 1346; baseline 0 -12"><span class='ocrx_word' id='word_1_93' title='bbox 319 1298 400 1335; x_wconf 89' lang='lat'><strong>269.</strong></span> <span class='ocrx_word' id='word_1_94' title='bbox 450 1300 502 1334; x_wconf 82' lang='lat' dir='ltr'><strong>ait</strong></span> <span class='ocrx_word' id='word_1_95' title='bbox 528 1299 584 1346; x_wconf 27' lang='lat' dir='ltr'><strong>add</strong></span> <span class='ocrx_word' id='word_1_96' title='bbox 609 1299 769 1335; x_wconf 86' lang='lat' dir='ltr'><strong>alteram</strong></span> <span class='ocrx_word' id='word_1_97' title='bbox 795 1298 945 1334; x_wconf 87' lang='lat' dir='ltr'><strong>demum</strong></span> <span class='ocrx_word' id='word_1_98' title='bbox 970 1299 1199 1335; x_wconf 82' lang='lat' dir='ltr'><strong>sententiam</strong></span> <span class='ocrx_word' id='word_1_99' title='bbox 1225 1299 1397 1334; x_wconf 77' lang='lat' dir='ltr'><strong>additum</strong></span> <span class='ocrx_word' id='word_1_100' title='bbox 1422 1298 1616 1335; x_wconf 79' lang='lat' dir='ltr'><strong>offensioni</strong></span> <span class='ocrx_word' id='word_1_101' title='bbox 1641 1298 1714 1334; x_wconf 88' lang='lat' dir='ltr'><strong>fuit</strong></span> 
     </span>
     <span class='ocr_line' id='line_1_17' title="bbox 224 1357 1716 1405; baseline 0.001 -11"><span class='ocrx_word' id='word_1_102' title='bbox 224 1359 422 1405; x_wconf 80' lang='lat' dir='ltr'><strong>nonnullis,</strong></span> <span class='ocrx_word' id='word_1_103' title='bbox 459 1359 526 1395; x_wconf 82' lang='lat' dir='ltr'><strong>sed</strong></span> <span class='ocrx_word' id='word_1_104' title='bbox 551 1358 619 1395; x_wconf 88' lang='lat' dir='ltr'><strong>cfr.</strong></span> <span class='ocrx_word' id='word_1_105' title='bbox 646 1358 706 1404; x_wconf 76' lang='lat' dir='ltr'><strong>lv,</strong></span> <span class='ocrx_word' id='word_1_106' title='bbox 734 1358 797 1401; x_wconf 86' lang='lat'><strong>79;</strong></span> <span class='ocrx_word' id='word_1_107' title='bbox 837 1359 884 1394; x_wconf 88' lang='lat' dir='ltr'><strong>de</strong></span> <span class='ocrx_word' id='word_1_108' title='bbox 909 1370 982 1394; x_wconf 76' lang='lat' dir='ltr'><strong>non</strong></span> <span class='ocrx_word' id='word_1_109' title='bbox 1005 1358 1192 1404; x_wconf 82' lang='lat' dir='ltr'><strong>particula</strong></span> <span class='ocrx_word' id='word_1_110' title='bbox 1224 1359 1303 1395; x_wconf 81' lang='lat' dir='ltr'><strong>sine</strong></span> <span class='ocrx_word' id='word_1_111' title='bbox 1334 1359 1451 1394; x_wconf 85' lang='lat' dir='ltr'><strong>verbo</strong></span> <span class='ocrx_word' id='word_1_112' title='bbox 1486 1358 1613 1404; x_wconf 79' lang='lat' dir='ltr'><strong>posita</strong></span> <span class='ocrx_word' id='word_1_113' title='bbox 1649 1357 1716 1395; x_wconf 84' lang='lat' dir='ltr'><strong>cfr.</strong></span> 
     </span>
     <span class='ocr_line' id='line_1_18' title="bbox 225 1417 652 1464; baseline 0 -11"><span class='ocrx_word' id='word_1_114' title='bbox 225 1419 336 1464; x_wconf 82' lang='lat' dir='ltr'><strong>Verg.</strong></span> <span class='ocrx_word' id='word_1_115' title='bbox 362 1420 453 1455; x_wconf 82' lang='lat' dir='ltr'><strong>Aen.</strong></span> <span class='ocrx_word' id='word_1_116' title='bbox 480 1418 544 1460; x_wconf 85' lang='lat' dir='ltr'><strong>IX,</strong></span> <span class='ocrx_word' id='word_1_117' title='bbox 569 1417 652 1454; x_wconf 87' lang='lat'><strong>208.</strong></span> 
     </span>
    </p>

    <p class='ocr_par' dir='ltr' id='par_1_5' title="bbox 319 1477 1606 1523">
     <span class='ocr_line' id='line_1_19' title="bbox 319 1477 1606 1523; baseline 0.001 -10"><span class='ocrx_word' id='word_1_118' title='bbox 319 1478 401 1513; x_wconf 92' lang='lat'><strong>272.</strong></span> <span class='ocrx_word' id='word_1_119' title='bbox 450 1482 554 1523; x_wconf 77' lang='lat' dir='ltr'><strong>atque</strong></span> <span class='ocrx_word' id='word_1_120' title='bbox 580 1498 624 1504; x_wconf 88' lang='lat'>—</span> <span class='ocrx_word' id='word_1_121' title='bbox 649 1489 723 1513; x_wconf 79' lang='lat' dir='ltr'><strong>non</strong></span> <span class='ocrx_word' id='word_1_122' title='bbox 746 1481 884 1522; x_wconf 77' lang='lat' dir='ltr'><strong>sperat:</strong></span> <span class='ocrx_word' id='word_1_123' title='bbox 911 1477 979 1514; x_wconf 89' lang='lat' dir='ltr'><strong>cfr.</strong></span> <span class='ocrx_word' id='word_1_124' title='bbox 1005 1477 1065 1519; x_wconf 89' lang='lat' dir='ltr'><strong>IV,</strong></span> <span class='ocrx_word' id='word_1_125' title='bbox 1094 1477 1162 1512; x_wconf 86' lang='lat'><strong>154</strong></span> <span class='ocrx_word' id='word_1_126' title='bbox 1187 1481 1292 1522; x_wconf 79' lang='lat' dir='ltr'><strong>atque</strong></span> <span class='ocrx_word' id='word_1_127' title='bbox 1317 1498 1360 1504; x_wconf 97' lang='lat'>—</span> <span class='ocrx_word' id='word_1_128' title='bbox 1386 1489 1431 1513; x_wconf 76' lang='lat' dir='ltr'><strong>ne</strong></span> <span class='ocrx_word' id='word_1_129' title='bbox 1454 1479 1606 1514; x_wconf 76' lang='lat' dir='ltr'><strong>temnite.</strong></span> 
     </span>
    </p>

    <p class='ocr_par' dir='ltr' id='par_1_6' title="bbox 225 1536 1708 1644">
     <span class='ocr_line' id='line_1_20' title="bbox 320 1536 1708 1583; baseline 0.001 -10"><span class='ocrx_word' id='word_1_130' title='bbox 320 1539 401 1573; x_wconf 89' lang='lat'><strong>274.</strong></span> <span class='ocrx_word' id='word_1_131' title='bbox 453 1538 501 1572; x_wconf 84' lang='lat' dir='ltr'><strong>ad</strong></span> <span class='ocrx_word' id='word_1_132' title='bbox 523 1548 662 1573; x_wconf 76' lang='lat' dir='ltr'><strong>soceros</strong></span> <span class='ocrx_word' id='word_1_133' title='bbox 689 1536 1055 1582; x_wconf 68' lang='lat' dir='ltr'><strong>‘Schwiegereltern&#39;‚</strong></span> <span class='ocrx_word' id='word_1_134' title='bbox 1095 1536 1162 1572; x_wconf 88' lang='lat' dir='ltr'><strong>cfr.</strong></span> <span class='ocrx_word' id='word_1_135' title='bbox 1196 1537 1224 1578; x_wconf 89' lang='grc' dir='ltr'><strong>Ι,</strong></span> <span class='ocrx_word' id='word_1_136' title='bbox 1264 1537 1350 1580; x_wconf 85' lang='grc'>403;</span> <span class='ocrx_word' id='word_1_137' title='bbox 1388 1537 1501 1583; x_wconf 79' lang='lat' dir='ltr'><strong>Verg.</strong></span> <span class='ocrx_word' id='word_1_138' title='bbox 1539 1538 1632 1574; x_wconf 88' lang='lat' dir='ltr'><strong>Aen.</strong></span> <span class='ocrx_word' id='word_1_139' title='bbox 1668 1537 1708 1574; x_wconf 92' lang='grc' dir='ltr'>Π</span> 
     </span>
     <span class='ocr_line' id='line_1_21' title="bbox 225 1596 891 1644; baseline 0.002 -12"><span class='ocrx_word' id='word_1_140' title='bbox 225 1597 313 1644; x_wconf 78' lang='grc'><strong>457;</strong></span> <span class='ocrx_word' id='word_1_141' title='bbox 339 1597 386 1637; x_wconf 82' lang='grc' dir='ltr'><strong>Χ,</strong></span> <span class='ocrx_word' id='word_1_142' title='bbox 414 1596 479 1639; x_wconf 89' lang='grc'><strong>79;</strong></span> <span class='ocrx_word' id='word_1_143' title='bbox 507 1597 573 1632; x_wconf 89' lang='lat' dir='ltr'><strong>Ov.</strong></span> <span class='ocrx_word' id='word_1_144' title='bbox 599 1598 689 1633; x_wconf 89' lang='lat' dir='ltr'><strong>met.</strong></span> <span class='ocrx_word' id='word_1_145' title='bbox 715 1596 784 1638; x_wconf 83' lang='grc' dir='ltr'><strong>ΠΙ,</strong></span> <span class='ocrx_word' id='word_1_146' title='bbox 811 1596 891 1633; x_wconf 87' lang='lat'><strong>132.</strong></span> 
     </span>
    </p>

    <p class='ocr_par' dir='ltr' id='par_1_7' title="bbox 228 1655 1725 1940">
     <span class='ocr_line' id='line_1_22' title="bbox 324 1655 1725 1701; baseline 0.001 -10"><span class='ocrx_word' id='word_1_147' title='bbox 324 1656 406 1694; x_wconf 87' lang='lat'><strong>276.</strong></span> <span class='ocrx_word' id='word_1_148' title='bbox 454 1656 550 1701; x_wconf 79' lang='lat' dir='ltr'><strong>quod</strong></span> <span class='ocrx_word' id='word_1_149' title='bbox 572 1656 728 1691; x_wconf 79' lang='lat' dir='ltr'><strong>carmine</strong></span> <span class='ocrx_word' id='word_1_150' title='bbox 751 1656 849 1691; x_wconf 78' lang='lat' dir='ltr'><em>nullo</em></span> <span class='ocrx_word' id='word_1_151' title='bbox 885 1656 1060 1691; x_wconf 77' lang='lat' dir='ltr'><strong>sustineat</strong></span> <span class='ocrx_word' id='word_1_152' title='bbox 1099 1655 1123 1692; x_wconf 88' lang='lat' dir='ltr'><strong>i.</strong></span> <span class='ocrx_word' id='word_1_153' title='bbox 1169 1667 1199 1692; x_wconf 87' lang='lat' dir='ltr'><strong>e.</strong></span> <span class='ocrx_word' id='word_1_154' title='bbox 1227 1656 1403 1692; x_wconf 85' lang='lat' dir='ltr'><strong>cohibeat</strong></span> <span class='ocrx_word' id='word_1_155' title='bbox 1444 1657 1634 1698; x_wconf 86' lang='lat' dir='ltr'><strong>coerceat,</strong></span> <span class='ocrx_word' id='word_1_156' title='bbox 1677 1668 1725 1693; x_wconf 80' lang='lat' dir='ltr'><strong>ne</strong></span> 
     </span>
     <span class='ocr_line' id='line_1_23' title="bbox 228 1715 1724 1762; baseline 0 -10"><span class='ocrx_word' id='word_1_157' title='bbox 228 1716 373 1762; x_wconf 83' lang='lat' dir='ltr'><strong>longius</strong></span> <span class='ocrx_word' id='word_1_158' title='bbox 398 1715 680 1762; x_wconf 79' lang='lat' dir='ltr'><strong>progrediatur,</strong></span> <span class='ocrx_word' id='word_1_159' title='bbox 720 1715 853 1751; x_wconf 84' lang='lat' dir='ltr'><strong>eadem</strong></span> <span class='ocrx_word' id='word_1_160' title='bbox 890 1715 1036 1751; x_wconf 88' lang='lat' dir='ltr'><strong>ratione</strong></span> <span class='ocrx_word' id='word_1_161' title='bbox 1062 1716 1131 1751; x_wconf 89' lang='lat' dir='ltr'><strong>hoc</strong></span> <span class='ocrx_word' id='word_1_162' title='bbox 1176 1715 1318 1751; x_wconf 86' lang='lat' dir='ltr'><strong>dictum</strong></span> <span class='ocrx_word' id='word_1_163' title='bbox 1357 1717 1424 1756; x_wconf 79' lang='lat' dir='ltr'><strong>est,</strong></span> <span class='ocrx_word' id='word_1_164' title='bbox 1461 1717 1506 1751; x_wconf 88' lang='lat' dir='ltr'><strong>ut</strong></span> <span class='ocrx_word' id='word_1_165' title='bbox 1543 1716 1724 1762; x_wconf 84' lang='lat' dir='ltr'><strong>impetum</strong></span> 
     </span>
     <span class='ocr_line' id='line_1_24' title="bbox 231 1774 1723 1821; baseline -0.001 -9"><span class='ocrx_word' id='word_1_166' title='bbox 231 1786 366 1821; x_wconf 83' lang='lat' dir='ltr'><strong>equum</strong></span> <span class='ocrx_word' id='word_1_167' title='bbox 392 1786 525 1821; x_wconf 84' lang='lat' dir='ltr'><strong>agmen</strong></span> <span class='ocrx_word' id='word_1_168' title='bbox 551 1787 696 1810; x_wconf 87' lang='lat' dir='ltr'><strong>currum</strong></span> <span class='ocrx_word' id='word_1_169' title='bbox 737 1774 891 1810; x_wconf 73' lang='lat' dir='ltr'><strong>flumina</strong></span> <span class='ocrx_word' id='word_1_170' title='bbox 926 1775 1086 1820; x_wconf 86' lang='lat' dir='ltr'><strong>gradum</strong></span> <span class='ocrx_word' id='word_1_171' title='bbox 1120 1775 1313 1811; x_wconf 79' lang='lat' dir='ltr'><strong>sustinere.</strong></span> <span class='ocrx_word' id='word_1_172' title='bbox 1367 1774 1541 1811; x_wconf 84' lang='lat' dir='ltr'><strong>Ceterum</strong></span> <span class='ocrx_word' id='word_1_173' title='bbox 1564 1775 1723 1811; x_wconf 72' lang='lat' dir='ltr'><strong>Anausis</strong></span> 
     </span>
     <span class='ocr_line' id='line_1_25' title="bbox 230 1834 1724 1880; baseline 0 -9"><span class='ocrx_word' id='word_1_174' title='bbox 230 1836 361 1871; x_wconf 86' lang='lat' dir='ltr'><strong>votum</strong></span> <span class='ocrx_word' id='word_1_175' title='bbox 385 1846 459 1870; x_wconf 89' lang='lat' dir='ltr'><strong>non</strong></span> <span class='ocrx_word' id='word_1_176' title='bbox 485 1834 683 1880; x_wconf 89' lang='lat' dir='ltr'><strong>impletum</strong></span> <span class='ocrx_word' id='word_1_177' title='bbox 709 1845 790 1870; x_wconf 78' lang='lat' dir='ltr'><strong>esse</strong></span> <span class='ocrx_word' id='word_1_178' title='bbox 817 1836 977 1880; x_wconf 82' lang='lat' dir='ltr'><strong>apparet</strong></span> <span class='ocrx_word' id='word_1_179' title='bbox 995 1846 1039 1870; x_wconf 84' lang='lat' dir='ltr'><strong>ex</strong></span> <span class='ocrx_word' id='word_1_180' title='bbox 1050 1834 1154 1876; x_wconf 86' lang='lat' dir='ltr'>VIII,</span> <span class='ocrx_word' id='word_1_181' title='bbox 1180 1834 1251 1870; x_wconf 87' lang='lat'><strong>298</strong></span> <span class='ocrx_word' id='word_1_182' title='bbox 1269 1846 1378 1880; x_wconf 67' lang='lat' dir='ltr'><strong>seqq„</strong></span> <span class='ocrx_word' id='word_1_183' title='bbox 1404 1834 1470 1870; x_wconf 89' lang='lat' dir='ltr'><strong>ubi</strong></span> <span class='ocrx_word' id='word_1_184' title='bbox 1486 1835 1724 1880; x_wconf 75' lang='lat' dir='ltr'><strong>Argonautas</strong></span> 
     </span>
     <span class='ocr_line' id='line_1_26' title="bbox 231 1894 1488 1940; baseline 0.002 -11"><span class='ocrx_word' id='word_1_185' title='bbox 231 1894 421 1940; x_wconf 82' lang='lat' dir='ltr'><strong>fugientes</strong></span> <span class='ocrx_word' id='word_1_186' title='bbox 447 1906 470 1930; x_wconf 82' lang='lat' dir='ltr'><strong>a</strong></span> <span class='ocrx_word' id='word_1_187' title='bbox 495 1894 606 1939; x_wconf 86' lang='lat' dir='ltr'><strong>Styro</strong></span> <span class='ocrx_word' id='word_1_188' title='bbox 632 1896 811 1930; x_wconf 87' lang='lat' dir='ltr'><strong>acerrime</strong></span> <span class='ocrx_word' id='word_1_189' title='bbox 835 1894 1075 1940; x_wconf 82' lang='lat' dir='ltr'><strong>impugnatos</strong></span> <span class='ocrx_word' id='word_1_190' title='bbox 1102 1905 1182 1930; x_wconf 79' lang='lat' dir='ltr'><strong>esse</strong></span> <span class='ocrx_word' id='word_1_191' title='bbox 1206 1896 1321 1940; x_wconf 88' lang='lat' dir='ltr'><strong>poeta</strong></span> <span class='ocrx_word' id='word_1_192' title='bbox 1346 1895 1488 1931; x_wconf 83' lang='lat' dir='ltr'><strong>narrat.</strong></span> 
     </span>
    </p>

    <p class='ocr_par' dir='ltr' id='par_1_8' title="bbox 233 1954 1726 2169">
     <span class='ocr_line' id='line_1_27' title="bbox 326 1954 1725 1998; baseline 0 -9"><span class='ocrx_word' id='word_1_193' title='bbox 326 1954 408 1991; x_wconf 84' lang='lat'><strong>277.</strong></span> <span class='ocrx_word' id='word_1_194' title='bbox 458 1955 595 1990; x_wconf 76' lang='lat' dir='ltr'><strong>lumina</strong></span> <span class='ocrx_word' id='word_1_195' title='bbox 631 1955 780 1998; x_wconf 76' lang='lat' dir='ltr'><strong>corripit</strong></span> <span class='ocrx_word' id='word_1_196' title='bbox 817 1965 933 1996; x_wconf 82' lang='lat' dir='ltr'><strong>error;</strong></span> <span class='ocrx_word' id='word_1_197' title='bbox 988 1954 1084 1990; x_wconf 91' lang='lat' dir='ltr'><strong>oculi</strong></span> <span class='ocrx_word' id='word_1_198' title='bbox 1118 1954 1358 1990; x_wconf 87' lang='lat' dir='ltr'><strong>morientium</strong></span> <span class='ocrx_word' id='word_1_199' title='bbox 1393 1965 1514 1989; x_wconf 71' lang='lat' dir='ltr'><strong>errare</strong></span> <span class='ocrx_word' id='word_1_200' title='bbox 1550 1954 1725 1989; x_wconf 83' lang='lat' dir='ltr'><strong>dicuntur</strong></span> 
     </span>
     <span class='ocr_line' id='line_1_28' title="bbox 233 2013 1724 2060; baseline -0.001 -11"><span class='ocrx_word' id='word_1_201' title='bbox 233 2014 332 2060; x_wconf 87' lang='lat' dir='ltr'><strong>apud</strong></span> <span class='ocrx_word' id='word_1_202' title='bbox 356 2014 466 2059; x_wconf 87' lang='lat' dir='ltr'><strong>Verg.</strong></span> <span class='ocrx_word' id='word_1_203' title='bbox 482 2014 574 2051; x_wconf 93' lang='lat' dir='ltr'><strong>Aen.</strong></span> <span class='ocrx_word' id='word_1_204' title='bbox 601 2013 662 2054; x_wconf 87' lang='lat' dir='ltr'><strong>IV,</strong></span> <span class='ocrx_word' id='word_1_205' title='bbox 689 2013 778 2055; x_wconf 87' lang='lat'>691;</span> <span class='ocrx_word' id='word_1_206' title='bbox 805 2013 1084 2048; x_wconf 76' lang='lat' dir='ltr'><strong>substantivum</strong></span> <span class='ocrx_word' id='word_1_207' title='bbox 1107 2013 1230 2059; x_wconf 82' lang='lat' dir='ltr'><strong>ipsum</strong></span> <span class='ocrx_word' id='word_1_208' title='bbox 1254 2013 1393 2059; x_wconf 84' lang='lat' dir='ltr'><strong>legitur</strong></span> <span class='ocrx_word' id='word_1_209' title='bbox 1410 2013 1506 2049; x_wconf 87' lang='lat' dir='ltr'><strong>Stat.</strong></span> <span class='ocrx_word' id='word_1_210' title='bbox 1525 2013 1607 2051; x_wconf 77' lang='lat' dir='ltr'><strong>silv.</strong></span> <span class='ocrx_word' id='word_1_211' title='bbox 1622 2013 1666 2059; x_wconf 89' lang='lat' dir='ltr'><strong>V,</strong></span> <span class='ocrx_word' id='word_1_212' title='bbox 1693 2013 1724 2055; x_wconf 86' lang='lat'><strong>1,</strong></span> 
     </span>
     <span class='ocr_line' id='line_1_29' title="bbox 233 2073 1726 2119; baseline 0 -10"><span class='ocrx_word' id='word_1_213' title='bbox 233 2074 304 2110; x_wconf 87' lang='grc'><strong>170</strong></span> <span class='ocrx_word' id='word_1_214' title='bbox 343 2075 521 2119; x_wconf 75' lang='lat' dir='ltr'><strong>oculisque</strong></span> <span class='ocrx_word' id='word_1_215' title='bbox 562 2074 774 2109; x_wconf 73' lang='lat' dir='ltr'><strong>novissimus</strong></span> <span class='ocrx_word' id='word_1_216' title='bbox 815 2084 914 2109; x_wconf 81' lang='lat' dir='ltr'><strong>error</strong></span> <span class='ocrx_word' id='word_1_217' title='bbox 955 2075 994 2109; x_wconf 86' lang='lat' dir='ltr'><strong>et</strong></span> <span class='ocrx_word' id='word_1_218' title='bbox 1034 2073 1150 2109; x_wconf 85' lang='lat' dir='ltr'><strong>Theb.</strong></span> <span class='ocrx_word' id='word_1_219' title='bbox 1183 2073 1266 2115; x_wconf 82' lang='lat' dir='ltr'><strong>XII,</strong></span> <span class='ocrx_word' id='word_1_220' title='bbox 1310 2074 1378 2108; x_wconf 92' lang='lat'><strong>777</strong></span> <span class='ocrx_word' id='word_1_221' title='bbox 1421 2074 1533 2109; x_wconf 62' lang='lat' dir='ltr'><strong>oculis</strong></span> <span class='ocrx_word' id='word_1_222' title='bbox 1573 2077 1726 2110; x_wconf 67' lang='lat' dir='ltr'><strong>embremo</strong></span> 
     </span>
     <span class='ocr_line' id='line_1_30' title="bbox 233 2134 508 2169; baseline -0.004 0"><span class='ocrx_word' id='word_1_223' title='bbox 233 2144 350 2169; x_wconf 85' lang='lat' dir='ltr'><strong>errore</strong></span> <span class='ocrx_word' id='word_1_224' title='bbox 373 2134 508 2169; x_wconf 78' lang='lat' dir='ltr'><strong>solutis.</strong></span> 
     </span>
    </p>

    <p class='ocr_par' dir='ltr' id='par_1_9' title="bbox 234 2191 1727 2415">
     <span class='ocr_line' id='line_1_31' title="bbox 328 2191 1727 2238; baseline 0.001 -12"><span class='ocrx_word' id='word_1_225' title='bbox 328 2192 410 2230; x_wconf 90' lang='lat'><strong>278.</strong></span> <span class='ocrx_word' id='word_1_226' title='bbox 459 2203 593 2237; x_wconf 77' lang='lat' dir='ltr'><strong>vooeque</strong></span> <span class='ocrx_word' id='word_1_227' title='bbox 617 2203 780 2237; x_wconf 78' lang='lat' dir='ltr'><strong>repressa</strong></span> <span class='ocrx_word' id='word_1_228' title='bbox 814 2193 915 2237; x_wconf 70' lang='lat' dir='ltr'><strong>yetu3</strong></span> <span class='ocrx_word' id='word_1_229' title='bbox 957 2192 1004 2227; x_wconf 86' lang='lat' dir='ltr'><strong>de</strong></span> <span class='ocrx_word' id='word_1_230' title='bbox 1044 2194 1197 2237; x_wconf 88' lang='lat' dir='ltr'><strong>torpore</strong></span> <span class='ocrx_word' id='word_1_231' title='bbox 1237 2192 1368 2227; x_wconf 84' lang='lat' dir='ltr'><strong>mortis</strong></span> <span class='ocrx_word' id='word_1_232' title='bbox 1407 2193 1488 2237; x_wconf 74' lang='lat' dir='ltr'><strong>yelu</strong></span> <span class='ocrx_word' id='word_1_233' title='bbox 1525 2192 1569 2227; x_wconf 91' lang='lat' dir='ltr'><strong>ut</strong></span> <span class='ocrx_word' id='word_1_234' title='bbox 1609 2191 1727 2238; x_wconf 74' lang='lat' dir='ltr'><strong>frig-us</strong></span> 
     </span>
     <span class='ocr_line' id='line_1_32' title="bbox 234 2250 1726 2298; baseline 0 -12"><span class='ocrx_word' id='word_1_235' title='bbox 234 2251 371 2287; x_wconf 88' lang='lat' dir='ltr'><strong>dicitur</strong></span> <span class='ocrx_word' id='word_1_236' title='bbox 409 2251 524 2287; x_wconf 88' lang='lat' dir='ltr'><strong>etiam</strong></span> <span class='ocrx_word' id='word_1_237' title='bbox 561 2252 662 2297; x_wconf 85' lang='lat' dir='ltr'><strong>apud</strong></span> <span class='ocrx_word' id='word_1_238' title='bbox 693 2252 778 2287; x_wconf 93' lang='lat' dir='ltr'><strong>Luc.</strong></span> <span class='ocrx_word' id='word_1_239' title='bbox 805 2251 866 2292; x_wconf 81' lang='lat' dir='ltr'><strong>IV,</strong></span> <span class='ocrx_word' id='word_1_240' title='bbox 893 2251 979 2294; x_wconf 74' lang='lat'><strong>6533</strong></span> <span class='ocrx_word' id='word_1_241' title='bbox 1020 2252 1138 2297; x_wconf 75' lang='lat' dir='ltr'><strong>yelida</strong></span> <span class='ocrx_word' id='word_1_242' title='bbox 1173 2262 1268 2286; x_wconf 71' lang='lat' dir='ltr'><strong>mor-s·</strong></span> <span class='ocrx_word' id='word_1_243' title='bbox 1306 2251 1371 2287; x_wconf 84' lang='lat' dir='ltr'><strong>Ov.</strong></span> <span class='ocrx_word' id='word_1_244' title='bbox 1411 2262 1481 2287; x_wconf 89' lang='lat' dir='ltr'><strong>am.</strong></span> <span class='ocrx_word' id='word_1_245' title='bbox 1507 2251 1563 2294; x_wconf 84' lang='grc' dir='ltr'><strong>Π,</strong></span> <span class='ocrx_word' id='word_1_246' title='bbox 1588 2250 1626 2293; x_wconf 87' lang='grc'><strong>9,</strong></span> <span class='ocrx_word' id='word_1_247' title='bbox 1658 2251 1726 2298; x_wconf 83' lang='grc'><strong>41;</strong></span> 
     </span>
     <span class='ocr_line' id='line_1_33' title="bbox 234 2309 1724 2356; baseline -0.001 -10"><span class='ocrx_word' id='word_1_248' title='bbox 234 2312 323 2347; x_wconf 89' lang='lat' dir='ltr'><strong>met.</strong></span> <span class='ocrx_word' id='word_1_249' title='bbox 349 2310 426 2352; x_wconf 85' lang='lat' dir='ltr'><strong>XV,</strong></span> <span class='ocrx_word' id='word_1_250' title='bbox 454 2311 539 2353; x_wconf 76' lang='lat'>1533</span> <span class='ocrx_word' id='word_1_251' title='bbox 581 2312 687 2346; x_wconf 79' lang='lat' dir='ltr'><strong>letum</strong></span> <span class='ocrx_word' id='word_1_252' title='bbox 711 2312 819 2348; x_wconf 88' lang='lat' dir='ltr'><strong>Lucr.</strong></span> <span class='ocrx_word' id='word_1_253' title='bbox 844 2311 912 2352; x_wconf 84' lang='grc' dir='ltr'>ΙΙΙ,</span> <span class='ocrx_word' id='word_1_254' title='bbox 939 2310 1025 2353; x_wconf 81' lang='lat'><strong>5283</strong></span> <span class='ocrx_word' id='word_1_255' title='bbox 1066 2311 1183 2356; x_wconf 73' lang='lat' dir='ltr'><strong>yelida</strong></span> <span class='ocrx_word' id='word_1_256' title='bbox 1224 2322 1289 2346; x_wconf 86' lang='lat' dir='ltr'><strong>ora</strong></span> <span class='ocrx_word' id='word_1_257' title='bbox 1331 2311 1377 2346; x_wconf 89' lang='lat' dir='ltr'><strong>de</strong></span> <span class='ocrx_word' id='word_1_258' title='bbox 1420 2310 1605 2346; x_wconf 80' lang='lat' dir='ltr'><strong>moriente</strong></span> <span class='ocrx_word' id='word_1_259' title='bbox 1629 2309 1724 2345; x_wconf 86' lang='lat' dir='ltr'><strong>Stat.</strong></span> 
     </span>
     <span class='ocr_line' id='line_1_34' title="bbox 235 2369 525 2415; baseline 0 -11"><span class='ocrx_word' id='word_1_260' title='bbox 235 2369 351 2406; x_wconf 88' lang='lat' dir='ltr'><strong>Theb.</strong></span> <span class='ocrx_word' id='word_1_261' title='bbox 378 2369 442 2415; x_wconf 81' lang='grc' dir='ltr'><strong>ΧΙ,</strong></span> <span class='ocrx_word' id='word_1_262' title='bbox 468 2369 525 2405; x_wconf 83' lang='lat'><strong>56.</strong></span> 
     </span>
    </p>

    <p class='ocr_par' dir='ltr' id='par_1_10' title="bbox 332 2428 1584 2476">
     <span class='ocr_line' id='line_1_35' title="bbox 332 2428 1584 2476; baseline 0 -13"><span class='ocrx_word' id='word_1_263' title='bbox 332 2428 413 2465; x_wconf 85' lang='lat'><strong>279.</strong></span> <span class='ocrx_word' id='word_1_264' title='bbox 462 2440 676 2474; x_wconf 73' lang='lat' dir='ltr'><strong>maynosque</strong></span> <span class='ocrx_word' id='word_1_265' title='bbox 701 2430 839 2465; x_wconf 69' lang='lat' dir='ltr'><strong>dolores</strong></span> <span class='ocrx_word' id='word_1_266' title='bbox 863 2429 967 2476; x_wconf 87' lang='lat' dir='ltr'><strong>Vat.;</strong></span> <span class='ocrx_word' id='word_1_267' title='bbox 993 2440 1189 2475; x_wconf 77' lang='lat' dir='ltr'><strong>maynoque</strong></span> <span class='ocrx_word' id='word_1_268' title='bbox 1215 2430 1348 2465; x_wconf 81' lang='lat' dir='ltr'><strong>doloris</strong></span> <span class='ocrx_word' id='word_1_269' title='bbox 1373 2429 1453 2465; x_wconf 88' lang='lat' dir='ltr'><strong>cod.</strong></span> <span class='ocrx_word' id='word_1_270' title='bbox 1482 2428 1584 2464; x_wconf 79' lang='lat' dir='ltr'><strong>Carr.</strong></span> 
     </span>
    </p>

    <p class='ocr_par' dir='ltr' id='par_1_11' title="bbox 237 2487 1725 2769">
     <span class='ocr_line' id='line_1_36' title="bbox 331 2487 1724 2534; baseline 0 -10"><span class='ocrx_word' id='word_1_271' title='bbox 331 2488 411 2524; x_wconf 89' lang='grc'><strong>280.</strong></span> <span class='ocrx_word' id='word_1_272' title='bbox 469 2488 601 2524; x_wconf 73' lang='lat' dir='ltr'><strong>doloris</strong></span> <span class='ocrx_word' id='word_1_273' title='bbox 637 2489 777 2523; x_wconf 74' lang='lat' dir='ltr'><strong>twrbine</strong></span> <span class='ocrx_word' id='word_1_274' title='bbox 813 2500 916 2524; x_wconf 81' lang='lat' dir='ltr'><strong>mons</strong></span> <span class='ocrx_word' id='word_1_275' title='bbox 954 2489 1281 2525; x_wconf 83' lang='lat' dir='ltr'><strong>vehementissime</strong></span> <span class='ocrx_word' id='word_1_276' title='bbox 1319 2488 1501 2534; x_wconf 83' lang='lat' dir='ltr'><strong>agitatur,</strong></span> <span class='ocrx_word' id='word_1_277' title='bbox 1551 2487 1618 2523; x_wconf 87' lang='lat' dir='ltr'><strong>cfr.</strong></span> <span class='ocrx_word' id='word_1_278' title='bbox 1658 2487 1724 2524; x_wconf 87' lang='lat' dir='ltr'><strong>Ov.</strong></span> 
     </span>
     <span class='ocr_line' id='line_1_37' title="bbox 238 2546 1725 2594; baseline 0 -11"><span class='ocrx_word' id='word_1_279' title='bbox 238 2560 308 2583; x_wconf 86' lang='lat' dir='ltr'><strong>am.</strong></span> <span class='ocrx_word' id='word_1_280' title='bbox 335 2548 382 2590; x_wconf 85' lang='lat'><strong>11,</strong></span> <span class='ocrx_word' id='word_1_281' title='bbox 409 2547 441 2588; x_wconf 76' lang='lat'><strong>9,</strong></span> <span class='ocrx_word' id='word_1_282' title='bbox 470 2547 516 2582; x_wconf 88' lang='grc'><strong>28</strong></span> <span class='ocrx_word' id='word_1_283' title='bbox 540 2548 657 2583; x_wconf 72' lang='lat' dir='ltr'><strong>nescio</strong></span> <span class='ocrx_word' id='word_1_284' title='bbox 683 2558 750 2592; x_wconf 79' lang='lat' dir='ltr'><strong>quo</strong></span> <span class='ocrx_word' id='word_1_285' title='bbox 775 2549 925 2583; x_wconf 71' lang='lat' dir='ltr'><strong>miserae</strong></span> <span class='ocrx_word' id='word_1_286' title='bbox 949 2548 1089 2583; x_wconf 72' lang='lat' dir='ltr'><strong>turbine</strong></span> <span class='ocrx_word' id='word_1_287' title='bbox 1113 2548 1238 2583; x_wconf 73' lang='lat' dir='ltr'><strong>mentis</strong></span> <span class='ocrx_word' id='word_1_288' title='bbox 1263 2558 1366 2594; x_wconf 75' lang='lat' dir='ltr'><strong>ayor3</strong></span> <span class='ocrx_word' id='word_1_289' title='bbox 1400 2546 1547 2592; x_wconf 80' lang='lat' dir='ltr'><strong>saepius</strong></span> <span class='ocrx_word' id='word_1_290' title='bbox 1574 2546 1725 2583; x_wconf 78' lang='lat' dir='ltr'><strong>adiecti-</strong></span> 
     </span>
     <span class='ocr_line' id='line_1_38' title="bbox 237 2606 1724 2651; baseline -0.001 -8"><span class='ocrx_word' id='word_1_291' title='bbox 237 2619 325 2642; x_wconf 85' lang='lat' dir='ltr'><strong>vum</strong></span> <span class='ocrx_word' id='word_1_292' title='bbox 361 2608 526 2643; x_wconf 62' lang='lat' dir='ltr'><strong>turbidus</strong></span> <span class='ocrx_word' id='word_1_293' title='bbox 560 2607 699 2642; x_wconf 86' lang='lat' dir='ltr'><strong>indicat</strong></span> <span class='ocrx_word' id='word_1_294' title='bbox 736 2607 900 2642; x_wconf 86' lang='lat' dir='ltr'><strong>animum</strong></span> <span class='ocrx_word' id='word_1_295' title='bbox 938 2608 1182 2643; x_wconf 86' lang='lat' dir='ltr'><strong>vehementer</strong></span> <span class='ocrx_word' id='word_1_296' title='bbox 1215 2607 1438 2643; x_wconf 84' lang='lat' dir='ltr'><strong>commotum</strong></span> <span class='ocrx_word' id='word_1_297' title='bbox 1463 2607 1502 2642; x_wconf 86' lang='lat' dir='ltr'><strong>et</strong></span> <span class='ocrx_word' id='word_1_298' title='bbox 1527 2606 1724 2651; x_wconf 77' lang='lat' dir='ltr'><strong>agitatum:</strong></span> 
     </span>
     <span class='ocr_line' id='line_1_39' title="bbox 237 2665 1725 2711; baseline -0.001 -10"><span class='ocrx_word' id='word_1_299' title='bbox 237 2666 337 2702; x_wconf 84' lang='lat' dir='ltr'><strong>infra</strong></span> <span class='ocrx_word' id='word_1_300' title='bbox 362 2679 396 2702; x_wconf 86' lang='lat' dir='ltr'><strong>v.</strong></span> <span class='ocrx_word' id='word_1_301' title='bbox 423 2666 509 2709; x_wconf 78' lang='lat'><strong>2933</strong></span> <span class='ocrx_word' id='word_1_302' title='bbox 535 2667 648 2711; x_wconf 87' lang='lat' dir='ltr'><strong>Verg.</strong></span> <span class='ocrx_word' id='word_1_303' title='bbox 674 2667 766 2702; x_wconf 87' lang='lat' dir='ltr'><strong>Aen.</strong></span> <span class='ocrx_word' id='word_1_304' title='bbox 793 2666 836 2710; x_wconf 75' lang='lat' dir='ltr'><strong>X,</strong></span> <span class='ocrx_word' id='word_1_305' title='bbox 863 2666 948 2707; x_wconf 86' lang='lat'>648;</span> <span class='ocrx_word' id='word_1_306' title='bbox 971 2666 1064 2707; x_wconf 52' lang='lat'><strong>,7633</strong></span> <span class='ocrx_word' id='word_1_307' title='bbox 1091 2666 1154 2711; x_wconf 89' lang='lat' dir='ltr'><strong>XI,</strong></span> <span class='ocrx_word' id='word_1_308' title='bbox 1182 2666 1264 2708; x_wconf 89' lang='lat'><strong>742;</strong></span> <span class='ocrx_word' id='word_1_309' title='bbox 1291 2665 1377 2707; x_wconf 89' lang='lat' dir='ltr'>XII,</span> <span class='ocrx_word' id='word_1_310' title='bbox 1404 2665 1467 2708; x_wconf 89' lang='lat'><strong>10;</strong></span> <span class='ocrx_word' id='word_1_311' title='bbox 1493 2665 1583 2706; x_wconf 86' lang='lat'><strong>671;</strong></span> <span class='ocrx_word' id='word_1_312' title='bbox 1609 2665 1671 2703; x_wconf 89' lang='lat' dir='ltr'><strong>Sil.</strong></span> <span class='ocrx_word' id='word_1_313' title='bbox 1697 2666 1725 2711; x_wconf 86' lang='lat' dir='ltr'><strong>I,</strong></span> 
     </span>
     <span class='ocr_line' id='line_1_40' title="bbox 238 2725 1188 2769; baseline 0.001 -9"><span class='ocrx_word' id='word_1_314' title='bbox 238 2726 326 2768; x_wconf 83' lang='lat'><strong>477;</strong></span> <span class='ocrx_word' id='word_1_315' title='bbox 352 2725 394 2763; x_wconf 82' lang='lat' dir='ltr'><strong>V.</strong></span> <span class='ocrx_word' id='word_1_316' title='bbox 421 2726 507 2769; x_wconf 86' lang='lat'>380;</span> <span class='ocrx_word' id='word_1_317' title='bbox 534 2726 615 2767; x_wconf 82' lang='lat' dir='ltr'>XII,</span> <span class='ocrx_word' id='word_1_318' title='bbox 641 2726 726 2768; x_wconf 86' lang='lat'><strong>417;</strong></span> <span class='ocrx_word' id='word_1_319' title='bbox 754 2726 844 2762; x_wconf 83' lang='lat' dir='ltr'><strong>Stat.</strong></span> <span class='ocrx_word' id='word_1_320' title='bbox 873 2725 949 2760; x_wconf 87' lang='lat' dir='ltr'><strong>silv.</strong></span> <span class='ocrx_word' id='word_1_321' title='bbox 977 2725 1045 2766; x_wconf 81' lang='grc' dir='ltr'><strong>ΠΙ,</strong></span> <span class='ocrx_word' id='word_1_322' title='bbox 1074 2726 1105 2767; x_wconf 79' lang='lat'><strong>1,</strong></span> <span class='ocrx_word' id='word_1_323' title='bbox 1131 2725 1188 2761; x_wconf 87' lang='lat'><strong>39.</strong></span> 
     </span>
    </p>
   </div>
   <div class='ocr_carea' id='block_1_5' title="bbox 1822 1623 1890 3100">
    <p class='ocr_par' dir='ltr' id='par_1_12' title="bbox 1822 1623 1890 3100">
     <span class='ocr_line' id='line_1_41' title="bbox 1822 1623 1890 3100; baseline 0 0"><span class='ocrx_word' id='word_1_324' title='bbox 1822 1623 1890 3100; x_wconf 95' lang='lat' dir='ltr'><strong> </strong></span> 
     </span>
    </p>
   </div>
  </div>
 </body>
</html>
