1890 3100
237 223 323 266 200
785 217 821 253 C.
847 216 1029 252 VALERI
1053 216 1228 252 FLACCI

342 353 417 378 nec
445 339 584 391 procul
613 338 664 377 ad
691 338 824 377 tenuis
855 337 981 388 surgit
1010 336 1180 374 confinia
1207 335 1319 387 ponti

343 405 437 443 urbs
466 403 634 456 placidis
666 403 840 442 demissa
867 402 989 453 iugis;
1020 415 1091 440 rex
1121 400 1255 439 divitis
1285 401 1369 452 agri
1725 410 1780 440 635

344 470 533 522 Cyzicus.
588 469 839 508 Haemoniae
870 468 937 520 qui
965 473 1049 505 tum
1077 480 1183 505 nova
1213 467 1327 517 signa
1356 466 1515 504 carinae

342 542 386 574 ut
413 535 535 583 videt,
565 536 652 587 ipse
681 534 785 573 ultro
814 534 960 586 primas
990 533 1185 584 procurrit
1215 531 1266 570 ad
1295 531 1424 569 undas

342 602 586 653 miraturque
614 600 720 638 viros
751 599 1013 650 dextramque
1044 597 1252 649 amplexus
1283 602 1322 635 et
1352 597 1525 635 haerens

342 667 497 718 incipit:
530 671 564 704 ‘0
593 666 709 704 terris
739 678 845 703 nunc
873 664 1043 716 primum
1073 663 1233 712 cognita
1262 662 1408 700 nostris

343 732 583 770 Aemathiae
612 743 753 768 manus
784 735 825 768 et
853 730 960 767 fama
988 729 1083 766 mihi
1113 729 1238 766 maior
1265 729 1409 779 imago.
1729 735 1783 765 640

347 811 427 835 non
455 803 591 835 tamen
618 797 720 835 haec
751 795 851 834 adeo
884 800 1038 833 semota
1066 807 1198 846 neque
1230 793 1366 831 abdita
1393 792 1515 831 tellus

345 875 554 914 regnaque
583 862 662 899 iam
691 861 850 912 populis
878 860 1074 911 impervia
1101 859 1203 897 lucis
1235 872 1345 906 eoae,

345 942 434 966 cum
461 927 565 965 tales
594 927 765 964 intrasse
797 925 933 972 duces,
964 930 1022 962 tot
1050 925 1194 962 robora
1224 937 1356 962 cerno.

344 1007 435 1031 nam
464 993 559 1030 licet
586 993 680 1029 hinc
710 1004 852 1029 saevas
882 990 1003 1028 tellus
1034 990 1117 1027 alat
1143 989 1305 1027 horrida
1334 995 1478 1040 gentes
1770 1029 1774 1034 ‚

343 1071 489 1110 meque
518 1057 693 1095 fremens
722 1055 874 1093 tumido
905 1054 1151 1093 circumfluat
1180 1068 1246 1092 ore
1275 1055 1499 1105 Propontis,
1729 1061 1784 1090 645

342 1129 478 1162 vestra
505 1122 605 1160 fides
634 1122 816 1172 ritusque
845 1133 962 1171 pares
993 1125 1033 1158 et
1061 1119 1172 1158 mitia
1201 1119 1311 1157 cultu

332 1265 412 1300 634.
462 1266 578 1300 tenuis
603 1287 649 1293 -
674 1264 831 1306 confinia
849 1263 957 1307 ponti
980 1262 1150 1298 indicant
1174 1261 1336 1297 vicinam
1355 1263 1481 1298 terrae
1503 1261 1729 1297 continentis

236 1325 438 1370 regionem,
464 1323 530 1359 ubi
553 1325 690 1369 pontus
715 1322 839 1358 tenuis
866 1323 904 1357 et
928 1322 1089 1357 vadosus
1117 1322 1184 1358 est.

329 1402 409 1439 635.
453 1401 609 1446 placidis
634 1400 787 1435 demissa
811 1400 922 1444 iu9i33
950 1399 1017 1434 cfr.
1045 1398 1168 1434 Strab.
1196 1397 1279 1439 XII,
1306 1398 1338 1440 8,
1366 1398 1410 1432 11
1447 1401 1505 1444 τῆς
1535 1398 1572 1434 δὲ
1601 1398 1730 1439 πόλεως

234 1462 269 1498 τὸ
297 1462 356 1507 μὲν
381 1457 467 1497 ἔστιν
493 1459 526 1497 ἐν
552 1457 707 1506 ἐπιπέδῳ,
732 1459 768 1495 τὸ
795 1459 832 1495 δὲ
864 1459 943 1504 πρὸς
979 1460 1054 1504 ὄρει.
1117 1458 1219 1500 Quae
1259 1458 1305 1493 de
1342 1457 1542 1502 terrigenis
1580 1457 1619 1492 in
1658 1458 1728 1492 hoc

235 1522 362 1557 monte
388 1519 650 1555 habitantibus
677 1518 850 1554 fabulosa
874 1518 1043 1553 narravit
1068 1517 1188 1563 Apoll.
1216 1517 1247 1559 I,
1273 1516 1462 1551 942-946
1489 1518 1527 1552 et
1553 1517 1599 1552 de
1621 1516 1727 1552 clade

237 1580 288 1616 eis
315 1580 362 1615 ab
388 1578 616 1624 Argonautis
642 1578 750 1613 illata
776 1577 997 1619 989—1011‚
1025 1576 1194 1612 Valerius
1221 1575 1356 1612 omisit.

329 1656 408 1692 638.
459 1655 543 1691 Non
578 1655 706 1700 liquet,
746 1666 819 1700 qua
851 1654 998 1690 ratione
1032 1653 1181 1699 Cyzicus
1213 1665 1278 1689 rex
1310 1653 1547 1698 Argonautas
1581 1653 1729 1688 novisse

233 1715 418 1762 potuerim
445 1714 583 1750 rectius
608 1713 837 1759 Apollonius,
865 1713 925 1759 qui
950 1713 980 1757 Ι,
1007 1712 1077 1748 969
1103 1724 1202 1758 seqq.
1231 1724 1276 1748 ex
1312 1712 1463 1748 oraculo
1496 1724 1626 1758 regem
1663 1712 1727 1747 ad-

234 1787 350 1811 venas
377 1775 582 1810 clementer
610 1773 799 1819 excepisse
827 1773 996 1818 exponit3
1025 1770 1092 1808 cfr.
1119 1772 1188 1807 962
1215 1783 1290 1818 seq.

330 1847 556 1891 dextramque
569 1846 752 1890 amplexus
766 1848 798 1880 et
810 1846 975 1886 haerens;
993 1843 1059 1882 cfr.
1073 1844 1182 1889 Verg.
1198 1843 1289 1880 Aen.
1303 1843 1403 1885 VIII,
1421 1843 1489 1878 124
1502 1843 1729 1888 dextramque

235 1906 418 1950 amplexus
442 1906 598 1941 inhaesit
605 1919 613 1948 ;
640 1904 709 1940 558
735 1905 896 1939 (λεεωεν-ατη
921 1905 1121 1948 complexatus
1147 1903 1263 1939 euntis
1287 1904 1418 1939 haeret.

329 1983 408 2018 641.
460 1983 577 2018 ardua
601 1982 698 2026 Vat„
734 1982 775 2016 at
814 1981 932 2016 ardua
963 1981 1076 2016 tellus
1108 1980 1261 2026 propria
1292 1979 1481 2016 sententia
1517 1979 1616 2015 dicta
1649 1990 1729 2015 esse

233 2055 309 2079 non
333 2043 468 2088 potest,
497 2054 580 2078 cum
596 2041 723 2088 paullo
741 2052 853 2086 supra
869 2042 983 2086 poeta
1002 2040 1139 2075 dixerit
1156 2040 1287 2075 urbem
1306 2039 1430 2085 placi
1443 2038 1511 2074 dis
1530 2038 1729 2074 demissam

233 2102 329 2148 iugis
357 2113 447 2147 esse,
473 2101 660 2137 translata
698 2102 825 2136 autem
862 2099 1144 2145 significatione,
1184 2110 1409 2144 quamquam
1445 2109 1568 2144 saepe,
1600 2099 1730 2134 tamen

234 2173 425 2206 nunquam
452 2162 498 2197 de
523 2163 627 2197 terra
664 2161 725 2196 vel
756 2160 910 2205 regione
943 2159 1089 2201 dicitur,
1127 2160 1170 2194 ut
1205 2158 1346 2194 indicet
1382 2157 1574 2193 difficilem
1605 2157 1728 2200 aditu;

236 2220 384 2256 accedit
410 2221 509 2265 quod
534 2221 604 2256 hoc
629 2220 752 2266 ipsum
776 2231 887 2255 versu
912 2219 974 2264 qui
1000 2218 1165 2264 sequitur
1191 2218 1363 2253 additum
1389 2218 1455 2253 est.
1506 2217 1640 2262 Itaque
1671 2227 1729 2252 re-

241 2280 324 2326 cepi
349 2279 573 2316 Baehrentis
601 2279 854 2315 coniecturam
880 2279 1013 2314 abdita.

332 2357 412 2393 642.
463 2358 635 2402 zonqaque
659 2357 756 2398 Vat„
782 2367 961 2401 reynaque
986 2355 1110 2398 Thilo;
1137 2366 1203 2400 que
1218 2354 1405 2400 particula
1431 2365 1514 2389 cum
1539 2353 1730 2388 sententia

238 2418 403 2462 negante
428 2428 496 2462 pro
522 2427 584 2451 nee
608 2416 669 2451 vel
695 2420 758 2450 aut
782 2415 945 2461 ponitur,
973 2415 1039 2451 cfr.
1068 2415 1116 2450 ad
1141 2415 1170 2456 Ι,
1200 2415 1285 2457 111;
1312 2413 1499 2459 genitivus
1524 2413 1613 2448 lucis
1649 2423 1731 2448 eoae

239 2489 261 2512 a
287 2475 526 2512 substantivo
551 2486 662 2520 reqna
685 2475 838 2520 pendet.

334 2554 417 2590 643.
466 2557 518 2589 tot
542 2553 671 2588 robora
696 2563 815 2594 cerum
844 2551 910 2589 cfr.
940 2551 1019 2588 Cat.
1047 2551 1101 2593 64,
1120 2552 1143 2586 4
1162 2551 1240 2586 lecti
1257 2551 1406 2592 iuvenes,
1425 2549 1583 2594 Aryivae
1599 2550 1729 2585 robora

233 2615 387 2659 puppis.

335 2684 415 2720 646.
466 2667 583 2719 vestra
599 2683 687 2726 sides
710 2682 732 2718 i.
762 2694 791 2718 e.
818 2682 920 2722 fides,
948 2681 1066 2726 qualis
1093 2681 1198 2717 vobis
1226 2682 1292 2722 est,
1321 2681 1377 2716 est
1404 2679 1516 2716 etiam
1542 2679 1643 2715 mihi.
