1890 3100
253 211 339 254 308
777 209 812 245 C.
840 209 1021 245 VALERI
1048 210 1222 246 FLACOI

358 329 493 380 Argus
524 334 564 367 et
592 329 634 367 in
664 328 849 381 scopulos
880 336 921 368 et
948 330 1135 368 monstris
1165 330 1326 369 horrida
1353 330 1482 369 lustra
1747 348 1803 378 370

360 394 518 445 ignotas
548 394 661 432 iubet
690 395 747 433 ire
777 395 862 433 vias
891 395 973 434 heu
1001 395 1128 434 multa
1155 401 1376 434 morantem

363 465 656 512 conantemque
686 473 827 511 preces
856 461 1094 512 inclusaque
1123 466 1286 512 pectore
1316 461 1452 500 verba.

362 525 502 563 ultima
529 530 614 563 tum
643 526 793 576 patriae
823 525 973 564 cedens
1005 525 1115 564 dedit
1145 525 1283 564 oscula
1310 526 1433 578 ripae.

360 590 471 628 flevit
499 590 740 641 Amymone,
771 591 916 629 flerunt
945 590 1169 630 Messeides
1199 591 1344 639 undae,

361 655 472 694 flevit
502 661 542 694 et
572 656 708 694 effusis
738 669 932 695 revocans
962 657 1147 708 Hyperia
1175 656 1348 695 lacertis.
1748 668 1803 699 375

359 721 429 760 illa
458 721 526 759 ubi
555 721 623 760 vel
650 721 749 761 fessi
776 727 996 761 tremerent
1026 722 1225 761 erroribus
1256 728 1376 770 artus,

357 787 424 825 vel
453 792 588 826 rueret
618 800 770 825 summo
800 787 878 825 iam
906 786 1073 838 frigidus
1111 787 1275 826 aethere
1305 801 1461 840 vesper,

360 853 441 891 heu
472 853 657 904 quotiens
689 865 786 891 saxo
815 853 948 903 posuit
977 852 1101 891 latus!
1146 859 1213 891 aut
1242 853 1311 892 ubi
1339 852 1463 905 longa

359 931 480 969 aegra
511 918 586 964 siti,
619 931 718 970 quos
749 931 817 956 ore
847 917 970 964 lacus,
1002 931 1106 970 quae
1136 918 1285 970 pabula
1314 919 1477 971 carpsit!

357 983 528 1022 verbere
559 982 779 1021 candentes
810 983 994 1035 quotiens
1026 979 1230 1022 exhorruit
1259 984 1407 1022 armos!
1746 989 1801 1018 380

360 1049 456 1100 quin
486 1054 526 1087 et
556 1048 604 1086 ab
636 1048 798 1087 excelso
828 1047 1089 1087 meditantem
1118 1049 1269 1087 vertice
1299 1049 1424 1088 saltus

359 1113 659 1166 audentemque
689 1114 788 1152 mori
816 1113 944 1152 valles
976 1114 1076 1152 citus
1108 1115 1190 1166 egit
1219 1114 1259 1152 in
1287 1115 1387 1153 imas

358 1180 491 1231 Argus
522 1185 562 1218 et
591 1179 753 1218 arbitrio
784 1179 905 1218 durus
937 1180 1111 1218 servavit
1141 1179 1245 1218 erili:

345 1317 426 1353 372.
477 1320 660 1352 conantem
686 1327 810 1361 preces
835 1327 885 1352 sc.
910 1316 1099 1362 proloqui;
1139 1316 1192 1352 sic
1231 1317 1390 1353 fortasse
1415 1317 1529 1363 Verg.
1561 1317 1653 1353 Aen.
1679 1317 1742 1360 IX,

249 1376 320 1412 398
346 1380 529 1412 conantem
549 1376 722 1421 plurima.

345 1448 427 1486 374.
476 1448 672 1493 Amymone
702 1448 760 1483 est
789 1448 872 1483 fons
902 1447 1107 1493 Argolidis:
1137 1447 1203 1483 Ov.
1232 1449 1321 1483 met.
1354 1447 1403 1489 II,
1431 1447 1520 1491 240;
1548 1447 1743 1484 Strabonis

253 1507 356 1550 VIII,
383 1507 415 1547 6,
442 1507 482 1553 83
511 1507 603 1543 Plin.
633 1507 718 1543 hist.
745 1508 823 1543 nat.
850 1506 915 1544 IV.
943 1507 998 1542 17.

346 1567 542 1603 Messeides
565 1566 685 1601 undae
718 1566 810 1602 item
847 1568 889 1601 ut
915 1566 1083 1613 Hyperia
1113 1566 1152 1601 in
1184 1566 1379 1602 Thessalia
1410 1566 1525 1602 fluere
1553 1566 1741 1602 dicuntur:

250 1627 345 1665 Plin.
370 1628 446 1662 nat.
474 1626 559 1661 hist.
586 1626 649 1672 IV,
683 1625 745 1667 29;
773 1625 836 1668 30;
870 1625 994 1663 Strab.
1029 1625 1093 1671 IX,
1136 1625 1168 1670 5,
1215 1626 1253 1667 6;
1295 1626 1354 1668 18;
1394 1627 1434 1662 at
1460 1625 1499 1661 id
1542 1627 1612 1662 hoc
1661 1625 1743 1661 loco

250 1698 326 1722 non
351 1685 463 1721 facile
489 1685 640 1720 admitti
664 1696 775 1731 posse
800 1684 959 1726 videtur,
995 1685 1063 1720 sed
1095 1684 1260 1730 respexit
1286 1684 1456 1720 Valerius
1489 1685 1612 1721 locum
1636 1685 1744 1722 Hom.

249 1745 293 1781 Il.
309 1745 371 1787 VI,
390 1745 460 1780 456
473 1756 549 1790 seq.
575 1745 632 1781 καί
648 1758 703 1781 κεν
717 1743 897 1790 ἐν”Αργει
914 1743 1015 1781 ἐοῦσα
1032 1745 1111 1790 πρὸς
1128 1744 1226 1789 ἄλλης
1243 1745 1332 1781 ἱστὸν
1348 1745 1494 1790 ὑφαίνοις
1510 1744 1568 1781 καί
1583 1758 1638 1781 κεν
1655 1745 1746 1791 ὕδωρ

249 1805 377 1851 φορέοις
390 1805 579 1850 Μεσσηΐδος
590 1804 797 1851 ἢὟπερείης;
808 1803 875 1839 cfr.
885 1804 999 1842 schol.
1015 1804 1064 1839 ad
1078 1804 1176 1839 hunc
1190 1803 1312 1839 locum
1326 1805 1365 1840 et
1378 1804 1487 1841 Paus.
1501 1803 1549 1846 II,
1564 1804 1620 1849 30,
1635 1804 1668 1846 8,
1682 1804 1746 1839 ubi

249 1865 427 1911 oppidum
453 1864 618 1910 Hyperia
643 1863 831 1909 Argolidis
865 1864 1187 1903 commemoratur,
1217 1864 1254 1899 et
1271 1863 1342 1904 ΠΙ,
1369 1863 1426 1911 20,
1453 1864 1484 1906 1,
1511 1863 1577 1898 ubi
1602 1863 1746 1899 fontem

249 1924 474 1960 Messeidem
498 1935 616 1969 prope
634 1923 860 1969 Therapnen
886 1922 1000 1958 fuisse
1027 1922 1129 1959 dicit.
1149 1923 1205 1959 De
1230 1923 1420 1959 sententia
1438 1922 1503 1958 cfr.
1523 1922 1634 1967 Verg.
1654 1922 1745 1958 Aen.

252 1983 331 2026 VII,
360 1983 428 2019 759
454 1995 530 2028 seq.

345 2055 425 2090 375.
476 2055 598 2098 effusis
625 2055 780 2096 laceiii&
808 2054 873 2090 cfr.
901 2055 951 2090 ad
976 2054 1004 2096 I,
1032 2055 1110 2089 762,

346 2126 427 2162 379.
479 2126 553 2162 Cfr.
583 2126 630 2162 de
656 2126 747 2162 Ione
780 2126 882 2162 dicta
910 2126 976 2162 Ov.
1002 2127 1092 2162 met.
1126 2126 1154 2167 I,
1193 2126 1263 2161 632
1289 2137 1389 2172 seqq.
1437 2136 1563 2161 amara
1584 2126 1748 2170 pascitur

248 2186 358 2221 herba
383 2186 525 2231 Proque
551 2190 628 2221 toro
655 2190 770 2221 terrae
794 2197 865 2221 non
904 2196 1040 2230 semper
1075 2196 1221 2231 yramen
1259 2186 1403 2221 habenti
1429 2185 1583 2221 Incubat
1618 2185 1746 2227 infelix

249 2246 441 2290 limosaque
480 2245 631 2287 flumina
667 2250 788 2290 potat;
826 2245 936 2291 Prop.
963 2245 1012 2286 ΙΙ,
1051 2245 1107 2285 33,
1153 2246 1195 2280 11
1235 2246 1395 2290 quotiens
1431 2245 1575 2290 quernis
1611 2245 1746 2280 laesisti

246 2305 438 2348 frondibus
464 2315 539 2340 ora.

346 2376 426 2411 380.
477 2376 665 2412 candentes
696 2387 814 2412 armos
853 2377 910 2412 est
942 2377 1176 2412 accusativus
1214 2387 1349 2422 graeco
1389 2387 1492 2412 more
1527 2375 1670 2421 positus
1709 2376 1747 2410 et

251 2435 456 2472 candentes
484 2435 578 2470 armi
595 2435 837 2471 nominantur
854 2436 987 2481 utpote
1004 2435 1247 2471 transmutati
1266 2447 1310 2471 ex
1329 2434 1575 2471 candentibus
1593 2433 1747 2478 virginis

248 2494 397 2535 umeris,
425 2494 492 2530 cfr.
521 2494 585 2530 Ov.
613 2495 702 2530 met.
729 2494 771 2535 X,
812 2494 882 2529 700
908 2506 951 2530 eae
974 2496 1104 2530 umeris
1129 2496 1221 2530 armi
1244 2495 1337 2538 fiunt
1374 2494 1422 2530 de
1446 2493 1681 2539 Hippomene
1707 2494 1747 2528 et

248 2554 431 2590 Atalanta
466 2554 505 2589 in
530 2554 657 2589 leones
684 2554 880 2590 conversis.
920 2554 1012 2590 Dico
1037 2557 1192 2600 propter
1217 2554 1484 2598 Burmannum‚
1518 2552 1580 2597 qui
1605 2551 1746 2588 Valerii

251 2614 369 2650 verba
395 2625 470 2650 non
495 2614 599 2649 recte
626 2613 838 2659 explicavit.

348 2685 428 2720 383.
479 2684 629 2720 arbitrio
658 2705 699 2710 -
727 2685 806 2720 en‘li
831 2684 852 2719 i.
882 2695 912 2722 e.
941 2683 1102 2722 Iunonis.
