<?xml version="1.0" encoding="UTF-8"?>
<!DOCTYPE html PUBLIC "-//W3C//DTD XHTML 1.0 Transitional//EN"
    "http://www.w3.org/TR/xhtml1/DTD/xhtml1-transitional.dtd">
<html xmlns="http://www.w3.org/1999/xhtml" xml:lang="en" lang="en">
 <head>
  <title>
</title>
<meta http-equiv="Content-Type" content="text/html;charset=utf-8" />
  <meta name='ocr-system' content='tesseract 3.04.00' />
  <meta name='ocr-capabilities' content='ocr_page ocr_carea ocr_par ocr_line ocrx_word'/>
</head>
<body>
  <div class='ocr_page' id='page_1' title='image "argonauticonlibr00valeuoft_0376.png"; bbox 0 0 1890 3100; ppageno 0'>
   <div class='ocr_carea' id='block_1_1' title="bbox 249 160 1215 208">
    <p class='ocr_par' dir='ltr' id='par_1_1' title="bbox 249 160 1215 208">
     <span class='ocr_line' id='line_1_1' title="bbox 249 160 1215 208; baseline -0.007 -5"><span class='ocrx_word' id='word_1_1' title='bbox 249 165 336 208; x_wconf 84' lang='lat'><strong>358</strong></span> <span class='ocrx_word' id='word_1_2' title='bbox 772 161 809 197; x_wconf 89' lang='lat' dir='ltr'>C.</span> <span class='ocrx_word' id='word_1_3' title='bbox 835 160 1016 196; x_wconf 88' lang='lat' dir='ltr'><strong>VALERI</strong></span> <span class='ocrx_word' id='word_1_4' title='bbox 1042 161 1215 197; x_wconf 83' lang='lat' dir='ltr'>FLACCI</span> 
     </span>
    </p>
   </div>
   <div class='ocr_carea' id='block_1_2' title="bbox 356 280 1796 1053">
    <p class='ocr_par' dir='ltr' id='par_1_2' title="bbox 356 280 1796 918">
     <span class='ocr_line' id='line_1_2' title="bbox 356 280 1524 334; baseline -0.002 -14"><span class='ocrx_word' id='word_1_5' title='bbox 356 288 400 320; x_wconf 90' lang='lat' dir='ltr'><strong>tu</strong></span> <span class='ocrx_word' id='word_1_6' title='bbox 430 294 588 334; x_wconf 88' lang='lat' dir='ltr'><strong>quoque</strong></span> <span class='ocrx_word' id='word_1_7' title='bbox 617 294 735 328; x_wconf 88' lang='lat' dir='ltr'><strong>nunc,</strong></span> <span class='ocrx_word' id='word_1_8' title='bbox 764 281 917 319; x_wconf 91' lang='lat' dir='ltr'><strong>tumulo</strong></span> <span class='ocrx_word' id='word_1_9' title='bbox 946 281 1189 333; x_wconf 84' lang='lat' dir='ltr'><strong>nequiquam</strong></span> <span class='ocrx_word' id='word_1_10' title='bbox 1219 280 1378 319; x_wconf 85' lang='lat' dir='ltr'><strong>condita</strong></span> <span class='ocrx_word' id='word_1_11' title='bbox 1405 281 1524 328; x_wconf 87' lang='lat' dir='ltr'><strong>inani,</strong></span> 
     </span>
     <span class='ocr_line' id='line_1_3' title="bbox 359 345 1408 398; baseline -0.002 -12"><span class='ocrx_word' id='word_1_12' title='bbox 359 347 490 386; x_wconf 89' lang='lat' dir='ltr'><strong>adnue</strong></span> <span class='ocrx_word' id='word_1_13' title='bbox 521 347 613 385; x_wconf 90' lang='lat' dir='ltr'><strong>diva</strong></span> <span class='ocrx_word' id='word_1_14' title='bbox 640 347 758 385; x_wconf 88' lang='lat' dir='ltr'><strong>maris</strong></span> <span class='ocrx_word' id='word_1_15' title='bbox 788 359 1034 398; x_wconf 83' lang='lat' dir='ltr'><strong>numeroque</strong></span> <span class='ocrx_word' id='word_1_16' title='bbox 1064 345 1212 384; x_wconf 88' lang='lat' dir='ltr'><strong>accede</strong></span> <span class='ocrx_word' id='word_1_17' title='bbox 1241 351 1408 384; x_wconf 87' lang='lat' dir='ltr'><strong>tuorum.</strong></span> 
     </span>
     <span class='ocr_line' id='line_1_4' title="bbox 360 411 1795 466; baseline 0.001 -15"><span class='ocrx_word' id='word_1_18' title='bbox 360 412 518 466; x_wconf 88' lang='lat' dir='ltr'><strong>quando</strong></span> <span class='ocrx_word' id='word_1_19' title='bbox 549 416 710 463; x_wconf 79' lang='lat' dir='ltr'><strong>egomet</strong></span> <span class='ocrx_word' id='word_1_20' title='bbox 737 425 873 450; x_wconf 84' lang='lat' dir='ltr'><strong>rursus</strong></span> <span class='ocrx_word' id='word_1_21' title='bbox 902 425 974 463; x_wconf 91' lang='lat' dir='ltr'><strong>per</strong></span> <span class='ocrx_word' id='word_1_22' title='bbox 1002 418 1042 449; x_wconf 88' lang='lat' dir='ltr'><strong>te</strong></span> <span class='ocrx_word' id='word_1_23' title='bbox 1071 411 1222 449; x_wconf 76' lang='lat' dir='ltr'><strong>vehar?</strong></span> <span class='ocrx_word' id='word_1_24' title='bbox 1251 425 1373 450; x_wconf 85' lang='lat' dir='ltr'><strong>aurea</strong></span> <span class='ocrx_word' id='word_1_25' title='bbox 1401 411 1559 464; x_wconf 90' lang='lat' dir='ltr'><strong>quando</strong></span> <span class='ocrx_word' id='word_1_26' title='bbox 1741 423 1795 452; x_wconf 77' lang='lat'><strong>200</strong></span> 
     </span>
     <span class='ocr_line' id='line_1_5' title="bbox 359 476 1454 528; baseline -0.003 -11"><span class='ocrx_word' id='word_1_27' title='bbox 359 479 506 517; x_wconf 85' lang='lat' dir='ltr'><strong>Seston</strong></span> <span class='ocrx_word' id='word_1_28' title='bbox 536 483 576 516; x_wconf 87' lang='lat' dir='ltr'><strong>et</strong></span> <span class='ocrx_word' id='word_1_29' title='bbox 603 477 797 516; x_wconf 87' lang='lat' dir='ltr'><strong>infaustos</strong></span> <span class='ocrx_word' id='word_1_30' title='bbox 828 476 1076 528; x_wconf 80' lang='lat' dir='ltr'><strong>adgnoscent</strong></span> <span class='ocrx_word' id='word_1_31' title='bbox 1103 476 1258 515; x_wconf 87' lang='lat' dir='ltr'><strong>vellera</strong></span> <span class='ocrx_word' id='word_1_32' title='bbox 1285 476 1454 515; x_wconf 73' lang='lat' dir='ltr'><strong>fluctus?</strong></span> 
     </span>
     <span class='ocr_line' id='line_1_6' title="bbox 356 542 1427 594; baseline -0.002 -12"><span class='ocrx_word' id='word_1_33' title='bbox 356 557 428 582; x_wconf 86' lang='lat' dir='ltr'><strong>vos</strong></span> <span class='ocrx_word' id='word_1_34' title='bbox 460 544 579 582; x_wconf 90' lang='lat' dir='ltr'><strong>etiam</strong></span> <span class='ocrx_word' id='word_1_35' title='bbox 609 543 746 590; x_wconf 85' lang='lat' dir='ltr'><strong>silvae,</strong></span> <span class='ocrx_word' id='word_1_36' title='bbox 776 556 847 581; x_wconf 85' lang='lat' dir='ltr'><strong>vos</strong></span> <span class='ocrx_word' id='word_1_37' title='bbox 879 542 1095 581; x_wconf 86' lang='lat' dir='ltr'><strong>Colchidos</strong></span> <span class='ocrx_word' id='word_1_38' title='bbox 1124 542 1292 594; x_wconf 85' lang='lat' dir='ltr'><strong>hospitis</strong></span> <span class='ocrx_word' id='word_1_39' title='bbox 1323 555 1427 590; x_wconf 87' lang='lat' dir='ltr'><strong>orae,</strong></span> 
     </span>
     <span class='ocr_line' id='line_1_7' title="bbox 357 608 1393 662; baseline -0.003 -14"><span class='ocrx_word' id='word_1_40' title='bbox 357 609 533 662; x_wconf 84' lang='lat' dir='ltr'><strong>pandite,</strong></span> <span class='ocrx_word' id='word_1_41' title='bbox 564 609 676 647; x_wconf 86' lang='lat' dir='ltr'><strong>dives</strong></span> <span class='ocrx_word' id='word_1_42' title='bbox 705 608 773 647; x_wconf 90' lang='lat' dir='ltr'><strong>ubi</strong></span> <span class='ocrx_word' id='word_1_43' title='bbox 802 608 920 660; x_wconf 87' lang='lat' dir='ltr'><strong>pellis</strong></span> <span class='ocrx_word' id='word_1_44' title='bbox 949 609 1070 646; x_wconf 90' lang='lat' dir='ltr'><strong>micet</strong></span> <span class='ocrx_word' id='word_1_45' title='bbox 1098 608 1239 646; x_wconf 89' lang='lat' dir='ltr'><strong>arbore</strong></span> <span class='ocrx_word' id='word_1_46' title='bbox 1270 621 1393 646; x_wconf 86' lang='lat' dir='ltr'><strong>sacra.</strong></span> 
     </span>
     <span class='ocr_line' id='line_1_8' title="bbox 356 673 1337 726; baseline -0.002 -13"><span class='ocrx_word' id='word_1_47' title='bbox 356 681 453 714; x_wconf 90' lang='lat' dir='ltr'><strong>tunc</strong></span> <span class='ocrx_word' id='word_1_48' title='bbox 481 675 565 722; x_wconf 91' lang='lat' dir='ltr'><strong>tibi,</strong></span> <span class='ocrx_word' id='word_1_49' title='bbox 596 674 758 714; x_wconf 84' lang='lat' dir='ltr'><strong>fecundi</strong></span> <span class='ocrx_word' id='word_1_50' title='bbox 786 674 919 726; x_wconf 87' lang='lat' dir='ltr'><strong>proles</strong></span> <span class='ocrx_word' id='word_1_51' title='bbox 949 674 1068 719; x_wconf 88' lang='lat' dir='ltr'><strong>Iovis,</strong></span> <span class='ocrx_word' id='word_1_52' title='bbox 1101 679 1185 712; x_wconf 88' lang='lat' dir='ltr'><strong>orte</strong></span> <span class='ocrx_word' id='word_1_53' title='bbox 1214 673 1337 711; x_wconf 87' lang='lat' dir='ltr'><strong>nivali</strong></span> 
     </span>
     <span class='ocr_line' id='line_1_9' title="bbox 358 738 1796 790; baseline -0.004 -11"><span class='ocrx_word' id='word_1_54' title='bbox 358 740 539 779; x_wconf 85' lang='lat' dir='ltr'><strong>Arcados</strong></span> <span class='ocrx_word' id='word_1_55' title='bbox 570 753 646 778; x_wconf 87' lang='lat' dir='ltr'><strong>axe</strong></span> <span class='ocrx_word' id='word_1_56' title='bbox 676 739 789 786; x_wconf 86' lang='lat' dir='ltr'><strong>deae,</strong></span> <span class='ocrx_word' id='word_1_57' title='bbox 818 739 938 777; x_wconf 89' lang='lat' dir='ltr'><strong>fluvio</strong></span> <span class='ocrx_word' id='word_1_58' title='bbox 968 738 1097 786; x_wconf 90' lang='lat' dir='ltr'><strong>modo,</strong></span> <span class='ocrx_word' id='word_1_59' title='bbox 1126 739 1260 786; x_wconf 86' lang='lat' dir='ltr'>Phasi,</span> <span class='ocrx_word' id='word_1_60' title='bbox 1292 739 1427 790; x_wconf 89' lang='lat' dir='ltr'><strong>quieto</strong></span> <span class='ocrx_word' id='word_1_61' title='bbox 1741 742 1796 772; x_wconf 83' lang='lat'><strong>205</strong></span> 
     </span>
     <span class='ocr_line' id='line_1_10' title="bbox 357 802 1405 857; baseline -0.003 -13"><span class='ocrx_word' id='word_1_62' title='bbox 357 802 579 844; x_wconf 85' lang='lat' dir='ltr'>Palladiam</span> <span class='ocrx_word' id='word_1_63' title='bbox 607 805 760 857; x_wconf 86' lang='lat' dir='ltr'><strong>patiare</strong></span> <span class='ocrx_word' id='word_1_64' title='bbox 789 810 927 852; x_wconf 87' lang='lat' dir='ltr'><strong>ratem,</strong></span> <span class='ocrx_word' id='word_1_65' title='bbox 957 818 1032 842; x_wconf 86' lang='lat' dir='ltr'><strong>nec</strong></span> <span class='ocrx_word' id='word_1_66' title='bbox 1062 804 1176 850; x_wconf 88' lang='lat' dir='ltr'><strong>dona,</strong></span> <span class='ocrx_word' id='word_1_67' title='bbox 1207 817 1282 842; x_wconf 88' lang='lat' dir='ltr'><strong>nec</strong></span> <span class='ocrx_word' id='word_1_68' title='bbox 1312 817 1405 841; x_wconf 87' lang='lat' dir='ltr'><strong>arae</strong></span> 
     </span>
     <span class='ocr_line' id='line_1_11' title="bbox 362 869 1281 918; baseline -0.004 -8"><span class='ocrx_word' id='word_1_69' title='bbox 362 871 563 910; x_wconf 83' lang='lat' dir='ltr'><strong>defuerint</strong></span> <span class='ocrx_word' id='word_1_70' title='bbox 590 870 735 909; x_wconf 90' lang='lat' dir='ltr'><strong>tellure</strong></span> <span class='ocrx_word' id='word_1_71' title='bbox 765 883 872 918; x_wconf 70' lang='lat' dir='ltr'><strong>mea,</strong></span> <span class='ocrx_word' id='word_1_72' title='bbox 901 869 1125 908; x_wconf 85' lang='lat' dir='ltr'><strong>reverenda</strong></span> <span class='ocrx_word' id='word_1_73' title='bbox 1153 869 1281 907; x_wconf 89' lang='lat' dir='ltr'><strong>tuenti</strong></span> 
     </span>
    </p>

    <p class='ocr_par' dir='ltr' id='par_1_3' title="bbox 359 934 1492 1053">
     <span class='ocr_line' id='line_1_12' title="bbox 359 934 1492 988; baseline -0.003 -13"><span class='ocrx_word' id='word_1_74' title='bbox 359 937 515 988; x_wconf 81' lang='lat' dir='ltr'><strong>effigies</strong></span> <span class='ocrx_word' id='word_1_75' title='bbox 544 942 596 983; x_wconf 90' lang='lat' dir='ltr'><strong>te,</strong></span> <span class='ocrx_word' id='word_1_76' title='bbox 627 936 759 982; x_wconf 86' lang='lat' dir='ltr'>Phasi,</span> <span class='ocrx_word' id='word_1_77' title='bbox 790 940 936 978; x_wconf 80' lang='lat' dir='ltr'><strong>manet,</strong></span> <span class='ocrx_word' id='word_1_78' title='bbox 968 948 1085 986; x_wconf 87' lang='lat' dir='ltr'><strong>quam</strong></span> <span class='ocrx_word' id='word_1_79' title='bbox 1114 948 1282 986; x_wconf 87' lang='lat' dir='ltr'><strong>magnus</strong></span> <span class='ocrx_word' id='word_1_80' title='bbox 1311 934 1492 985; x_wconf 84' lang='lat' dir='ltr'><strong>Enipeus</strong></span> 
     </span>
     <span class='ocr_line' id='line_1_13' title="bbox 359 999 1411 1053; baseline -0.004 -13"><span class='ocrx_word' id='word_1_81' title='bbox 359 1007 399 1040; x_wconf 89' lang='lat' dir='ltr'><strong>et</strong></span> <span class='ocrx_word' id='word_1_82' title='bbox 427 1007 542 1053; x_wconf 89' lang='lat' dir='ltr'><strong>pater</strong></span> <span class='ocrx_word' id='word_1_83' title='bbox 570 1006 707 1039; x_wconf 85' lang='lat' dir='ltr'><strong>aurato</strong></span> <span class='ocrx_word' id='word_1_84' title='bbox 738 1005 909 1052; x_wconf 86' lang='lat' dir='ltr'><strong>quantus</strong></span> <span class='ocrx_word' id='word_1_85' title='bbox 937 1000 1043 1038; x_wconf 89' lang='lat' dir='ltr'><strong>iacet</strong></span> <span class='ocrx_word' id='word_1_86' title='bbox 1070 999 1243 1037; x_wconf 86' lang='lat' dir='ltr'><strong>Inachus</strong></span> <span class='ocrx_word' id='word_1_87' title='bbox 1274 999 1411 1037; x_wconf 88' lang='lat' dir='ltr'><strong>antro&#39;.</strong></span> 
     </span>
    </p>
   </div>
   <div class='ocr_carea' id='block_1_3' title="bbox 246 1092 533 1100">
    <p class='ocr_par' dir='ltr' id='par_1_4' title="bbox 246 1092 533 1100">
     <span class='ocr_line' id='line_1_14' title="bbox 246 1092 533 1100; baseline 0 2000"><span class='ocrx_word' id='word_1_88' title='bbox 246 1092 533 1100; x_wconf 95' lang='lat' dir='ltr'><strong> </strong></span> 
     </span>
    </p>
   </div>
   <div class='ocr_carea' id='block_1_4' title="bbox 241 1141 1752 2671">
    <p class='ocr_par' dir='ltr' id='par_1_5' title="bbox 248 1141 1741 1308">
     <span class='ocr_line' id='line_1_15' title="bbox 344 1141 1741 1187; baseline -0.004 -6"><span class='ocrx_word' id='word_1_89' title='bbox 344 1145 425 1181; x_wconf 88' lang='grc'><strong>198.</strong></span> <span class='ocrx_word' id='word_1_90' title='bbox 486 1144 620 1179; x_wconf 80' lang='lat' dir='ltr'><strong>tumulo</strong></span> <span class='ocrx_word' id='word_1_91' title='bbox 645 1164 691 1169; x_wconf 89' lang='lat'><em>-</em></span> <span class='ocrx_word' id='word_1_92' title='bbox 716 1143 828 1183; x_wconf 76' lang='lat' dir='ltr'><strong>inani,</strong></span> <span class='ocrx_word' id='word_1_93' title='bbox 868 1141 980 1187; x_wconf 88' lang='lat' dir='ltr'><strong>Verg.</strong></span> <span class='ocrx_word' id='word_1_94' title='bbox 1012 1142 1103 1177; x_wconf 87' lang='lat' dir='ltr'><strong>Aen.</strong></span> <span class='ocrx_word' id='word_1_95' title='bbox 1136 1141 1204 1182; x_wconf 81' lang='grc' dir='ltr'>ΙΙΙ,</span> <span class='ocrx_word' id='word_1_96' title='bbox 1240 1141 1321 1178; x_wconf 85' lang='lat'>304.</span> <span class='ocrx_word' id='word_1_97' title='bbox 1362 1142 1573 1186; x_wconf 77' lang='lat' dir='ltr'><strong>nequiquam</strong></span> <span class='ocrx_word' id='word_1_98' title='bbox 1617 1142 1741 1176; x_wconf 88' lang='lat' dir='ltr'><strong>autem</strong></span> 
     </span>
     <span class='ocr_line' id='line_1_16' title="bbox 248 1200 1741 1246; baseline -0.005 -4"><span class='ocrx_word' id='word_1_99' title='bbox 248 1206 394 1242; x_wconf 76' lang='lat' dir='ltr'><strong>condita</strong></span> <span class='ocrx_word' id='word_1_100' title='bbox 426 1204 512 1239; x_wconf 88' lang='lat' dir='ltr'><strong>ideo</strong></span> <span class='ocrx_word' id='word_1_101' title='bbox 537 1203 643 1239; x_wconf 86' lang='lat' dir='ltr'><strong>Helle</strong></span> <span class='ocrx_word' id='word_1_102' title='bbox 670 1202 811 1246; x_wconf 79' lang='lat' dir='ltr'><strong>dicitur,</strong></span> <span class='ocrx_word' id='word_1_103' title='bbox 838 1201 924 1246; x_wconf 89' lang='lat' dir='ltr'><strong>quia</strong></span> <span class='ocrx_word' id='word_1_104' title='bbox 950 1202 1020 1237; x_wconf 87' lang='lat' dir='ltr'><strong>dea</strong></span> <span class='ocrx_word' id='word_1_105' title='bbox 1045 1201 1264 1236; x_wconf 87' lang='lat' dir='ltr'><strong>immortalis</strong></span> <span class='ocrx_word' id='word_1_106' title='bbox 1291 1200 1394 1235; x_wconf 87' lang='lat' dir='ltr'><strong>facta</strong></span> <span class='ocrx_word' id='word_1_107' title='bbox 1426 1200 1567 1236; x_wconf 89' lang='lat' dir='ltr'><strong>tumulo</strong></span> <span class='ocrx_word' id='word_1_108' title='bbox 1593 1200 1741 1236; x_wconf 91' lang='lat' dir='ltr'><strong>omnino</strong></span> 
     </span>
     <span class='ocr_line' id='line_1_17' title="bbox 249 1264 504 1308; baseline -0.008 -8"><span class='ocrx_word' id='word_1_109' title='bbox 249 1277 325 1300; x_wconf 92' lang='lat' dir='ltr'><strong>non</strong></span> <span class='ocrx_word' id='word_1_110' title='bbox 351 1264 504 1308; x_wconf 85' lang='lat' dir='ltr'><strong>indiget.</strong></span> 
     </span>
    </p>

    <p class='ocr_par' dir='ltr' id='par_1_6' title="bbox 244 1319 1744 1724">
     <span class='ocr_line' id='line_1_18' title="bbox 347 1319 1744 1368; baseline -0.003 -10"><span class='ocrx_word' id='word_1_111' title='bbox 347 1323 428 1359; x_wconf 90' lang='lat'>200.</span> <span class='ocrx_word' id='word_1_112' title='bbox 471 1333 542 1368; x_wconf 78' lang='lat' dir='ltr'><strong>per</strong></span> <span class='ocrx_word' id='word_1_113' title='bbox 567 1326 601 1357; x_wconf 81' lang='lat' dir='ltr'><strong>te</strong></span> <span class='ocrx_word' id='word_1_114' title='bbox 624 1321 647 1357; x_wconf 91' lang='lat' dir='ltr'>i.</span> <span class='ocrx_word' id='word_1_115' title='bbox 675 1333 706 1358; x_wconf 90' lang='lat' dir='ltr'><strong>e.</strong></span> <span class='ocrx_word' id='word_1_116' title='bbox 731 1332 799 1366; x_wconf 88' lang='lat' dir='ltr'><strong>per</strong></span> <span class='ocrx_word' id='word_1_117' title='bbox 824 1320 1110 1366; x_wconf 84' lang='lat' dir='ltr'><strong>Hellespontum</strong></span> <span class='ocrx_word' id='word_1_118' title='bbox 1141 1319 1369 1364; x_wconf 83' lang='lat' dir='ltr'><strong>metonymia</strong></span> <span class='ocrx_word' id='word_1_119' title='bbox 1401 1319 1549 1354; x_wconf 88' lang='lat' dir='ltr'><strong>minime</strong></span> <span class='ocrx_word' id='word_1_120' title='bbox 1576 1319 1744 1364; x_wconf 84' lang='lat' dir='ltr'><strong>eleganti</strong></span> 
     </span>
     <span class='ocr_line' id='line_1_19' title="bbox 250 1378 1742 1426; baseline -0.004 -7"><span class='ocrx_word' id='word_1_121' title='bbox 250 1384 409 1420; x_wconf 86' lang='lat' dir='ltr'><strong>dictum:</strong></span> <span class='ocrx_word' id='word_1_122' title='bbox 448 1382 516 1418; x_wconf 87' lang='lat' dir='ltr'><strong>cfr.</strong></span> <span class='ocrx_word' id='word_1_123' title='bbox 543 1381 592 1416; x_wconf 85' lang='lat' dir='ltr'><strong>ad</strong></span> <span class='ocrx_word' id='word_1_124' title='bbox 617 1380 665 1418; x_wconf 86' lang='grc' dir='ltr'><strong>ΙΙ,</strong></span> <span class='ocrx_word' id='word_1_125' title='bbox 692 1380 778 1422; x_wconf 88' lang='grc'><strong>629;</strong></span> <span class='ocrx_word' id='word_1_126' title='bbox 819 1383 949 1426; x_wconf 64' lang='lat' dir='ltr'><strong>egomet</strong></span> <span class='ocrx_word' id='word_1_127' title='bbox 986 1381 1112 1414; x_wconf 89' lang='lat' dir='ltr'><strong>autem</strong></span> <span class='ocrx_word' id='word_1_128' title='bbox 1149 1379 1219 1415; x_wconf 91' lang='lat' dir='ltr'><strong>hoc</strong></span> <span class='ocrx_word' id='word_1_129' title='bbox 1256 1379 1333 1414; x_wconf 88' lang='lat' dir='ltr'><strong>loco</strong></span> <span class='ocrx_word' id='word_1_130' title='bbox 1370 1389 1518 1424; x_wconf 87' lang='lat' dir='ltr'><strong>prorsus</strong></span> <span class='ocrx_word' id='word_1_131' title='bbox 1555 1378 1648 1413; x_wconf 86' lang='lat' dir='ltr'><strong>nihil</strong></span> <span class='ocrx_word' id='word_1_132' title='bbox 1673 1378 1742 1414; x_wconf 90' lang='lat' dir='ltr'><strong>nisi</strong></span> 
     </span>
     <span class='ocr_line' id='line_1_20' title="bbox 257 1437 1742 1489; baseline -0.003 -11"><span class='ocrx_word' id='word_1_133' title='bbox 257 1445 354 1489; x_wconf 92' lang='lat' dir='ltr'><strong>quod</strong></span> <span class='ocrx_word' id='word_1_134' title='bbox 381 1441 537 1487; x_wconf 83' lang='lat' dir='ltr'><strong>simplex</strong></span> <span class='ocrx_word' id='word_1_135' title='bbox 562 1451 766 1486; x_wconf 88' lang='lat' dir='ltr'><strong>pronomen</strong></span> <span class='ocrx_word' id='word_1_136' title='bbox 792 1440 992 1485; x_wconf 88' lang='lat' dir='ltr'><strong>significat;</strong></span> <span class='ocrx_word' id='word_1_137' title='bbox 1032 1439 1198 1474; x_wconf 86' lang='lat' dir='ltr'><strong>similiter</strong></span> <span class='ocrx_word' id='word_1_138' title='bbox 1223 1438 1359 1484; x_wconf 87' lang='lat' dir='ltr'><strong>legitur</strong></span> <span class='ocrx_word' id='word_1_139' title='bbox 1384 1437 1479 1474; x_wconf 85' lang='lat' dir='ltr'><strong>Stat.</strong></span> <span class='ocrx_word' id='word_1_140' title='bbox 1506 1437 1586 1474; x_wconf 87' lang='lat' dir='ltr'><strong>silv.</strong></span> <span class='ocrx_word' id='word_1_141' title='bbox 1612 1438 1683 1480; x_wconf 83' lang='grc' dir='ltr'>ΙΙΙ,</span> <span class='ocrx_word' id='word_1_142' title='bbox 1709 1439 1742 1480; x_wconf 83' lang='grc'><strong>5,</strong></span> 
     </span>
     <span class='ocr_line' id='line_1_21' title="bbox 248 1497 1744 1546; baseline -0.003 -8"><span class='ocrx_word' id='word_1_143' title='bbox 248 1504 291 1546; x_wconf 90' lang='grc'><strong>6;</strong></span> <span class='ocrx_word' id='word_1_144' title='bbox 317 1503 379 1545; x_wconf 82' lang='lat' dir='ltr'><strong>JV,</strong></span> <span class='ocrx_word' id='word_1_145' title='bbox 405 1502 439 1544; x_wconf 91' lang='lat'><strong>4,</strong></span> <span class='ocrx_word' id='word_1_146' title='bbox 466 1501 534 1544; x_wconf 81' lang='lat'><strong>51;</strong></span> <span class='ocrx_word' id='word_1_147' title='bbox 584 1501 731 1546; x_wconf 88' lang='lat' dir='ltr'><strong>saepius</strong></span> <span class='ocrx_word' id='word_1_148' title='bbox 758 1499 859 1546; x_wconf 86' lang='lat' dir='ltr'><strong>apud</strong></span> <span class='ocrx_word' id='word_1_149' title='bbox 882 1498 1127 1545; x_wconf 79' lang='lat' dir='ltr'><strong>posteriores:</strong></span> <span class='ocrx_word' id='word_1_150' title='bbox 1152 1498 1262 1534; x_wconf 90' lang='lat' dir='ltr'><strong>Prud.</strong></span> <span class='ocrx_word' id='word_1_151' title='bbox 1300 1498 1460 1533; x_wconf 86' lang='lat' dir='ltr'><strong>hamart.</strong></span> <span class='ocrx_word' id='word_1_152' title='bbox 1493 1497 1581 1544; x_wconf 84' lang='lat'>788;</span> <span class='ocrx_word' id='word_1_153' title='bbox 1611 1502 1744 1533; x_wconf 74' lang='lat' dir='ltr'><strong>nosmet</strong></span> 
     </span>
     <span class='ocr_line' id='line_1_22' title="bbox 249 1556 1741 1610; baseline -0.003 -12"><span class='ocrx_word' id='word_1_154' title='bbox 249 1563 411 1600; x_wconf 78' lang='lat' dir='ltr'><strong>hamart.</strong></span> <span class='ocrx_word' id='word_1_155' title='bbox 436 1561 523 1603; x_wconf 77' lang='lat'><strong>3253</strong></span> <span class='ocrx_word' id='word_1_156' title='bbox 543 1560 669 1606; x_wconf 85' lang='lat' dir='ltr'><strong>psych.</strong></span> <span class='ocrx_word' id='word_1_157' title='bbox 688 1559 806 1605; x_wconf 87' lang='lat' dir='ltr'><strong>praef.</strong></span> <span class='ocrx_word' id='word_1_158' title='bbox 834 1559 875 1601; x_wconf 80' lang='lat'><strong>93</strong></span> <span class='ocrx_word' id='word_1_159' title='bbox 893 1558 1022 1604; x_wconf 88' lang='lat' dir='ltr'><strong>perist.</strong></span> <span class='ocrx_word' id='word_1_160' title='bbox 1050 1557 1098 1599; x_wconf 86' lang='grc' dir='ltr'><strong>ΙΙ,</strong></span> <span class='ocrx_word' id='word_1_161' title='bbox 1118 1558 1204 1600; x_wconf 84' lang='grc'><strong>322;</strong></span> <span class='ocrx_word' id='word_1_162' title='bbox 1222 1558 1378 1592; x_wconf 78' lang='lat' dir='ltr'><strong>mihimet</strong></span> <span class='ocrx_word' id='word_1_163' title='bbox 1394 1569 1423 1593; x_wconf 86' lang='lat' dir='ltr'><strong>c.</strong></span> <span class='ocrx_word' id='word_1_164' title='bbox 1445 1556 1569 1602; x_wconf 84' lang='lat' dir='ltr'><strong>Symm</strong></span> <span class='ocrx_word' id='word_1_165' title='bbox 1594 1557 1642 1602; x_wconf 83' lang='lat' dir='ltr'><strong>II,</strong></span> <span class='ocrx_word' id='word_1_166' title='bbox 1656 1557 1741 1610; x_wconf 70' lang='lat'><strong>2653</strong></span> 
     </span>
     <span class='ocr_line' id='line_1_23' title="bbox 244 1617 1743 1662; baseline -0.005 -3"><span class='ocrx_word' id='word_1_167' title='bbox 244 1623 395 1659; x_wconf 80' lang='lat' dir='ltr'><strong>Iuvenc.</strong></span> <span class='ocrx_word' id='word_1_168' title='bbox 422 1622 450 1662; x_wconf 79' lang='lat'><strong>1,</strong></span> <span class='ocrx_word' id='word_1_169' title='bbox 477 1620 540 1661; x_wconf 88' lang='lat'><strong>66;</strong></span> <span class='ocrx_word' id='word_1_170' title='bbox 584 1619 671 1655; x_wconf 89' lang='lat' dir='ltr'><strong>Ven.</strong></span> <span class='ocrx_word' id='word_1_171' title='bbox 699 1619 800 1655; x_wconf 79' lang='lat' dir='ltr'><strong>Fort.</strong></span> <span class='ocrx_word' id='word_1_172' title='bbox 835 1618 898 1660; x_wconf 88' lang='lat' dir='ltr'><strong>XI,</strong></span> <span class='ocrx_word' id='word_1_173' title='bbox 925 1618 957 1660; x_wconf 85' lang='lat'><strong>5,</strong></span> <span class='ocrx_word' id='word_1_174' title='bbox 986 1618 1023 1660; x_wconf 84' lang='lat'><strong>1;</strong></span> <span class='ocrx_word' id='word_1_175' title='bbox 1063 1622 1185 1653; x_wconf 78' lang='lat' dir='ltr'><strong>memet</strong></span> <span class='ocrx_word' id='word_1_176' title='bbox 1228 1617 1360 1653; x_wconf 85' lang='lat' dir='ltr'><strong>Sedul.</strong></span> <span class='ocrx_word' id='word_1_177' title='bbox 1400 1617 1526 1662; x_wconf 86' lang='lat' dir='ltr'><strong>pasch.</strong></span> <span class='ocrx_word' id='word_1_178' title='bbox 1565 1628 1595 1654; x_wconf 81' lang='lat' dir='ltr'><strong>e.</strong></span> <span class='ocrx_word' id='word_1_179' title='bbox 1629 1617 1672 1659; x_wconf 88' lang='lat' dir='ltr'><strong>V,</strong></span> <span class='ocrx_word' id='word_1_180' title='bbox 1704 1619 1743 1659; x_wconf 84' lang='lat'><strong>6;</strong></span> 
     </span>
     <span class='ocr_line' id='line_1_24' title="bbox 246 1679 1696 1724; baseline -0.006 -6"><span class='ocrx_word' id='word_1_181' title='bbox 246 1682 398 1719; x_wconf 84' lang='lat' dir='ltr'><strong>Iuvenc.</strong></span> <span class='ocrx_word' id='word_1_182' title='bbox 425 1680 488 1724; x_wconf 94' lang='lat' dir='ltr'><strong>IV,</strong></span> <span class='ocrx_word' id='word_1_183' title='bbox 514 1679 595 1714; x_wconf 89' lang='lat'>241.</span> <span class='ocrx_word' id='word_1_184' title='bbox 1690 1680 1696 1691; x_wconf 85' lang='grc'><strong><em>·</em></strong></span> 
     </span>
    </p>

    <p class='ocr_par' dir='ltr' id='par_1_7' title="bbox 340 1736 1099 1780">
     <span class='ocr_line' id='line_1_25' title="bbox 340 1736 1099 1780; baseline -0.005 -5"><span class='ocrx_word' id='word_1_185' title='bbox 340 1740 420 1776; x_wconf 88' lang='grc'><strong>203.</strong></span> <span class='ocrx_word' id='word_1_186' title='bbox 473 1740 619 1774; x_wconf 78' lang='lat' dir='ltr'><strong>misceat</strong></span> <span class='ocrx_word' id='word_1_187' title='bbox 645 1738 741 1780; x_wconf 73' lang='lat' dir='ltr'><strong>Vat..</strong></span> <span class='ocrx_word' id='word_1_188' title='bbox 768 1738 868 1773; x_wconf 78' lang='lat' dir='ltr'><strong>micet</strong></span> <span class='ocrx_word' id='word_1_189' title='bbox 894 1737 972 1774; x_wconf 86' lang='lat' dir='ltr'><strong>cod.</strong></span> <span class='ocrx_word' id='word_1_190' title='bbox 1001 1736 1099 1772; x_wconf 87' lang='lat' dir='ltr'><strong>Carr.</strong></span> 
     </span>
    </p>

    <p class='ocr_par' dir='ltr' id='par_1_8' title="bbox 242 1796 1745 2085">
     <span class='ocr_line' id='line_1_26' title="bbox 340 1796 1745 1842; baseline -0.002 -7"><span class='ocrx_word' id='word_1_191' title='bbox 340 1800 422 1836; x_wconf 89' lang='lat'>204.</span> <span class='ocrx_word' id='word_1_192' title='bbox 471 1799 601 1834; x_wconf 83' lang='lat' dir='ltr'>Phasis</span> <span class='ocrx_word' id='word_1_193' title='bbox 627 1798 837 1833; x_wconf 87' lang='lat' dir='ltr'><strong>nominatur</strong></span> <span class='ocrx_word' id='word_1_194' title='bbox 859 1797 1004 1840; x_wconf 76' lang='lat' dir='ltr'><strong>fecundi</strong></span> <span class='ocrx_word' id='word_1_195' title='bbox 1035 1797 1132 1832; x_wconf 78' lang='lat' dir='ltr'><strong>Iovis</strong></span> <span class='ocrx_word' id='word_1_196' title='bbox 1158 1797 1292 1841; x_wconf 74' lang='lat' dir='ltr'><strong>proles,</strong></span> <span class='ocrx_word' id='word_1_197' title='bbox 1318 1797 1361 1831; x_wconf 86' lang='lat' dir='ltr'><strong>ut</strong></span> <span class='ocrx_word' id='word_1_198' title='bbox 1385 1797 1523 1842; x_wconf 89' lang='lat' dir='ltr'><strong>putant</strong></span> <span class='ocrx_word' id='word_1_199' title='bbox 1548 1796 1745 1832; x_wconf 82' lang='lat' dir='ltr'><strong>Turnebus</strong></span> 
     </span>
     <span class='ocr_line' id='line_1_27' title="bbox 246 1856 1741 1904; baseline -0.003 -8"><span class='ocrx_word' id='word_1_200' title='bbox 246 1863 285 1897; x_wconf 87' lang='lat' dir='ltr'><strong>et</strong></span> <span class='ocrx_word' id='word_1_201' title='bbox 312 1861 511 1904; x_wconf 84' lang='lat' dir='ltr'><strong>Burmann,</strong></span> <span class='ocrx_word' id='word_1_202' title='bbox 539 1870 582 1894; x_wconf 84' lang='lat' dir='ltr'><strong>ex</strong></span> <span class='ocrx_word' id='word_1_203' title='bbox 606 1858 816 1893; x_wconf 82' lang='lat' dir='ltr'><strong>imitatione</strong></span> <span class='ocrx_word' id='word_1_204' title='bbox 854 1856 1016 1897; x_wconf 80' lang='lat' dir='ltr'><strong>Homeri,</strong></span> <span class='ocrx_word' id='word_1_205' title='bbox 1044 1856 1105 1901; x_wconf 89' lang='lat' dir='ltr'><strong>qui</strong></span> <span class='ocrx_word' id='word_1_206' title='bbox 1142 1856 1271 1892; x_wconf 87' lang='lat' dir='ltr'><strong>fluvios</strong></span> <span class='ocrx_word' id='word_1_207' title='bbox 1306 1857 1418 1891; x_wconf 85' lang='lat' dir='ltr'><strong>vocat</strong></span> <span class='ocrx_word' id='word_1_208' title='bbox 1449 1860 1607 1899; x_wconf 86' lang='grc' dir='ltr'>διιπετεῒς,</span> <span class='ocrx_word' id='word_1_209' title='bbox 1637 1857 1741 1891; x_wconf 86' lang='lat' dir='ltr'><strong>recte</strong></span> 
     </span>
     <span class='ocr_line' id='line_1_28' title="bbox 244 1915 1739 1963; baseline -0.004 -7"><span class='ocrx_word' id='word_1_210' title='bbox 244 1920 324 1956; x_wconf 89' lang='lat' dir='ltr'><strong>sine</strong></span> <span class='ocrx_word' id='word_1_211' title='bbox 350 1919 469 1959; x_wconf 87' lang='lat' dir='ltr'><strong>dubio,</strong></span> <span class='ocrx_word' id='word_1_212' title='bbox 497 1918 583 1963; x_wconf 88' lang='lat' dir='ltr'><strong>quia</strong></span> <span class='ocrx_word' id='word_1_213' title='bbox 609 1918 735 1953; x_wconf 82' lang='lat' dir='ltr'><strong>Phasis</strong></span> <span class='ocrx_word' id='word_1_214' title='bbox 767 1928 856 1952; x_wconf 86' lang='lat' dir='ltr'><strong>vera</strong></span> <span class='ocrx_word' id='word_1_215' title='bbox 893 1916 990 1951; x_wconf 88' lang='lat' dir='ltr'><strong>Iovis</strong></span> <span class='ocrx_word' id='word_1_216' title='bbox 1020 1916 1218 1962; x_wconf 89' lang='lat' dir='ltr'><strong>progenies</strong></span> <span class='ocrx_word' id='word_1_217' title='bbox 1255 1926 1334 1951; x_wconf 80' lang='lat' dir='ltr'><strong>esse</strong></span> <span class='ocrx_word' id='word_1_218' title='bbox 1372 1927 1447 1950; x_wconf 88' lang='lat' dir='ltr'><strong>non</strong></span> <span class='ocrx_word' id='word_1_219' title='bbox 1471 1915 1644 1957; x_wconf 85' lang='lat' dir='ltr'><strong>traditur,</strong></span> <span class='ocrx_word' id='word_1_220' title='bbox 1671 1915 1739 1951; x_wconf 89' lang='lat' dir='ltr'><strong>sed</strong></span> 
     </span>
     <span class='ocr_line' id='line_1_29' title="bbox 244 1974 1740 2021; baseline -0.003 -6"><span class='ocrx_word' id='word_1_221' title='bbox 244 1979 338 2015; x_wconf 84' lang='lat' dir='ltr'><strong>Solis</strong></span> <span class='ocrx_word' id='word_1_222' title='bbox 364 1979 458 2014; x_wconf 87' lang='lat' dir='ltr'><strong>filius</strong></span> <span class='ocrx_word' id='word_1_223' title='bbox 486 1978 615 2014; x_wconf 87' lang='lat' dir='ltr'><strong>dicitur</strong></span> <span class='ocrx_word' id='word_1_224' title='bbox 639 1977 734 2013; x_wconf 86' lang='lat' dir='ltr'><strong>Plut.</strong></span> <span class='ocrx_word' id='word_1_225' title='bbox 762 1977 806 2012; x_wconf 88' lang='lat' dir='ltr'><strong>de</strong></span> <span class='ocrx_word' id='word_1_226' title='bbox 832 1976 952 2011; x_wconf 82' lang='lat' dir='ltr'><strong>fluviis</strong></span> <span class='ocrx_word' id='word_1_227' title='bbox 978 1975 1020 2017; x_wconf 89' lang='lat' dir='ltr'><strong>V,</strong></span> <span class='ocrx_word' id='word_1_228' title='bbox 1048 1976 1086 2017; x_wconf 86' lang='lat'><strong>1;</strong></span> <span class='ocrx_word' id='word_1_229' title='bbox 1113 1976 1174 2011; x_wconf 86' lang='lat' dir='ltr'><strong>cfr.</strong></span> <span class='ocrx_word' id='word_1_230' title='bbox 1201 1976 1228 2016; x_wconf 82' lang='grc' dir='ltr'><strong>Ι,</strong></span> <span class='ocrx_word' id='word_1_231' title='bbox 1257 1975 1343 2017; x_wconf 85' lang='grc'><strong>692;</strong></span> <span class='ocrx_word' id='word_1_232' title='bbox 1367 1975 1542 2018; x_wconf 76' lang='lat' dir='ltr'><strong>fecundus</strong></span> <span class='ocrx_word' id='word_1_233' title='bbox 1568 1976 1626 2010; x_wconf 88' lang='lat' dir='ltr'><strong>est</strong></span> <span class='ocrx_word' id='word_1_234' title='bbox 1653 1974 1740 2021; x_wconf 89' lang='lat' dir='ltr'><strong>Iup-</strong></span> 
     </span>
     <span class='ocr_line' id='line_1_30' title="bbox 242 2035 1213 2085; baseline -0.006 -10"><span class='ocrx_word' id='word_1_235' title='bbox 242 2040 352 2085; x_wconf 88' lang='lat' dir='ltr'><strong>piter,</strong></span> <span class='ocrx_word' id='word_1_236' title='bbox 381 2038 477 2084; x_wconf 90' lang='lat' dir='ltr'><strong>quod</strong></span> <span class='ocrx_word' id='word_1_237' title='bbox 502 2037 681 2073; x_wconf 87' lang='lat' dir='ltr'><strong>imbribus</strong></span> <span class='ocrx_word' id='word_1_238' title='bbox 707 2036 836 2072; x_wconf 64' lang='lat' dir='ltr'><strong>fiuVios</strong></span> <span class='ocrx_word' id='word_1_239' title='bbox 861 2036 1035 2081; x_wconf 84' lang='lat' dir='ltr'><strong>procreat</strong></span> <span class='ocrx_word' id='word_1_240' title='bbox 1061 2035 1213 2080; x_wconf 87' lang='lat' dir='ltr'><strong>alitque.</strong></span> 
     </span>
    </p>

    <p class='ocr_par' dir='ltr' id='par_1_9' title="bbox 339 2093 1735 2140">
     <span class='ocr_line' id='line_1_31' title="bbox 339 2093 1735 2140; baseline -0.004 -7"><span class='ocrx_word' id='word_1_241' title='bbox 339 2098 419 2136; x_wconf 85' lang='lat'>205.</span> <span class='ocrx_word' id='word_1_242' title='bbox 470 2098 588 2133; x_wconf 80' lang='lat' dir='ltr'><strong>Areas</strong></span> <span class='ocrx_word' id='word_1_243' title='bbox 602 2097 669 2131; x_wconf 81' lang='lat' dir='ltr'><strong>dea</strong></span> <span class='ocrx_word' id='word_1_244' title='bbox 687 2097 744 2131; x_wconf 86' lang='lat' dir='ltr'><strong>est</strong></span> <span class='ocrx_word' id='word_1_245' title='bbox 758 2095 911 2132; x_wconf 83' lang='lat' dir='ltr'><strong>Callisto</strong></span> <span class='ocrx_word' id='word_1_246' title='bbox 928 2095 1092 2140; x_wconf 86' lang='lat' dir='ltr'><strong>nympha</strong></span> <span class='ocrx_word' id='word_1_247' title='bbox 1110 2094 1148 2129; x_wconf 90' lang='lat' dir='ltr'><strong>in</strong></span> <span class='ocrx_word' id='word_1_248' title='bbox 1165 2105 1274 2130; x_wconf 87' lang='lat' dir='ltr'><strong>ursae</strong></span> <span class='ocrx_word' id='word_1_249' title='bbox 1293 2093 1440 2131; x_wconf 82' lang='lat' dir='ltr'><strong>maioris</strong></span> <span class='ocrx_word' id='word_1_250' title='bbox 1458 2093 1558 2129; x_wconf 87' lang='lat' dir='ltr'><strong>sidus</strong></span> <span class='ocrx_word' id='word_1_251' title='bbox 1575 2095 1735 2129; x_wconf 84' lang='lat' dir='ltr'><strong>mutata.</strong></span> 
     </span>
    </p>

    <p class='ocr_par' dir='ltr' id='par_1_10' title="bbox 241 2153 1744 2321">
     <span class='ocr_line' id='line_1_32' title="bbox 340 2153 1744 2203; baseline -0.004 -11"><span class='ocrx_word' id='word_1_252' title='bbox 340 2157 423 2194; x_wconf 80' lang='grc'><strong>207.</strong></span> <span class='ocrx_word' id='word_1_253' title='bbox 473 2157 667 2203; x_wconf 77' lang='lat' dir='ltr'><strong>defuerint;</strong></span> <span class='ocrx_word' id='word_1_254' title='bbox 694 2155 931 2200; x_wconf 76' lang='lat' dir='ltr'><strong>exspectatur</strong></span> <span class='ocrx_word' id='word_1_255' title='bbox 956 2154 1111 2200; x_wconf 69' lang='lat' dir='ltr'><strong>deerunt,</strong></span> <span class='ocrx_word' id='word_1_256' title='bbox 1139 2154 1202 2189; x_wconf 89' lang='lat' dir='ltr'><strong>sed</strong></span> <span class='ocrx_word' id='word_1_257' title='bbox 1229 2153 1294 2188; x_wconf 87' lang='lat' dir='ltr'><strong>cfr.</strong></span> <span class='ocrx_word' id='word_1_258' title='bbox 1323 2153 1389 2189; x_wconf 86' lang='lat' dir='ltr'>Ov.</span> <span class='ocrx_word' id='word_1_259' title='bbox 1421 2153 1510 2189; x_wconf 88' lang='lat' dir='ltr'><strong>artis</strong></span> <span class='ocrx_word' id='word_1_260' title='bbox 1535 2153 1584 2195; x_wconf 87' lang='lat' dir='ltr'><strong>II,</strong></span> <span class='ocrx_word' id='word_1_261' title='bbox 1612 2153 1682 2187; x_wconf 87' lang='lat'><strong>230</strong></span> <span class='ocrx_word' id='word_1_262' title='bbox 1705 2154 1744 2188; x_wconf 42' lang='lat' dir='ltr'><strong>si*</strong></span> 
     </span>
     <span class='ocr_line' id='line_1_33' title="bbox 247 2211 1740 2260; baseline -0.005 -7"><span class='ocrx_word' id='word_1_263' title='bbox 247 2221 329 2253; x_wconf 79' lang='lat' dir='ltr'><strong>rota</strong></span> <span class='ocrx_word' id='word_1_264' title='bbox 355 2217 516 2260; x_wconf 79' lang='lat' dir='ltr'><strong>defuerit,</strong></span> <span class='ocrx_word' id='word_1_265' title='bbox 543 2221 583 2251; x_wconf 80' lang='lat' dir='ltr'><strong>tu</strong></span> <span class='ocrx_word' id='word_1_266' title='bbox 602 2216 694 2260; x_wconf 77' lang='lat' dir='ltr'><strong>pede</strong></span> <span class='ocrx_word' id='word_1_267' title='bbox 718 2226 824 2259; x_wconf 78' lang='lat' dir='ltr'><strong>carpe</strong></span> <span class='ocrx_word' id='word_1_268' title='bbox 848 2215 954 2258; x_wconf 82' lang='lat' dir='ltr'><strong>viam,</strong></span> <span class='ocrx_word' id='word_1_269' title='bbox 981 2215 1020 2249; x_wconf 87' lang='lat' dir='ltr'><strong>et</strong></span> <span class='ocrx_word' id='word_1_270' title='bbox 1045 2213 1127 2249; x_wconf 87' lang='lat' dir='ltr'><strong>Val.</strong></span> <span class='ocrx_word' id='word_1_271' title='bbox 1155 2213 1269 2259; x_wconf 88' lang='lat' dir='ltr'><strong>ipsius</strong></span> <span class='ocrx_word' id='word_1_272' title='bbox 1294 2213 1379 2255; x_wconf 89' lang='lat' dir='ltr'>VII,</span> <span class='ocrx_word' id='word_1_273' title='bbox 1404 2212 1469 2254; x_wconf 83' lang='lat'><strong>94;</strong></span> <span class='ocrx_word' id='word_1_274' title='bbox 1512 2212 1558 2247; x_wconf 88' lang='lat' dir='ltr'><strong>de</strong></span> <span class='ocrx_word' id='word_1_275' title='bbox 1584 2211 1740 2257; x_wconf 81' lang='lat' dir='ltr'><strong>simplici</strong></span> 
     </span>
     <span class='ocr_line' id='line_1_34' title="bbox 241 2275 716 2321; baseline -0.004 -8"><span class='ocrx_word' id='word_1_276' title='bbox 241 2279 379 2321; x_wconf 71' lang='lat' dir='ltr'><strong>fuerint</strong></span> <span class='ocrx_word' id='word_1_277' title='bbox 409 2277 473 2312; x_wconf 87' lang='lat' dir='ltr'><strong>cfr.</strong></span> <span class='ocrx_word' id='word_1_278' title='bbox 501 2276 549 2310; x_wconf 88' lang='lat' dir='ltr'><strong>ad</strong></span> <span class='ocrx_word' id='word_1_279' title='bbox 574 2276 603 2317; x_wconf 83' lang='grc' dir='ltr'><strong>Ι,</strong></span> <span class='ocrx_word' id='word_1_280' title='bbox 630 2275 716 2311; x_wconf 85' lang='grc'><strong>675.</strong></span> 
     </span>
    </p>

    <p class='ocr_par' dir='ltr' id='par_1_11' title="bbox 244 2330 1738 2441">
     <span class='ocr_line' id='line_1_35' title="bbox 341 2330 1738 2377; baseline -0.004 -6"><span class='ocrx_word' id='word_1_281' title='bbox 341 2336 494 2371; x_wconf 75' lang='lat' dir='ltr'><strong>verenda</strong></span> <span class='ocrx_word' id='word_1_282' title='bbox 548 2335 692 2377; x_wconf 75' lang='lat' dir='ltr'><strong>flu-entis</strong></span> <span class='ocrx_word' id='word_1_283' title='bbox 732 2335 827 2375; x_wconf 85' lang='lat' dir='ltr'><strong>Vat.,</strong></span> <span class='ocrx_word' id='word_1_284' title='bbox 870 2333 1060 2368; x_wconf 77' lang='lat' dir='ltr'><strong>reverenda</strong></span> <span class='ocrx_word' id='word_1_285' title='bbox 1100 2332 1288 2374; x_wconf 82' lang='lat' dir='ltr'><strong>Heinsius3</strong></span> <span class='ocrx_word' id='word_1_286' title='bbox 1337 2332 1450 2367; x_wconf 75' lang='lat' dir='ltr'><strong>tuenti</strong></span> <span class='ocrx_word' id='word_1_287' title='bbox 1491 2330 1738 2366; x_wconf 84' lang='lat' dir='ltr'><strong>Sandstroem</strong></span> 
     </span>
     <span class='ocr_line' id='line_1_36' title="bbox 244 2395 536 2441; baseline -0.01 -9"><span class='ocrx_word' id='word_1_288' title='bbox 244 2396 393 2432; x_wconf 88' lang='lat' dir='ltr'><strong>emend.</strong></span> <span class='ocrx_word' id='word_1_289' title='bbox 418 2408 454 2441; x_wconf 83' lang='lat' dir='ltr'><strong>p.</strong></span> <span class='ocrx_word' id='word_1_290' title='bbox 481 2395 536 2429; x_wconf 85' lang='lat'><strong>35.</strong></span> 
     </span>
    </p>

    <p class='ocr_par' dir='ltr' id='par_1_12' title="bbox 244 2450 1752 2552">
     <span class='ocr_line' id='line_1_37' title="bbox 339 2450 1752 2491; baseline -0.005 -1"><span class='ocrx_word' id='word_1_291' title='bbox 339 2455 423 2491; x_wconf 90' lang='lat'>208.</span> <span class='ocrx_word' id='word_1_292' title='bbox 475 2454 619 2490; x_wconf 84' lang='lat' dir='ltr'><strong>Similes</strong></span> <span class='ocrx_word' id='word_1_293' title='bbox 646 2453 842 2488; x_wconf 87' lang='lat' dir='ltr'><strong>fluviorum</strong></span> <span class='ocrx_word' id='word_1_294' title='bbox 866 2453 1010 2487; x_wconf 87' lang='lat' dir='ltr'><strong>statuas</strong></span> <span class='ocrx_word' id='word_1_295' title='bbox 1027 2451 1176 2487; x_wconf 88' lang='lat' dir='ltr'><strong>Valerio</strong></span> <span class='ocrx_word' id='word_1_296' title='bbox 1203 2452 1291 2487; x_wconf 90' lang='lat' dir='ltr'><strong>ante</strong></span> <span class='ocrx_word' id='word_1_297' title='bbox 1317 2450 1439 2486; x_wconf 85' lang='lat' dir='ltr'><strong>oeulos</strong></span> <span class='ocrx_word' id='word_1_298' title='bbox 1465 2451 1635 2485; x_wconf 86' lang='lat' dir='ltr'><strong>versatas</strong></span> <span class='ocrx_word' id='word_1_299' title='bbox 1653 2460 1752 2485; x_wconf 72' lang='lat' dir='ltr'><strong>essev</strong></span> 
     </span>
     <span class='ocr_line' id='line_1_38' title="bbox 244 2512 757 2552; baseline -0.01 0"><span class='ocrx_word' id='word_1_300' title='bbox 244 2517 344 2552; x_wconf 82' lang='lat' dir='ltr'><strong>recte</strong></span> <span class='ocrx_word' id='word_1_301' title='bbox 373 2513 567 2551; x_wconf 84' lang='lat' dir='ltr'><strong>contendit</strong></span> <span class='ocrx_word' id='word_1_302' title='bbox 592 2512 757 2549; x_wconf 79' lang='lat' dir='ltr'><strong>Caussin.</strong></span> 
     </span>
    </p>

    <p class='ocr_par' dir='ltr' id='par_1_13' title="bbox 242 2568 1740 2671">
     <span class='ocr_line' id='line_1_39' title="bbox 272 2568 1740 2619; baseline -0.006 -7"><span class='ocrx_word' id='word_1_303' title='bbox 272 2610 275 2613; x_wconf 16' lang='grc' dir='ltr'><strong><em>Δ</em></strong></span> <span class='ocrx_word' id='word_1_304' title='bbox 339 2575 418 2610; x_wconf 86' lang='grc'><strong>209.</strong></span> <span class='ocrx_word' id='word_1_305' title='bbox 464 2578 573 2619; x_wconf 74' lang='lat' dir='ltr'><strong>pater</strong></span> <span class='ocrx_word' id='word_1_306' title='bbox 598 2594 640 2599; x_wconf 90' lang='lat'><strong>—</strong></span> <span class='ocrx_word' id='word_1_307' title='bbox 669 2572 845 2607; x_wconf 79' lang='lat' dir='ltr'><strong>Inachus:</strong></span> <span class='ocrx_word' id='word_1_308' title='bbox 880 2570 948 2607; x_wconf 83' lang='lat' dir='ltr'><strong>cfr.</strong></span> <span class='ocrx_word' id='word_1_309' title='bbox 973 2571 1020 2606; x_wconf 88' lang='lat' dir='ltr'><strong>ad</strong></span> <span class='ocrx_word' id='word_1_310' title='bbox 1053 2570 1121 2610; x_wconf 83' lang='lat' dir='ltr'>III,</span> <span class='ocrx_word' id='word_1_311' title='bbox 1150 2570 1234 2611; x_wconf 83' lang='grc'><strong>727;</strong></span> <span class='ocrx_word' id='word_1_312' title='bbox 1273 2570 1437 2605; x_wconf 87' lang='lat' dir='ltr'><strong>ceterum</strong></span> <span class='ocrx_word' id='word_1_313' title='bbox 1475 2568 1634 2604; x_wconf 89' lang='lat' dir='ltr'><strong>Inachus</strong></span> <span class='ocrx_word' id='word_1_314' title='bbox 1674 2569 1740 2604; x_wconf 80' lang='lat' dir='ltr'><strong>est·</strong></span> 
     </span>
     <span class='ocr_line' id='line_1_40' title="bbox 242 2627 1738 2671; baseline -0.006 0"><span class='ocrx_word' id='word_1_315' title='bbox 242 2636 340 2671; x_wconf 86' lang='lat' dir='ltr'><strong>inter</strong></span> <span class='ocrx_word' id='word_1_316' title='bbox 382 2633 639 2671; x_wconf 85' lang='lat' dir='ltr'><strong>celeberrimos</strong></span> <span class='ocrx_word' id='word_1_317' title='bbox 681 2631 858 2667; x_wconf 84' lang='lat' dir='ltr'><strong>Graeciae</strong></span> <span class='ocrx_word' id='word_1_318' title='bbox 885 2630 1030 2665; x_wconf 81' lang='lat' dir='ltr'><strong>fluvios:</strong></span> <span class='ocrx_word' id='word_1_319' title='bbox 1075 2630 1161 2665; x_wconf 88' lang='lat' dir='ltr'><strong>Luc.</strong></span> <span class='ocrx_word' id='word_1_320' title='bbox 1188 2629 1251 2671; x_wconf 82' lang='lat' dir='ltr'><strong>VI,</strong></span> <span class='ocrx_word' id='word_1_321' title='bbox 1277 2628 1365 2671; x_wconf 79' lang='lat'><strong>3633</strong></span> <span class='ocrx_word' id='word_1_322' title='bbox 1411 2628 1505 2664; x_wconf 83' lang='lat' dir='ltr'><strong>Stat.</strong></span> <span class='ocrx_word' id='word_1_323' title='bbox 1532 2627 1642 2663; x_wconf 83' lang='lat' dir='ltr'><strong>Theb.</strong></span> <span class='ocrx_word' id='word_1_324' title='bbox 1669 2627 1738 2669; x_wconf 66' lang='lat' dir='ltr'><strong>IV,</strong></span> 
     </span>
    </p>
   </div>
   <div class='ocr_carea' id='block_1_5' title="bbox 1832 2062 1890 3100">
    <p class='ocr_par' dir='ltr' id='par_1_14' title="bbox 1832 2062 1890 3100">
     <span class='ocr_line' id='line_1_41' title="bbox 1832 2062 1890 3100; baseline 0 0"><span class='ocrx_word' id='word_1_325' title='bbox 1832 2062 1890 3100; x_wconf 95' lang='lat' dir='ltr'><strong> </strong></span> 
     </span>
    </p>
   </div>
  </div>
 </body>
</html>
