1890 3100
191 222 277 266 522
714 222 750 258 Ο.
777 222 958 258 VALERI
983 223 1159 259 FLACOI

350 341 436 379 Iam
466 341 573 392 prior
600 342 642 379 in
670 341 781 380 lucos
812 343 915 381 curis
945 342 1209 394 urguentibus
1240 343 1357 381 heros

297 412 466 444 venerat
495 412 534 444 et
563 407 737 445 nemoris
767 420 881 446 sacra
910 421 953 446 se
983 413 1101 446 nocte
1129 408 1306 459 tegebat,

296 477 381 509 tum
411 485 571 523 quoque
602 471 762 510 siderea
790 472 920 510 clarus
950 472 1090 524 procul
1120 486 1188 511 ora
1215 473 1392 512 iuventa.

298 536 427 588 qualis
458 536 589 575 adhuc
619 537 765 588 sparsis
798 539 984 576 comitum
1013 552 1085 589 per
1113 538 1240 576 lustra
1269 539 1443 578 catervis

298 602 476 641 Latmius
507 603 660 641 aestiva
687 603 839 642 residet
867 610 1035 642 venator
1062 605 1104 642 in
1133 605 1285 652 umbra,

299 667 443 719 dignus
473 681 607 707 amore
638 668 750 716 deae,
781 669 925 707 velatis
956 670 1141 708 cornibus
1172 676 1212 708 et
1241 671 1319 708 iam

298 733 414 771 Luna
442 734 570 771 venit:
600 747 716 772 roseo
746 734 837 772 talis
868 748 939 785 per
967 735 1107 772 nubila
1136 735 1278 773 ductor

298 798 437 850 implet
465 798 616 837 honore
646 812 787 837 nemus
817 799 1021 851 talemque
1051 806 1240 851 expectat
1268 806 1484 842 amantem.

299 876 393 901 ecce
424 868 558 901 autem
586 863 758 914 pavidae
787 864 900 914 virgo
931 863 980 902 de
1010 878 1119 902 more
1149 865 1372 912 columbae,

301 941 404 979 quae
436 941 556 979 super
584 929 739 979 ingenti
769 928 1014 967 circumdata
1041 930 1243 980 praepetis
1272 930 1412 968 umbra

298 993 340 1030 in
370 1005 662 1044 quemcumque
691 998 868 1031 tremens
898 994 1100 1032 hominem
1130 994 1234 1032 cadit
1263 1018 1316 1022 —
1342 994 1441 1033 haut
1470 1007 1588 1034 secus
1618 995 1690 1034 illa

300 1063 390 1095 acta
417 1057 558 1096 timore
589 1058 702 1109 gravi
730 1058 904 1096 mediam
934 1071 977 1097 se
1007 1059 1130 1106 misit3
1162 1065 1203 1097 at
1230 1059 1300 1098 ille

192 1193 324 1239 plicat;
350 1193 471 1228 minus
488 1194 583 1229 bene
596 1194 790 1229 Burmann
802 1195 914 1239 putat
930 1195 1198 1230 Athamantem
1211 1196 1336 1230 furore
1349 1195 1459 1236 inani,
1480 1196 1580 1240 quod
1599 1207 1692 1232 uxor

193 1254 383 1298 evasisset,
408 1253 566 1298 pedibus
592 1254 735 1288 terram
759 1253 945 1300 pulsasse;
974 1255 1019 1288 W
1024 1254 1154 1299 agneri
1173 1254 1269 1289 enim
1296 1254 1526 1290 sententiam
1551 1254 1582 1290 si
1606 1266 1691 1300 pro-

192 1312 333 1354 bamus,
359 1312 478 1347 multo
498 1312 630 1347 clan'us
649 1313 687 1347 et
703 1312 911 1358 periculum
938 1314 976 1348 et
1001 1313 1172 1348 celeritas
1191 1313 1304 1358 fugae
1322 1314 1430 1350 nobis
1450 1315 1540 1350 ante
1566 1314 1691 1350 oculos

190 1373 390 1417 ponuntur.

286 1431 341 1465 25.
392 1432 547 1466 nemoris
570 1442 676 1466 sac-ra
699 1442 736 1466 se
760 1435 861 1466 nocte
887 1431 1032 1477 teyebat,
1061 1443 1110 1467 sc.
1136 1431 1250 1466 Marti
1275 1443 1382 1468 sacer
1407 1433 1490 1468 erat
1514 1432 1629 1467 lucus.

287 1490 344 1526 28.
394 1490 559 1525 Latmius
586 1511 630 1516 —
654 1494 816 1526 venator:
843 1490 1064 1535 Endymion.

287 1549 344 1585 29.
394 1550 519 1585 velatis
543 1550 710 1584 cornibus
734 1561 783 1584 sc.
809 1550 963 1595 pudore,
990 1561 1037 1585 ne
1065 1550 1335 1595 conspiciatu1·;
1372 1550 1419 1586 de
1446 1549 1690 1586 collocatione

193 1612 226 1644 et
250 1608 521 1644 coniunctionis
546 1608 621 1644 vid.
649 1609 699 1643 ad
723 1609 752 1654 I,
779 1608 835 1644 89.

287 1668 343 1703 31.
394 1667 560 1713 Utraque
585 1667 797 1708 translatio,
826 1669 864 1703 et
901 1669 995 1704 rosei
1020 1667 1198 1703 adiectivi
1225 1669 1264 1704 et
1288 1668 1436 1704 honoris
1460 1667 1690 1703 substantivi

193 1727 243 1762 ad
266 1727 586 1772 pulchritudinem
612 1730 648 1762 et
665 1727 901 1772 splendidam
918 1727 1082 1772 speciem
1108 1727 1391 1776 significandam
1408 1727 1532 1773 poetis
1550 1727 1690 1763 usitata

195 1787 262 1832 est,
290 1786 357 1822 cfr.
382 1786 483 1821 infra
508 1799 542 1822 v.
569 1786 651 1823 237.

287 1846 457 1890 talemque
506 1850 684 1890 exspectat
732 1850 923 1881 amantem:
988 1847 1028 1880 ut
1071 1845 1182 1881 Iason
1236 1857 1318 1881 cum
1352 1845 1597 1891 Endymione,
1637 1845 1690 1881 sic

194 1905 329 1940 Medea
356 1916 439 1940 cum
464 1905 569 1940 Luna
595 1906 847 1950 comparatur.

289 1964 346 2000 33.
396 1975 505 2008 super
551 1965 688 2009 inqenti
729 1965 950 2000 circumdata
993 1965 1183 2008 praepetis·
1228 1965 1374 1999 umbra:
1427 1965 1692 2010 praeterquam

194 2023 294 2067 quod
320 2023 492 2058 columba
517 2023 617 2058 ultro
643 2023 781 2068 pavida
808 2025 874 2065 est,
913 2023 1065 2069 insuper
1101 2024 1267 2059 terretur
1291 2035 1430 2067 magua
1455 2034 1524 2059 ave
1550 2022 1689 2068 rapaci,

1708 1072 1745 1102 35

195 2093 298 2127 quae,
325 2082 401 2116 iam
426 2082 605 2128 proxima,
631 2082 671 2117 in
697 2094 740 2118 eo
767 2084 835 2127 est,
862 2083 904 2117 ut
924 2082 1135 2118 columbam
1154 2082 1342 2127 corripiat.
1367 2082 1561 2128 Expressit
1576 2083 1692 2128 poeta
1742 2114 1745 2117 ,

195 2141 513 2186 comparationem
540 2153 585 2177 ex
605 2141 670 2177 Ov.
699 2153 743 2177 ex
770 2142 880 2179 Pont.
906 2141 954 2183 II,
982 2141 1014 2182 2,
1041 2141 1085 2176 37
1113 2153 1207 2185 seq.;
1247 2141 1416 2183 similem,
1442 2153 1518 2177 non
1543 2152 1691 2187 prorsus

196 2200 356 2235 eandem
397 2200 717 2245 comparationem
759 2200 917 2246 legimus
961 2200 1062 2246 apud
1102 2201 1215 2244 Verg.
1259 2201 1351 2236 Aen.
1396 2200 1463 2242 XI,
1507 2199 1586 2242 721,
1631 2200 1692 2244 qui

193 2258 359 2294 imitatus
387 2260 444 2294 est
468 2259 574 2294 Hom.
603 2260 671 2296 Od.
698 2260 778 2301 XV,
806 2259 874 2294 525
883 2273 890 2302 ;
919 2259 984 2295 cfr.
1013 2260 1127 2295 etiam
1152 2260 1196 2294 Il.
1223 2259 1339 2299 XXII,
1369 2258 1437 2295 139
1461 2269 1587 2305 seqq.;
1621 2258 1691 2294 Va-

193 2317 327 2354 lerium
352 2319 479 2353 autem
497 2318 734 2363 aliquomodo
759 2319 928 2354 imitatus
955 2320 1013 2354 est
1030 2318 1124 2354 Stat.
1152 2319 1267 2354 Theb.
1294 2318 1395 2359 VIII,
1422 2317 1493 2353 675
1517 2329 1618 2362 seqq.

289 2377 421 2413 Verbis
448 2388 542 2422 quae
569 2379 655 2412 sunt
680 2378 815 2423 inqenti
831 2379 1051 2413 circumdata
1061 2378 1247 2422 praepetis
1259 2378 1386 2412 umbra
1403 2378 1519 2422 poeta
1535 2376 1689 2419 indicat,

194 2447 306 2472 avem
341 2436 446 2471 illam
481 2436 557 2471 iam
592 2436 761 2481 proxime
799 2437 848 2471 ad
887 2437 1098 2472 columbam
1133 2437 1344 2482 advolasse;
1397 2435 1446 2471 ad
1472 2435 1584 2470 aliam
1610 2446 1692 2471 rem

197 2495 482 2540 significandam
505 2507 591 2530 usus
619 2496 677 2531 est
701 2495 848 2540 ingenti
874 2496 972 2530 alitis
1000 2497 1133 2531 umbra
1161 2499 1201 2537 V,
1230 2495 1309 2531 175.

290 2567 346 2605 35.
396 2567 547 2602 mediam
571 2577 607 2602 se
632 2567 728 2602 misit
751 2567 773 2601 i.
803 2578 832 2602 e.
859 2567 934 2601 ruit
958 2568 1042 2602 toto
1060 2578 1214 2612 corpore
1238 2566 1278 2601 in
1301 2566 1515 2611 amplexum
1531 2565 1688 2607 Iasonis,

197 2637 292 2671 quae
319 2627 376 2661 est
402 2625 600 2671 explicatio
625 2625 814 2670 Wagneri.
865 2625 940 2661 Sed
964 2625 1059 2660 mira
1085 2627 1142 2661 est
1167 2625 1322 2661 locutio:
1349 2625 1499 2661 videtur
1518 2624 1690 2661 Valerius

196 2696 274 2726 usu,
302 2696 374 2730 quo
401 2684 536 2720 dicitur
567 2684 672 2720 velut
709 2685 857 2720 mediam
895 2685 1073 2719 mulierem
1104 2684 1344 2728 complectitur
1369 2683 1452 2719 Ter.
1479 2683 1594 2720 Andr.
1622 2683 1691 2719 133
