1890 3100
230 211 318 253 474
757 208 795 244 C.
820 208 1000 243 VALERI
1026 207 1199 243 FLACCI

335 342 381 366 ac
410 328 517 380 prior
544 328 789 366 Haemonias
819 333 975 380 repetet
1005 340 1124 379 super
1153 341 1328 380 aequora
1356 327 1539 380 praedas.

334 393 431 431 haut
461 407 536 444 ego
566 407 654 431 cum
683 393 792 431 vittis
823 394 943 432 statui
971 393 1162 431 feralibus
1192 392 1370 447 Hellen]

335 459 368 497 si
396 464 531 497 tamen
559 458 620 497 his
649 458 765 497 aliter
791 465 947 510 perstas
976 472 1056 497 non
1085 457 1229 497 cedere
1258 459 1372 497 terris

333 529 454 576 teque
483 523 611 576 pudor
639 524 743 562 cassi
770 523 920 562 reditus
950 529 1083 562 movet
1124 537 1170 562 ac
1198 523 1298 562 latet
1326 538 1406 562 una

334 590 470 628 nescio
500 589 596 642 quid
623 589 713 641 plus
742 604 875 642 puppe
905 590 1011 637 viris,
1042 589 1150 628 haud
1178 590 1264 641 ipse
1293 590 1476 628 morabor

335 668 437 707 quae
466 655 619 707 petitis;
649 654 766 693 modo
795 661 931 694 nostra
959 656 1066 706 prior
1093 661 1137 693 tu
1165 655 1313 706 perfice
1343 655 1461 694 iussa.

333 720 501 759 Martius
531 719 624 759 axite
654 720 794 759 urbem
822 720 953 772 longis
983 721 1087 759 iacet
1116 720 1299 759 horridus
1330 721 1443 759 annis

335 799 510 838 campus,
542 792 582 824 et
610 785 797 825 ardentes
827 800 873 824 ac
902 800 966 824 me
996 799 1155 838 quoque
1184 799 1346 824 vomere
1375 799 1526 837 presso,

335 864 399 889 me
429 865 590 903 quoque
619 856 853 890 cunctantes
882 851 1082 890 interdum
1111 864 1331 902 agnoscere
1359 852 1474 889 tauri.

334 916 396 954 his
425 917 551 967 magis
581 922 702 968 atque
731 916 858 967 magis
887 916 1037 955 rabiem
1066 930 1172 954 nunc
1201 922 1338 954 nostra
1366 922 1552 955 senectus

334 981 613 1033 luxuriemque
643 981 764 1029 dedit,
795 980 992 1033 solitoque
1024 981 1231 1032 superbior
1259 982 1362 1032 ignis

228 1117 359 1163 quibus
387 1128 456 1163 ego
480 1117 642 1163 praedas
670 1117 820 1162 abigam
847 1128 866 1152 e
892 1117 1092 1156 Thessalia,
1120 1128 1228 1162 quam
1253 1116 1401 1153 velleris
1427 1117 1532 1153 aurei
1570 1117 1715 1163 copiam

226 1176 298 1212 tibi
329 1176 487 1212 faciam’.
537 1177 589 1212 At
621 1177 805 1222 quomodo
832 1176 922 1212 satis
947 1178 1051 1212 recte
1079 1175 1260 1212 Caucasus
1283 1187 1387 1212 cae-sa
1410 1177 1536 1212 umbra
1562 1177 1714 1213 descen-

229 1236 317 1272 dere
362 1235 435 1271 dici
470 1235 589 1281 possit
625 1248 700 1271 non
736 1236 864 1278 video;
916 1237 982 1271 aut
1023 1236 1122 1271 enim
1154 1235 1355 1277 Caucasus,
1393 1247 1443 1272 sc.
1479 1236 1630 1272 arbores
1666 1236 1717 1272 ibi

229 1295 406 1337 consitae,
433 1296 499 1330 aut
525 1306 634 1331 caesa
659 1295 792 1330 umbra
808 1295 963 1331 Caucasi
989 1295 1202 1341 descendet,
1228 1307 1302 1331 non
1326 1295 1435 1330 simul
1466 1297 1505 1331 et
1532 1295 1715 1331 Caucasus

228 1356 267 1390 et
292 1366 402 1390 caesa
427 1355 561 1390 umbra
586 1366 655 1390 nec
681 1356 771 1400 apte
795 1355 956 1400 praedas
995 1356 1186 1400 repetere
1231 1354 1367 1390 dicitur
1402 1354 1445 1397 is,
1484 1354 1547 1400 qui
1582 1355 1716 1400 prior

225 1414 407 1459 praedam
443 1414 550 1460 petit.
602 1414 730 1460 Neque
768 1414 951 1450 Koestlini
985 1414 1232 1460 explicatione
1256 1413 1388 1449 Philol.
1414 1413 1472 1460 38,
1508 1426 1543 1460 p.
1569 1414 1639 1449 422
1677 1415 1717 1451 et

226 1473 282 1515 39,
308 1486 344 1519 p.
371 1474 439 1508 444
464 1474 614 1520 prolata
639 1475 711 1510 hae
737 1474 981 1510 difficultates
1006 1474 1199 1510 tolluntur.
1237 1474 1296 1509 Ad
1321 1485 1470 1509 versum
1494 1473 1540 1508 54
1565 1485 1715 1519 prorsus

226 1534 312 1579 apte
337 1533 555 1579 adiungitur
579 1533 636 1569 58.
703 1533 842 1576 Quodsi
875 1546 908 1569 v.
947 1534 991 1568 55
1028 1534 1066 1569 et
1099 1533 1145 1568 56
1184 1544 1386 1578 servamus,
1423 1533 1583 1569 Aeetam
1612 1534 1714 1569 nullo

225 1592 337 1628 modo
374 1604 413 1628 se
452 1593 566 1629 vellus
603 1593 836 1629 redditurum
872 1593 1031 1640 indicat,
1068 1593 1107 1628 id
1145 1593 1244 1638 quod
1279 1593 1425 1638 pugnat
1464 1604 1548 1627 cum
1584 1605 1619 1629 v,
1657 1593 1714 1629 58.

226 1651 472 1688 Tolerabilior
502 1652 582 1688 sine
620 1652 733 1689 dubio
766 1653 808 1688 fit
833 1653 1028 1694 sententia,
1062 1652 1092 1687 si
1117 1652 1263 1698 signum
1287 1651 1593 1697 interrogationis
1629 1654 1716 1698 post

226 1711 351 1748 Hellen
363 1711 485 1757 posito
511 1712 681 1748 Vossium
706 1712 825 1748 secuti
850 1712 1007 1758 legimus
1039 1711 1214 1748 descendit
1228 1712 1412 1756 —rapuit
1435 1712 1519 1757 (pro
1545 1722 1590 1747 eo
1616 1711 1716 1757 quod

227 1772 284 1807 est
307 1773 451 1817 repetet)
477 1776 542 1807 aut
566 1782 626 1817 eqo
652 1782 730 1807 cum
754 1772 853 1807 vittis
879 1783 908 1807 e.
936 1784 970 1817 q.
996 1784 1022 1806 s.

319 1842 377 1878 62.
426 1843 504 1879 Hoc
530 1843 679 1879 domum
704 1843 786 1879 loco
803 1843 974 1879 Valerius
999 1843 1099 1879 redit
1123 1842 1162 1877 in
1177 1842 1277 1878 viam
1295 1843 1342 1878 ab
1357 1841 1554 1888 Apollonio
1570 1841 1714 1883 initam.

226 1913 338 1947 quam
363 1902 581 1938 deseruerat
606 1902 647 1944 V,
673 1902 754 1944 217,
793 1914 1016 1948 quamquam
1044 1902 1158 1938 etiam
1184 1913 1238 1944 ea,
1277 1913 1373 1947 quae
1411 1901 1457 1937 de
1482 1901 1615 1938 Medea
1639 1901 1716 1936 iam

227 1961 392 1996 dicturus
418 1963 485 2003 est,
512 1962 622 1998 valde
649 1962 770 1998 aliena
795 1963 882 1997 sunt
908 1974 930 1997 a
955 1962 1170 1998 narratione
1195 1961 1392 2007 Apollonii.

322 2022 492 2058 horridus
529 2042 574 2049 —
611 2032 758 2066 campus
782 2022 805 2057 i.
833 2033 864 2058 e.
891 2022 1070 2069 incultus3
1108 2021 1160 2057 sic
1198 2031 1361 2065 eampum
1385 2021 1583 2056 horrentem
1619 2019 1714 2055 dixit

225 2078 335 2125 Verg.
362 2091 487 2125 georg.
512 2080 584 2125 III,
610 2081 696 2122 161;
721 2082 867 2116 humum
890 2081 1074 2117 horridam
1098 2079 1161 2116 Sil.
1187 2080 1216 2126 I,
1243 2080 1322 2116 230.

321 2138 379 2175 63.
426 2151 564 2175 vomere
600 2151 744 2186 pre830,·
779 2140 1035 2186 intellegenda
1073 2141 1131 2176 est
1155 2140 1263 2180 stiva,
1306 2150 1402 2185 quae
1433 2149 1546 2174 manu
1572 2137 1714 2174 arantis

225 2198 418 2243 premitur,
445 2198 513 2235 cfr.
540 2199 606 2234 Ov.
633 2199 718 2235 fast.
744 2199 807 2244 IV,
833 2199 903 2235 825
927 2199 1010 2235 inde
1028 2210 1194 2243 premens
1225 2200 1353 2235 stivam
1389 2198 1552 2243 desiynat
1575 2197 1715 2233 moem'a

225 2258 340 2300 sulem
366 2259 454 2294 met.
474 2258 572 2299 VIII,
592 2259 661 2294 218
673 2261 767 2295 stiva
785 2260 932 2295 innisus
949 2262 1088 2301 arator-3
1114 2259 1245 2294 tamen
1263 2269 1376 2303 saepe
1394 2257 1528 2293 dicitur
1544 2267 1714 2292 vomerem

219 2326 391 2362 premere,
418 2317 522 2354 velut
546 2317 656 2363 Verg.
684 2330 812 2363 georg.
838 2318 886 2359 ΙΙ,
913 2318 1000 2361 203;
1027 2318 1108 2353 356.

321 2377 378 2413 64.
427 2376 551 2412 Etiam
574 2379 672 2413 tauri
689 2377 820 2413 Martis
845 2378 942 2424 sunt,
967 2377 1036 2415 cfr.
1062 2377 1128 2413 Ov.
1147 2378 1224 2413 her.
1242 2376 1330 2418 XII,
1348 2376 1411 2420 415
1436 2375 1486 2412 ad
1510 2375 1715 2412 subiectum

227 2437 327 2474 ταυτί
349 2437 470 2482 figura
494 2436 698 2482 zeugmatis
738 2448 782 2472 ex
818 2437 965 2472 iacendi
1005 2437 1121 2472 verbo
1158 2436 1418 2483 praedicatum
1450 2435 1610 2481 auditur,
1650 2446 1712 2471 ve-

227 2496 299 2531 luti
322 2500 429 2532 stant.

323 2556 378 2591 66.
428 2557 668 2601 luxuriemque
693 2555 788 2590 dedit
811 2555 833 2590 i.
862 2566 893 2591 e.
918 2555 1186 2602 petulantiam;
1249 2554 1301 2590 sic
1336 2555 1444 2589 lua-us
1480 2553 1714 2590 substantivo

227 2615 346 2651 utitur
372 2615 467 2651 Stat.
494 2615 609 2651 Theb.
643 2614 691 2657 ΙΙ,
729 2614 776 2650 85
814 2615 852 2650 et
889 2614 1098 2650 luxuriandi
1137 2614 1253 2650 verbo
1278 2614 1389 2659 Verg.
1415 2614 1506 2650 Aen.
1534 2613 1600 2655 XI,
1625 2612 1712 2656 497;

229 2674 297 2711 Ov.
321 2676 410 2711 met.
436 2674 501 2716 IX,
528 2674 615 2720 2673
639 2675 725 2710 fast.
751 2673 779 2716 Ι,
807 2674 891 2718 156;
929 2674 1056 2710 Claud.
1083 2673 1171 2710 fesc.
1197 2674 1229 2715 2,
1255 2673 1311 2709 35.
