1890 3100
621 193 1008 230 ARGONAVTICON
1035 193 1184 229 LIBER
1208 194 1289 229 VH.
1615 197 1703 240 479

329 321 414 353 tum
442 314 629 352 comitum
655 314 746 351 visu
773 312 916 351 fruitur
942 313 1169 351 miseranda
1196 326 1355 351 suarum

326 379 563 431 implerique
591 378 747 430 nequit3
778 377 990 430 subitoque
1017 377 1250 429 parentibus
1278 378 1420 417 haeret

325 444 509 484 blandior
537 451 577 482 et
603 444 756 496 patriae
785 443 1011 481 circumfert
1038 442 1177 481 oscula
1204 442 1381 481 dextrae.

327 511 382 548 sic
411 509 581 548 adsueta
606 509 703 547 toris
733 513 774 546 et
800 520 965 546 mensae
994 506 1121 545 duleis
1151 507 1238 546 erili

327 587 450 626 aegra
476 587 582 612 nova
607 574 687 612 iam
714 577 829 624 peste
859 572 967 611 canis
996 572 1188 624 rabieque
1217 571 1364 620 futura,
1387 581 1390 583 ’
1704 591 1759 621 125

326 645 419 678 ante
447 639 583 691 fugam
611 643 717 676 totos
745 637 888 675 lustrat
916 636 1167 689 queribunda
1193 643 1374 688 penates.

325 704 486 743 tandem
515 703 634 742 etiam
660 702 771 741 molli
800 707 928 740 semet
957 702 1013 740 sic
1041 702 1222 754 increpat
1248 703 1327 741 ira:

326 769 497 821 ‘pergis’,
529 768 583 806 ait
611 767 801 814 ‘demens,
830 773 951 819 teque
979 767 1087 805 illius
1117 768 1227 819 angit
1253 768 1386 819 imago

325 847 511 886 curaque,
542 833 609 885 qui
636 832 807 884 profuga
833 832 968 870 forsan
995 838 1109 871 tenet
1137 832 1219 871 alta
1246 833 1392 881 carina,

324 900 471 951 quique
499 911 631 937 meum
659 898 807 949 patrias
835 898 984 936 referet
1012 911 1087 936 nec
1115 911 1261 936 nomen
1290 897 1341 936 ad
1369 899 1518 937 urbes?
1702 925 1758 955 130

324 963 420 1016 quid
447 976 511 1002 me
541 968 674 1001 antem
703 963 760 1001 sic
787 962 857 1001 ille
885 969 1032 1010 movet,
1064 970 1278 1014 superetne
1308 963 1480 1011 labores,

324 1043 376 1067 an
404 1028 522 1067 cadat
551 1034 591 1067 et
618 1033 729 1066 tanto
756 1027 940 1066 turbetur
969 1027 1141 1067 Graecia
1168 1027 1307 1066 luctu?

312 1170 392 1206 122.
441 1171 646 1214 implerique
668 1170 806 1214 nequit:
843 1170 956 1214 Verg.
982 1170 1073 1205 Aen.
1099 1169 1130 1214 Ι,
1157 1169 1242 1212 713;
1280 1170 1380 1212 VIII,
1408 1171 1488 1206 618.

308 1229 523 1274 parentibus
545 1229 682 1271 haere&
722 1228 790 1265 cfr.
814 1228 843 1269 I,
870 1228 951 1263 316.

312 1288 390 1326 123.
438 1287 640 1330 circumfert
665 1289 785 1323 oscula
810 1287 954 1322 dextrae
978 1287 999 1322 i.
1028 1298 1058 1323 e.
1086 1287 1212 1323 oscula
1238 1287 1314 1323 fert
1337 1289 1375 1323 in
1399 1299 1525 1324 omnes
1542 1289 1702 1327 dextrae

215 1348 362 1393 partem
388 1347 435 1383 de
462 1347 544 1392 ipso
568 1346 715 1382 ferendi
742 1347 856 1382 verbo
880 1346 953 1381 vid.
981 1346 1030 1381 ad
1056 1347 1103 1387 11,
1129 1347 1210 1382 282.

311 1406 389 1441 124.
438 1405 549 1451 Verg.
575 1406 667 1442 Aen.
694 1405 774 1447 VII,
800 1405 880 1440 490.

309 1465 433 1500 Etiam
457 1465 605 1500 dativus
635 1475 774 1500 mensae
798 1465 877 1500 erili
911 1465 1054 1510 pendet
1079 1476 1102 1500 a
1125 1465 1321 1511 participio
1345 1466 1494 1502 adsueta
1518 1467 1705 1512 dulciaque

217 1524 441 1560 adieetivum
466 1524 515 1559 ad
539 1525 738 1569 utrumqne
762 1524 972 1559 membrum
995 1518 1162 1569 pertinet
1187 1524 1258 1560 etsi
1275 1525 1395 1561 altero
1419 1526 1503 1562 loco
1526 1526 1700 1572 positum,

218 1583 285 1620 cfr.
313 1584 362 1618 ad
386 1583 414 1624 Ι,
441 1583 487 1618 18
511 1584 551 1619 et
575 1583 656 1619 844.

311 1642 393 1679 125.
441 1642 548 1677 Hanc
575 1642 882 1678 consuetudinem
907 1653 1051 1683 canum,
1078 1654 1151 1687 qna
1176 1643 1283 1679 rabie
1310 1644 1472 1689 correpti
1509 1644 1619 1680 domo
1642 1656 1702 1681 re—

214 1700 307 1737 licta
330 1701 462 1746 vagari
486 1701 617 1742 solent,
643 1700 814 1736 Valerius
837 1701 984 1746 poetice
1010 1701 1213 1736 exornavit.

314 1760 394 1796 127.
443 1761 563 1795 semel-s
587 1759 681 1800 Vat..
718 1764 823 1795 semet
857 1761 909 1796 sic
932 1760 1125 1796 Baehrens
1152 1760 1234 1796 coll.
1261 1761 1324 1805 VI,
1362 1761 1449 1803 646;
1484 1762 1585 1804 VIII,
1622 1764 1703 1799 177.

314 1819 411 1854 molli
435 1838 477 1845 —
503 1820 562 1854 ira
586 1819 607 1853 i.
636 1830 666 1854 e.
692 1819 778 1859 leni,
803 1820 847 1853 nt
872 1819 966 1854 molli
991 1840 1035 1846 —
1061 1820 1166 1863 lapsu
1181 1819 1323 1864 legitur
1347 1820 1376 1862 I,
1403 1820 1482 1862 686,
1510 1823 1549 1857 et
1566 1823 1706 1858 monier

215 1878 275 1912 ira
304 1876 398 1913 Stat.
424 1877 542 1913 Theb.
565 1877 607 1923 V,
632 1877 711 1912 732.

315 1936 383 1971 128
408 1947 510 1983 seqq.
537 1936 603 1971 cfr.
629 1937 800 1982 Apollon.
826 1936 893 1978 ΠΙ,
918 1937 988 1971 464
1014 1948 1113 1982 seqq.

313 1995 392 2030 130.
441 2006 504 2030 nec
527 2006 654 2031 nomeu
677 1997 699 2030 i.
726 2007 757 2031 e.
782 2007 831 2032 ne
854 1990 991 2032 nomen
1016 1996 1184 2040 quidem;
1211 1996 1278 2031 cfr.
1303 1996 1366 2038 IV,
1393 1997 1475 2033 200.

310 2055 389 2091 131.
438 2058 556 2090 autem
573 2054 842 2090 coniunctionis
866 2055 897 2090 is
921 2067 1008 2090 usus
1032 2055 1071 2089 in
1087 2054 1456 2101 interrogationibus,
1480 2059 1524 2092 ut
1538 2060 1701 2103 ponatur

214 2124 283 2159 pro
305 2113 448 2148 tandem
484 2114 544 2149 vel
579 2125 672 2159 nam,
710 2113 891 2159 imprimis
929 2125 972 2149 ex
996 2113 1130 2149 Plauto
1169 2115 1207 2149 et
1232 2113 1407 2150 Terentio
1444 2118 1572 2163 notus3
1621 2117 1696 2154 vid.

217 2172 334 2208 etiam
356 2172 467 2218 Verg.
494 2175 586 2209 Aen.
613 2172 661 2214 Π,
704 2173 771 2208 101
808 2173 870 2208 sed
904 2173 991 2218 quid
1026 2183 1088 2218 eyo
1118 2173 1205 2208 haec
1240 2177 1358 2208 autem
1381 2175 1617 2221 nequidquam
1639 2178 1698 2213 in-

213 2235 322 2277 yrata
342 2230 508 2267 revolvo?

309 2290 388 2326 132.
438 2290 581 2327 Sensim
611 2303 736 2326 rursus
777 2291 816 2326 in
850 2303 1015 2328 amorem
1051 2293 1232 2330 relabitur
1264 2295 1407 2338 Medea,
1446 2296 1545 2341 quod
1582 2299 1699 2342 poeta,

217 2360 360 2385 summa
384 2351 466 2386 arte
492 2350 690 2396 expressit:
727 2352 928 2397 postquam
963 2352 1084 2397 primo
1108 2354 1214 2399 virgo
1251 2355 1431 2391 indicavit
1455 2368 1522 2390 sua
1545 2368 1699 2402 prorsus

214 2419 288 2443 non
311 2408 503 2450 interesse,
529 2411 654 2444 utrum
678 2409 789 2445 Iason
812 2410 851 2445 in
878 2410 1054 2448 Colchide
1070 2413 1219 2448 occidat
1244 2425 1293 2449 an
1316 2415 1355 2450 in
1370 2415 1534 2460 patriam
1549 2415 1697 2458 redeat,

213 2466 289 2502 iam
314 2467 418 2513 eupit
443 2479 527 2517 eum
550 2468 590 2503 in
621 2468 782 2504 alienam
806 2471 946 2505 terram
969 2471 1121 2507 missum
1147 2484 1237 2514 esse,
1275 2475 1355 2509 tum
1382 2474 1614 2519 cognationis
1638 2486 1694 2511 re·

214 2525 420 2561 miniscitur
447 2527 575 2562 Phrixi
600 2527 705 2574 quasi
731 2528 785 2574 ad·
810 2530 930 2565 semet
963 2531 1212 2567 excusandam
1242 2532 1391 2578 iamque
1425 2544 1507 2569 eam
1540 2533 1693 2570 miseret

214 2584 285 2620 viri
309 2585 355 2620 ad
382 2586 658 2631 expeditionem
683 2586 893 2623 faciendam
918 2589 1046 2631 eoacti,
1070 2589 1194 2636 {quare
1220 2593 1338 2637 optat,
1375 2594 1417 2626 ut
1442 2592 1590 2634 redeat3
1627 2593 1695 2629 sed

212 2644 354 2689 pudore
380 2646 494 2681 ducta
511 2646 625 2681 etiam
642 2646 681 2681 id
698 2648 820 2692 optat,
839 2658 887 2683 ne
910 2659 1014 2684 amor
1043 2660 1128 2684 suus
1145 2649 1269 2686 Iasoni
1288 2652 1397 2686 notus
1414 2651 1497 2690 fiat.
1515 2651 1698 2698 simulque
