1890 3100
266 238 354 282 540
814 237 851 273 O.
878 236 1059 272 VALERI
1086 236 1260 273 FLAOCI

371 356 569 407 coniugio,
605 356 754 408 primus
785 356 944 396 celebro
975 356 1124 395 dotalia
1152 369 1276 403 sacra,

370 422 438 474 qui
465 421 595 473 potui;
630 421 785 473 patriae
813 421 972 460 veniam
1002 420 1063 468 da,
1095 434 1257 473 quaeso,
1289 426 1488 460 senectae.
1758 434 1814 464 280

371 487 466 539 quin
497 499 634 525 omnes
665 486 743 534 alii,
773 487 923 539 pariter
951 487 1206 539 populusque
1235 492 1465 539 patresque,

368 565 526 591 meeum
555 551 712 591 adsunt.
768 552 903 603 magni
931 552 1044 603 virgo
1073 565 1124 590 ne
1154 552 1265 603 regia
1295 551 1402 590 Solis

368 617 583 656 Haemonii
612 617 810 656 thalamos
841 616 963 656 adeas
994 616 1186 669 despecta
1214 617 1355 665 mariti,

366 688 426 721 tot
455 682 589 722 decuit
619 683 761 722 coiisse
790 689 909 730 rates,
946 688 1005 720 tot
1033 682 1190 734 fulgere
1221 683 1388 722 taedas’.

419 748 591 787 Dixerat
620 753 740 801 atque
770 761 886 787 orans
915 748 1059 787 iterum
1088 754 1311 800 ventosque
1340 748 1527 800 virosque
1757 753 1812 783 285

366 826 519 867 perque
548 814 644 853 ratis
674 814 719 851 iit
748 819 788 852 et
817 827 948 852 remos
977 827 1056 852 vox
1086 814 1167 852 alta
1195 814 1384 866 magistri.

365 879 423 917 illi
453 885 587 918 autem
616 879 846 930 intorquent
873 879 1023 918 truncis
1053 878 1331 918 frondentibus
1361 879 1520 927 undam,

369 957 554 996 quaeque
585 943 650 982 die
679 943 810 982 fuerat
838 944 982 995 raptim
1010 944 1180 982 formata
1208 944 1281 983 sub
1311 958 1390 983 uno

367 1016 408 1048 et
435 1015 590 1048 tantum
620 1009 779 1048 deiecta
807 1009 889 1048 suis
920 1023 944 1047 a
970 1009 1171 1048 montibus
1201 1010 1320 1049 arbor

369 1074 480 1127 (quid
511 1074 624 1113 dolor
654 1081 694 1114 et
721 1080 904 1114 veterum
931 1075 1061 1126 potuit
1089 1088 1170 1115 non
1198 1076 1257 1114 ira
1285 1075 1502 1128 virorum?)
1757 1087 1812 1117 290

364 1141 473 1179 haud
500 1141 632 1193 longis
660 1142 739 1181 iam
769 1141 890 1180 distat
919 1142 1044 1194 aquiS‚
1078 1142 1339 1194 sequiturque
1366 1142 1571 1182 volantem

365 1206 536 1246 barbara
562 1206 784 1246 Palladiam
815 1220 989 1259 puppem
1017 1207 1126 1255 ratis,
1158 1208 1259 1246 ostia
1288 1207 1417 1247 donec

353 1342 423 1378 279
449 1354 548 1389 seqq.
578 1343 820 1379 acerbissima
846 1355 927 1379 cum
955 1343 1075 1379 ironia
1101 1343 1285 1388 Absyrtus
1317 1344 1488 1389 loquitur.

352 1402 488 1438 dotalia
518 1413 624 1438 sacra
650 1414 694 1438 ea
719 1404 815 1444 sunt,
843 1414 938 1447 quae
966 1403 1015 1437 ad
1039 1402 1319 1439 matrimonium
1335 1403 1544 1449 pertinent;
1571 1403 1624 1439 sic
1641 1404 1758 1440 dotale

256 1473 382 1498 nomen
419 1463 517 1497 lacus
555 1462 655 1508 apud
693 1461 752 1498 Sil.
791 1462 834 1508 V,
873 1462 919 1496 22
957 1473 1093 1498 nornen
1131 1463 1197 1503 est,
1232 1462 1332 1509 quod
1356 1463 1457 1499 lacus
1497 1474 1543 1499 ex
1586 1463 1755 1509 coniugio

259 1522 448 1567 nymphae
474 1521 633 1567 Agyllae
676 1533 758 1557 cum
796 1522 930 1557 iuvene
956 1521 1173 1558 Trasimeno
1212 1522 1369 1568 accepit,
1409 1523 1448 1558 et
1485 1523 1621 1561 dotalia
1652 1537 1755 1561 arma

257 1580 372 1622 XVII,
400 1581 454 1623 75,
495 1592 592 1628 quae
619 1580 770 1627 Syphax
803 1584 959 1627 propter
996 1581 1277 1617 matrimonium
1315 1593 1398 1617 cum
1434 1582 1590 1620 muliere
1615 1584 1756 1621 Punica

258 1640 394 1675 initum
418 1640 464 1676 ad
489 1640 634 1676 Poenos
660 1640 873 1683 transtulit;
914 1640 979 1676 cfr.
1021 1640 1135 1676 etiam
1162 1641 1289 1677 Claud.
1327 1652 1452 1686 magn.
1490 1642 1537 1677 30
1562 1643 1755 1680 thalamum

259 1700 389 1736 dotalis
409 1710 579 1746 puapura
605 1701 707 1736 velat.

353 1759 433 1796 281.
484 1760 550 1795 alti
573 1759 670 1800 Vat..
698 1760 761 1796 alii
786 1761 865 1795 cod.
885 1759 1052 1802 Monac.;
1073 1760 1271 1805 populique
1287 1760 1384 1806 Vat.‚
1396 1761 1623 1807 populusque
1638 1762 1753 1799 Bent-

258 1818 368 1862 leius;
396 1819 442 1855 de
466 1819 605 1865 populo
631 1819 876 1864 patribusque
903 1819 970 1855 cfr.
998 1819 1046 1854 ad
1072 1819 1100 1861 Ι,
1130 1819 1183 1855 72.

352 1877 432 1914 286.
483 1878 610 1914 Verba
634 1879 706 1914 hoc
730 1879 842 1914 modo
869 1880 1046 1924 corrupta
1082 1878 1121 1914 in
1147 1878 1232 1914 Vat.
1258 1879 1475 1917 traduntur:
1502 1891 1639 1927 perque
1661 1884 1754 1919 ratis

255 1939 408 1983 supplex
432 1942 465 1974 et
488 1939 632 1984 remigis
655 1939 784 1974 vexilla
820 1940 1019 1984 maqistrie3
1068 1938 1360 1976 innumerabiles
1398 1939 1478 1975 fere
1516 1940 1753 1978 coniecturae

257 1997 382 2034 factae
408 1999 504 2039 sunt,
545 2009 637 2045 quas
676 2009 803 2033 omnes
842 2009 1061 2034 enumerare
1086 1998 1240 2044 longum
1267 2000 1340 2041 est3
1380 2010 1476 2044 quae
1515 2011 1584 2045 ego
1610 2001 1751 2047 scripsi,

256 2057 410 2102 propius
437 2069 549 2104 quam
576 2058 726 2093 ceterae
753 2057 1001 2099 coniecturae,
1029 2069 1124 2103 quae
1152 2058 1304 2104 quidem
1329 2069 1460 2094 sanam
1477 2059 1645 2096 habeant
1669 2071 1752 2096 sen-

254 2116 426 2158 tentiam,
453 2117 503 2152 ad
527 2117 645 2153 verba
670 2116 815 2152 tradita
833 2117 1011 2154 accedere
1029 2117 1204 2153 videntur
1230 2118 1343 2162 atque
1370 2118 1484 2155 etiam
1507 2118 1548 2154 id
1573 2119 1690 2162 effeci,
1709 2121 1753 2156 ut

255 2175 294 2210 in
318 2187 429 2211 versu
454 2176 524 2211 285
549 2176 644 2212 nihil
668 2176 718 2212 sit
742 2176 976 2213 mutandum.

351 2235 430 2270 287.
480 2237 684 2281 intorquent
707 2236 845 2271 truncis
867 2236 1116 2278 frondentibus
1141 2237 1292 2282 undam3
1344 2249 1388 2274 eo
1411 2237 1564 2274 consilio
1580 2237 1752 2274 Valerius

252 2305 376 2331 remos
407 2295 557 2330 truncos
583 2294 804 2331 frondentes
841 2295 1021 2337 nominat,
1060 2297 1103 2331 ut
1139 2296 1401 2342 imperfectam
1437 2296 1588 2332 navium
1623 2297 1748 2333 condi-

253 2354 398 2390 cionem
435 2353 619 2399 significet
655 2355 845 2400 utcunque
885 2356 1112 2397 ornatarum,
1139 2367 1228 2391 nam
1252 2367 1325 2392 uno
1351 2356 1411 2392 die
1435 2357 1558 2392 totam
1591 2356 1750 2392 classem

255 2413 490 2450 aedificatam
528 2414 620 2450 dicit
655 2427 687 2450 v.
715 2415 785 2451 288
822 2427 911 2463 seq„
940 2417 1039 2461 quod
1074 2427 1185 2462 quam
1210 2427 1285 2451 non
1311 2416 1409 2452 esset
1441 2415 1629 2458 credibile,
1666 2416 1748 2462 ipse

254 2473 380 2520 sensit,
404 2473 491 2510 vide
516 2486 550 2510 v.
577 2474 657 2510 290.
708 2474 843 2510 Similis
870 2475 1070 2521 descriptio
1097 2476 1224 2511 classis
1248 2475 1495 2521 properanter
1526 2475 1747 2512 aedificatae

253 2532 393 2578 legitur
419 2533 520 2579 apud
544 2533 654 2580 Verg.
682 2535 774 2570 Aen.
801 2535 864 2575 IV,
891 2535 962 2570 399
989 2546 1110 2580 seqq.;
1150 2535 1216 2571 cfr.
1244 2534 1357 2570 etiam
1382 2534 1467 2571 Luc.
1494 2534 1562 2577 ΙΠ,
1595 2535 1674 2571 512.

349 2593 567 2639 intorquent:
595 2593 662 2631 cfr.
691 2594 740 2629 ad
764 2593 792 2635 Ι,
820 2594 899 2630 263.

349 2651 428 2688 289.
479 2654 588 2689 arbor
610 2664 679 2699 pro
698 2653 893 2689 arboribus
918 2653 1086 2704 ponitur,
1113 2654 1155 2688 ut
1179 2653 1278 2689 infla
1304 2652 1373 2688 292
1389 2655 1482 2689 ratis
1497 2665 1565 2699 pro
1590 2654 1745 2691 ratibus.

349 2711 430 2748 292.
480 2712 560 2748 Hoc
603 2724 754 2760 quoque
788 2712 887 2754 loco,
932 2724 1015 2748 cum
1049 2714 1164 2758 poeta
1194 2712 1387 2748 vocabulis
1414 2714 1553 2758 puppis
1582 2714 1620 2749 et
1653 2715 1746 2749 ratis
