1890 3100
553 157 939 196 ARGONAVTICON
963 156 1110 192 LIBER
1133 156 1177 192 V.
1525 157 1611 200 357

235 280 430 334 populeos
458 279 586 318 flexus
613 277 890 329 tumulumque
918 277 1089 315 virentia
1118 289 1239 327 supra
1439 312 1443 315 ,
1612 286 1666 316 185

236 346 398 384 flumina
426 345 586 396 cognati
613 343 745 382 medio
773 342 884 381 videt
912 355 1061 393 aggere
1090 341 1239 388 Phrixi,

239 423 358 463 quem
387 422 519 465 comes
547 408 690 447 infelix
716 407 834 446 Pario
863 406 913 445 de
941 419 1136 444 marmore
1165 406 1277 443 iuxta

239 481 318 514 stat
346 487 466 521 soror,
496 474 589 512 hinc
618 486 764 512 saevae
792 470 1003 510 formidine
1030 476 1184 509 maesta
1212 482 1421 516 novercae,

237 539 331 578 inde
360 540 478 578 maris
507 537 734 591 pecudique
762 538 906 575 timens
934 537 1138 587 imponere
1167 535 1333 586 palmas,

240 605 381 644 sistere
409 610 494 642 tum
523 604 652 643 socios
680 602 791 641 iubet
819 607 940 654 atque
969 601 1061 639 hinc
1088 601 1216 652 prima
1243 599 1360 651 ligari
1614 605 1671 635 190

238 669 409 716 vincula,
440 682 515 708 ceu
542 669 718 719 Pagasas
747 667 998 719 patriumque
1026 665 1234 704 intraverit
1262 677 1430 703 amnem.

238 735 325 787 ipse
354 734 466 786 gravi
493 739 632 785 patera
659 733 763 772 sacri
788 731 979 770 libamina
1006 731 1157 770 Bacchi

239 800 313 838 rite
341 799 475 838 ferens
503 798 684 837 umbram
711 803 828 836 vocat
858 803 898 835 et
926 797 983 835 sic
1010 796 1116 835 fatur
1144 795 1195 834 ad
1223 809 1330 834 aras:

241 869 325 916 ‘per
351 877 478 915 genus
508 869 628 915 atque
656 875 773 915 pares
802 868 933 901 tecum
962 861 1069 908 mihi,
1098 861 1257 908 Phrixe,
1286 860 1445 900 labores

182 959 187 963 .
239 935 294 976 tu,
322 942 474 981 precor,
504 941 594 967 orsa
621 941 738 980 regas
767 940 912 980 meque
940 927 1002 965 his
1030 927 1172 965 tuteris
1199 927 1242 965 in
1270 927 1347 965 oris
1617 942 1671 972 195

241 999 300 1033 tot
327 994 441 1041 fteta,
469 999 529 1032 tot
556 993 720 1032 brumae
749 993 1003 1045 properantia
1031 991 1163 1030 sidera
1190 1005 1365 1043 passum.

240 1060 399 1107 Phrixe,
427 1059 519 1098 fave
549 1065 589 1098 et
616 1059 764 1110 patrias
792 1057 973 1110 placidus
1003 1057 1258 1096 reminiscere
1286 1063 1427 1096 terras.

230 1202 310 1238 185.
353 1201 500 1246 populea·
526 1201 639 1244 flexus
669 1202 756 1235 sunt
779 1199 908 1246 populi
932 1199 972 1234 in
985 1200 1073 1235 orbe
1098 1199 1274 1240 consitae,
1290 1200 1422 1245 quibus
1450 1200 1615 1235 tumulus

57 1265 59 1267 ’
135 1260 264 1298 Phrixi
299 1260 548 1296 circumdatus
586 1262 683 1300 erat,
723 1259 788 1295 cfr.
816 1259 864 1294 ad
900 1258 970 1303 IH,
995 1259 1075 1299 312.
1104 1261 1142 1294 et
1168 1259 1213 1294 de
1238 1259 1376 1304 populo
1402 1259 1536 1295 arbore
1560 1260 1616 1294 fu-

136 1320 247 1356 nebri
270 1319 320 1355 ad
344 1319 386 1360 V,
413 1319 469 1355 10.

228 1393 381 1428 viv-cruia
402 1392 562 1434 flumina,
586 1391 657 1428 vid.
683 1390 731 1425 ad
755 1402 790 1426 v.
818 1390 901 1431 148;
928 1389 975 1425 de
999 1389 1138 1435 plurali
1162 1390 1209 1425 ad
1233 1388 1281 1429 Π,
1308 1389 1388 1426 496.

231 1462 311 1499 186.
359 1463 470 1498 medio
505 1483 547 1489 ——
580 1473 705 1508 ayqere
728 1462 752 1499 i.
779 1473 811 1498 e.
836 1461 918 1497 loco
959 1472 1071 1507 supra
1112 1461 1309 1507 planitiem
1328 1462 1438 1504 edito,
1479 1462 1518 1498 in
1545 1474 1618 1508 quo

135 1521 260 1558 medio
282 1522 446 1557 tumulus
472 1521 695 1557 constitutus
722 1523 814 1557 erat.

225 1592 312 1629 187.
354 1603 471 1638 pamm
497 1593 592 1634 Vat„
620 1593 732 1627 Pario
758 1591 948 1633 Maserius.
974 1591 1082 1634 Quod
1104 1593 1275 1637 tempore
1300 1592 1443 1628 Iasonis
1468 1592 1620 1628 Parium

136 1663 299 1688 marmor
322 1652 488 1688 nondum
511 1652 550 1687 in
582 1663 651 1686 usu
676 1651 758 1691 fuit.
789 1651 938 1687 veritati
975 1651 1245 1688 emendationis
1270 1663 1345 1687 non
1377 1652 1512 1693 obstat,
1544 1652 1618 1687 vid.

137 1711 188 1747 ad
211 1723 247 1747 v.
262 1711 343 1747 422.
369 1711 423 1746 Ex
455 1711 518 1752 eis,
549 1721 643 1756 quae
673 1712 887 1755 sequuntur,
914 1712 1080 1756 apparet,
1107 1710 1253 1745 initium
1290 1710 1404 1756 fugae
1421 1711 1549 1747 Phrixi
1581 1713 1622 1748 et

137 1770 263 1806 Helles
271 1781 316 1806 ex
329 1781 511 1806 marmore
528 1770 656 1805 fictum
685 1781 765 1806 esse
782 1770 974 1805 Valerium
1004 1770 1190 1806 statuisse.
1220 1781 1320 1815 quem
1350 1781 1399 1806 sc.
1426 1770 1618 1813 Phrixum3

137 1828 298 1866 Schenkl
322 1829 420 1865 stud.
445 1841 484 1875 p.
506 1829 576 1864 366
600 1829 721 1865 locum
744 1841 817 1864 non
843 1832 942 1865 recte
967 1829 1256 1875 interpretatum
1284 1840 1362 1865 esse
1388 1831 1487 1875 puto.

232 1900 288 1936 De
314 1900 553 1936 collocatione
576 1901 681 1936 iuxta
705 1900 986 1945 praepositionis
1012 1899 1078 1936 cfr.
1105 1901 1151 1936 ad
1175 1900 1206 1944 Ι,
1233 1900 1312 1935 151.

234 1971 312 2007 188.
361 1972 444 2008 hinc
469 1992 513 1998 --
537 1971 636 2006 inde:
663 1982 685 2006 a
702 1972 809 2016 tergo
827 1971 994 2007 imminet
1010 1975 1130 2007 mater
1149 1972 1187 2007 et
1203 1974 1329 2007 tamen
1345 1971 1453 2007 Helle
1471 1972 1622 2008 dubitat

137 2041 242 2067 mare
266 2032 418 2067 intrare:
444 2031 479 2065 in
504 2041 681 2067 marmore
706 2029 830 2066 efficta
868 2031 925 2066 est
962 2030 1160 2076 respiciens
1194 2032 1232 2066 et
1256 2034 1431 2066 cunctans
1470 2031 1621 2068 arietem

138 2091 394 2126 conscendere.

236 2148 316 2185 194.
363 2149 592 2184 Paucissimis
629 2148 752 2184 verbis
783 2148 1039 2194 precationem
1075 2149 1216 2184 Iasonis
1242 2149 1401 2185 absolvit
1425 2150 1545 2195 ApolL
1570 2150 1621 2196 Π,

142 2208 234 2244 1277
259 2219 332 2254 seq.

227 2266 316 2311 ¹196.
341 2267 451 2303 durae
474 2266 570 2304 Vat..
597 2268 740 2302 brumae
764 2267 854 2303 Ellis
886 2267 1034 2312 journal
1072 2267 1115 2303 of
1148 2267 1231 2313 phil.
1271 2267 1334 2308 IX,
1361 2268 1404 2303 57
1416 2282 1423 2310 ;
1469 2268 1634 2308 Colchos,

140 2325 194 2361 ad
215 2327 488 2372 septentriones
513 2337 641 2362 versus
666 2326 833 2362 habitare
858 2328 969 2372 poeta
994 2327 1141 2372 cogitat.
1168 2327 1241 2362 vid.
1269 2327 1297 2370 Ι,
1317 2327 1397 2363 513.

235 2385 354 2421 sidera
371 2396 506 2430 passus
531 2397 609 2422 esse
634 2385 766 2421 dicitur
790 2385 900 2421 Iason
923 2388 1076 2432 propter
1106 2386 1280 2432 pericula,
1314 2398 1406 2432 quae
1430 2388 1624 2433 naviganti

145 2454 169 2479 a
189 2444 478 2490 tempestatibus
503 2445 581 2481 sive
606 2446 803 2480 metuenda
831 2446 937 2480 erant
962 2445 1040 2481 sive
1066 2457 1105 2481 re
1124 2457 1215 2481 vera
1230 2457 1428 2491 perpessus
1447 2448 1514 2482 est.

237 2503 356 2539 sidera
373 2505 457 2549 pati
481 2505 560 2540 i.'e.
586 2504 661 2539 vim
703 2504 783 2550 pati
820 2504 980 2540 siderum
1016 2507 1262 2550 tempestates
1301 2506 1621 2548 commoventium,

68 2587 74 2601 ,,
145 2561 211 2597 err.
235 2561 318 2598 sen.
345 2561 431 2599 oea.
458 2563 529 2599 230
550 2564 678 2608 incipit
703 2563 813 2599 Letoa
837 2568 935 2600 vates
959 2585 1004 2591 -
1016 2565 1100 2609 pan·
1125 2585 1167 2591 -
1196 2565 1394 2607 Phoebum
1422 2564 1514 2601 stat.
1534 2567 1622 2602 Aah.

39 2618 44 2622 ’
59 2637 77 2673 'f
144 2618 195 2662 11.
220 2619 290 2656 295
313 2631 376 2657 ceu
393 2634 574 2668 nunquam
600 2623 729 2669 Scyria
750 2634 884 2668 passus
908 2625 1014 2660 litora
1045 2625 1245 2683 (Achilles).

1341 2684 1405 2718 23*

414 2790 436 2818 ἱ
