1890 3100
583 199 975 235 ARGONAVTICON
998 199 1145 234 LIBER·
1169 199 1232 233 IV.
1554 200 1643 244 329
1667 208 1670 209 ’

262 333 362 359 saxa
388 333 522 371 neque
552 319 623 357 illa
649 319 757 366 viris,
788 318 861 357 sed
887 318 1151 370 praecipitata
1177 317 1376 370 profundo
1442 312 1446 314 ⁸

261 384 409 423 siderei
434 398 527 438 pars
555 385 643 422 visa
669 383 763 436 poli.
821 383 996 435 dumque
1026 384 1136 422 ocius
1164 384 1327 429 instant,

260 449 369 489 ferre
396 450 532 501 fugam
561 450 686 487 maria
712 455 807 487 ante
834 454 974 493 ratem,
1002 449 1128 486 maria
1154 449 1244 499 ipsa
1269 454 1439 500 repente

262 514 459 566 diffugere
488 514 761 566 adversosque
788 513 928 551 vident
957 512 1166 551 discedere
1196 519 1365 559 montes,
1645 519 1701 551 645

263 580 447 618 omnibus
477 586 518 618 et
545 578 681 633 gelida
707 579 811 630 rapti
837 578 1047 616 formidine
1076 579 1186 617 remi.

262 645 350 697 ipse
378 658 453 696 per
479 659 591 685 arma
616 644 757 683 volans
787 650 827 682 et
855 657 928 695 per
956 644 1051 694 iuga
1078 657 1233 682 summa
1261 644 1422 682 carinae

263 710 446 749 hortatur
473 710 723 762 supplexque
752 722 893 747 manus
921 708 1094 747 intendit
1122 710 1241 747 Iason

264 776 425 814 nomine
454 788 653 827 quemque
681 787 881 826 premens.
939 774 1020 812 ‘ubi
1047 788 1154 812 nunc
1182 775 1379 826 promissa
1407 774 1584 826 superba

263 841 531 892 ingentesque
559 841 703 886 minae,
734 853 890 878 mecum
919 839 1065 892 quibus
1094 840 1172 878 ista
1200 838 1355 878 secuti?
1647 838 1703 868 650

157 946 287 982 sertim
312 946 414 992 apud
436 948 570 992 poetas
595 946 824 982 adiectivum
850 947 920 981 hac
946 946 1220 991 significatione
1258 946 1424 991 positum
1448 947 1646 992 reperitur,

157 1007 288 1042 tamen
312 1007 384 1042 hoc
407 1005 491 1041 loco
514 1006 634 1041 multo
654 1006 778 1051 apfius
796 1006 946 1041 videtur
962 1006 1186 1051 intellegere
1202 1005 1386 1041 insaniam
1411 1007 1451 1041 et
1468 1005 1645 1046 furorem,

157 1075 231 1109 quo
269 1064 430 1100 incitata
465 1075 557 1099 saxa
593 1064 693 1099 inter
717 1076 758 1099 se
796 1066 1031 1105 concurrunt,
1069 1066 1112 1099 ut
1149 1065 1265 1100 etiam
1297 1064 1324 1101 L
1352 1065 1423 1099 605
1446 1066 1539 1100 rat-‘s
1563 1077 1647 1100 eum

157 1123 307 1170 poetica
333 1124 506 1169 enallage
531 1124 662 1158 insana
687 1124 834 1166 dicitur,
874 1126 913 1159 et
938 1124 1084 1169 saepius
1112 1125 1242 1166 fluctu-3
1265 1124 1363 1159 venti
1394 1129 1514 1159 aestus
1546 1125 1649 1170 apud

157 1185 302 1228 poetas.

252 1242 333 1278 644.
379 1243 475 1285 ferre
507 1243 633 1287 fuqam
670 1243 694 1278 i.
733 1254 765 1279 e.
806 1243 948 1288 fugere,
976 1243 1044 1278 cfr.
1083 1243 1131 1277 ad
1156 1243 1205 1289 II⁷
1230 1243 1310 1278 282.
1352 1242 1527 1279 Ceterum
1564 1255 1648 1279 sen-

158 1301 320 1337 tentiam
336 1313 411 1337 non
426 1301 539 1347 plane
558 1302 740 1347 expressit
756 1304 889 1347 poeta:
917 1302 1144 1347 antiquiores
1163 1302 1326 1338 editores
1345 1313 1481 1346 eosque
1498 1303 1649 1338 secutus

157 1359 266 1396 Thilo
289 1360 590 1406 interpunctione
607 1361 710 1396 facta
726 1363 815 1406 post
829 1361 953 1406 fuyam
971 1362 1210 1406 Argonautas
1234 1364 1389 1397 conatos
1413 1373 1495 1397 esse
1516 1361 1650 1406 fugere

158 1409 358 1466 explicant.
420 1421 471 1455 At
505 1423 771 1466 praeterquam
809 1421 909 1465 quod
946 1421 1055 1456 nimis
1081 1421 1208 1466 ignavi
1245 1423 1284 1456 et
1315 1421 1438 1456 timidi
1459 1414 1651 1467 apparent

135 1478 412 1524 *Argonautae
449 1479 481 1514 si
518 1480 588 1515 hoc
625 1480 818 1515 Valerium
856 1480 993 1516 dixisse
1028 1482 1216 1526 putamus.
1255 1480 1372 1516 etiam
1408 1481 1527 1516 verba
1550 1483 1649 1516 ocieoe

157 1538 296 1574 mant
320 1539 459 1575 rectius
482 1539 697 1574 referuntur
722 1551 797 1574 non
822 1540 871 1574 ad
903 1551 1065 1575 novam
1091 1539 1261 1585 fugiendi
1285 1539 1482 1579 actionem.
1510 1539 1577 1575 sed
1602 1539 1651 1574 ad

161 1597 202 1632 id
224 1591 357 1633 ‘acrius
393 1598 701 1644 persequendum.
740 1599 839 1643 quod
875 1599 951 1633 iam
992 1600 1107 1634 antea
1144 1599 1270 1634 facere
1300 1599 1561 1635 instituerant:
1611 1598 1651 1633 in

160 1657 285 1693 animo
310 1659 437 1693 autem
462 1657 514 1694 eis
540 1659 623 1693 erat
648 1669 758 1703 quarn
794 1658 987 1694 celerrime
1011 1669 1081 1703 per
1104 1669 1195 1693 saxa
1231 1659 1397 1704 pervehi,
1436 1658 1504 1694 sed
1539 1659 1650 1694 tanta

161 1716 358 1752 eeleritate
382 1717 652 1762 Symplegades
676 1719 886 1757 moventur,
912 1719 955 1751 ut
979 1717 1197 1762 priusquam
1222 1718 1271 1752 ad
1305 1729 1369 1753 eas
1394 1717 1649 1763 pervenerint,

159 1774 238 1813 iam
261 1775 412 1811 collisae
437 1788 562 1810 rursus
588 1776 794 1821 discedant.
828 1787 944 1821 quare
969 1776 1023 1816 fit,
1048 1779 1091 1811 ut
1115 1777 1253 1820 undae,
1279 1788 1375 1821 quae
1400 1779 1491 1812 ante
1515 1787 1652 1812 navem

160 1835 257 1875 sunt,
296 1846 320 1869 a
355 1835 444 1869 navi
480 1835 679 1880 diffugiant
716 1835 755 1870 in
793 1847 876 1871 eum
914 1836 1037 1871 locum
1061 1848 1187 1871 rursus
1218 1836 1387 1872 fluentes.
1426 1837 1527 1872 unde
1565 1848 1651 1872 con-

162 1894 397 1931 currentibus
421 1894 519 1929 saxis
545 1894 720 1930 detrusae
758 1896 884 1930 erant:
921 1897 1004 1929 tum
1045 1895 1194 1930 demum
1230 1898 1470 1939 Argonautae
1506 1895 1652 1940 ingenti

161 1952 298 1991 fimare
323 1953 585 1998 corripiuntur.
647 1953 693 1988 Id
734 1966 848 1988 unum
886 1954 1047 1989 fortasse
1084 1954 1205 1989 minus
1230 1955 1367 1999 placet,
1400 1955 1500 1999 quod
1532 1954 1651 1989 maria

162 2010 297 2057 fugere
319 2011 378 2047 bis
402 2012 555 2053 dieitur;
594 2013 660 2048 sed
686 2024 769 2048 cum
795 2013 969 2058 gradatio
995 2014 1182 2058 quaedam
1207 2013 1246 2048 in
1270 2014 1395 2049 verbis
1421 2013 1519 2054 insit,
1558 2013 1652 2048 nihil

39 2086 50 2115 χ
162 2068 384 2108 mutandum
426 2072 587 2108 videtur.
630 2074 669 2107 et
710 2074 813 2108 recte
854 2072 1038 2107 traditum
1073 2073 1113 2107 in
1154 2073 1283 2108 codice
1326 2072 1427 2108 Carr.
1470 2073 1650 2118 diffitqere.

38 2125 42 2127 ’
93 2147 100 2150 ·
162 2128 249 2166 Vat.
274 2130 394 2166 habet
417 2131 575 2176 defiqere.

257 2189 337 2224 646.
387 2189 445 2225 De
469 2190 659 2226 sententia
685 2190 752 2226 cfr.
778 2191 885 2226 Hom.
913 2191 980 2226 Od.
1010 2190 1090 2230 ΧΠ,
1116 2191 1187 2225 203
1212 2202 1313 2237 seqq.

258 2248 339 2284 647.
383 2260 452 2293 per
475 2261 577 2284 arma
602 2261 653 2285 sc.
684 2250 723 2284 in
747 2250 922 2285 transtris
946 2250 1088 2295 posita;
1126 2250 1261 2285 mirum
1286 2251 1386 2295 quod
1411 2251 1512 2296 apud
1536 2251 1651 2296 Apol-

166 2307 308 2344 lonium
330 2303 380 2345 Π.
406 2308 477 2343 590
501 2320 575 2344 non
600 2309 722 2346 Iason.
750 2309 817 2344 sed
841 2309 1055 2355 Euphemus
1080 2310 1198 2345 socios
1224 2311 1407 2345 hortatur.

258 2366 339 2402 649.
388 2369 529 2403 nomine
564 2379 731 2413 quemque
762 2380 929 2412 premens
964 2369 987 2405 i.
1027 2381 1057 2404 e.
1096 2381 1233 2414 urgens
1258 2369 1383 2405 verbis
1409 2369 1649 2415 appellando,

166 2423 235 2461 err.
259 2425 360 2467 vm,
386 2426 458 2462 263
476 2438 642 2472 prm
665 2428 816 2463 clamore
838 2439 1009 2469 soror-erm
1036 2427 1099 2463 Sil.
1126 2428 1188 2469 XL
1218 2428 1286 2464 110
1322 2439 1518 2474 maynoque
1552 2429 1650 2464 viros

166 2484 317 2520 donare
348 2487 574 2530 premebant;
625 2487 827 2532 simplicius
869 2487 963 2522 dixit
1002 2487 1114 2533 Verg.
1156 2488 1247 2523 Aen.
1295 2487 1357 2524 XL
1400 2488 1468 2522 731
1510 2490 1652 2523 nemim

167 2553 334 2589 W
356 2556 498 2582 wm-

259 2603 324 2639 ubi
344 2615 440 2640 mmc
457 2606 655 2650 promissa:
692 2606 766 2640 vid.
802 2605 829 2641 1.
856 2606 945 2643 272:
981 2606 1150 2642 imitatus
1191 2608 1249 2642 est
1274 2607 1445 2642 Valerius
1471 2606 1569 2642 Hom
1606 2606 1652 2643 Π.

170 2659 271 2702 VIII.
296 2662 368 2698 229
391 2674 493 2709 seqq.
