1890 3100
591 249 984 288 ARGONAVTIGON
1010 248 1158 283 LIBER
1180 247 1251 283 ΠΙ.
1565 246 1653 290 235

276 379 317 412 et
343 373 541 425 placitum
568 372 646 409 hoc
666 370 840 422 superis,
868 381 1003 406 nonne
1030 367 1133 405 haec
1158 379 1251 404 mea
1276 365 1421 403 iustius
1449 370 1588 403 essent

274 439 422 477 funera
441 449 592 488 meque
619 441 712 473 tuus
739 435 871 486 potius
898 446 1007 471 nunc
1034 432 1247 484 plangeret
1275 428 1411 468 error?

274 516 351 542 nec
374 502 499 542 Clarii
524 514 631 539 nunc
660 506 774 538 antra
801 498 867 537 dei
895 509 1147 550 quercusque
1175 496 1371 534 Tonantis

277 566 515 620 arguerem?
541 566 698 604 talesne
726 565 846 611 acies,
874 564 1033 602 talesne
1061 562 1282 613 triumphos
1652 564 1711 594 300

275 638 382 672 sorte
410 630 584 671 dabant?
610 636 845 681 tantumque
873 629 988 667 nefas
1016 641 1131 666 mens
1160 627 1321 665 conscia
1346 632 1484 664 vatum

277 697 477 742 conticuit,
505 697 659 748 patriae
688 695 853 734 exitium
881 693 1045 732 crudele
1075 698 1265 731 senectae

278 770 320 802 et
345 769 406 801 tot
433 762 580 800 acerba
607 761 774 799 canens!
803 761 884 798 heu
913 759 1015 798 divis
1043 759 1132 796 visa
1159 758 1328 796 sinistris

276 842 404 880 regna
428 826 540 867 mihi!
576 827 737 878 quinam
764 824 943 864 reditus?
971 837 1075 876 quae
1104 837 1168 862 me
1196 823 1356 874 hospita
1382 821 1506 860 tellus

276 892 473 945 accipiet?
504 906 606 944 quae
635 905 718 930 non
745 891 880 942 primis
909 889 1136 942 prohibebit
1163 887 1354 926 harenis?
1657 893 1715 922 305

277 958 458 996 invidere
487 957 564 1003 dei,
593 971 646 995 ne
674 956 860 994 Phasidis
889 969 985 993 arva
1011 954 1155 993 remoti

277 1029 319 1062 et
347 1023 557 1074 Scythicas
585 1021 799 1074 populatus
829 1034 926 1072 opes
954 1020 1055 1058 haec
1082 1032 1219 1057 rursus
1249 1018 1399 1057 adirem

274 1088 403 1135 litora,
433 1101 536 1126 neve
564 1093 655 1125 tuos
683 1087 783 1125 irem
810 1092 906 1124 tunc
933 1086 1040 1123 ultor
1066 1086 1109 1123 in
1135 1085 1286 1123 hostes.

275 1153 337 1192 fas
364 1159 500 1191 tamen
530 1159 591 1190 est
619 1152 799 1190 conferre
828 1164 966 1202 genas,
996 1151 1056 1188 fas
1085 1151 1253 1201 iungere
1281 1156 1415 1188 tecum

276 1224 440 1270 pectora
468 1223 508 1256 et
537 1230 763 1268 exsangues
791 1217 958 1255 miscere
989 1216 1239 1267 amplexibus
1269 1222 1390 1254 artus.
1660 1211 1716 1241 310

274 1297 347 1322 vos
375 1296 452 1335 age
480 1283 668 1320 funereas
698 1282 749 1320 ad
776 1282 895 1320 litora
921 1281 1072 1320 volvite
1103 1281 1225 1319 silvas

263 1425 344 1462 298.
362 1427 488 1470 poti-us
513 1436 583 1459 om.
600 1424 696 1465 Vat„
723 1424 809 1459 add.
836 1424 917 1460 cod.
944 1423 1046 1459 Carr.

250 1541 254 1543 -
266 1497 348 1533 300.
373 1507 554 1542 arquerem
565 1495 661 1536 Vat„
680 1496 858 1540 amum-im
872 1494 979 1530 Thilo
994 1494 1152 1540 scripsit,
1175 1506 1220 1530 ea
1232 1505 1285 1539 re,
1298 1495 1341 1529 ut
1354 1494 1515 1540 videtur,
1528 1496 1651 1530 motus

170 1557 270 1602 quod
294 1558 393 1592 esset
405 1556 515 1590 nimis
530 1555 673 1591 acerba
694 1555 926 1600 vituperatio
940 1554 1039 1590 lovis
1058 1557 1097 1591 et
1108 1555 1301 1600 Apollinis,
1327 1555 1358 1590 si
1383 1555 1527 1591 diceret
1551 1554 1664 1590 Iason

125 1604 157 1654 ‘f
169 1617 320 1651 uturum
344 1626 435 1655 esse,
461 1617 504 1650 ut
526 1627 603 1650 non
629 1617 808 1660 argueret
834 1614 1004 1655 oracula,
1046 1614 1077 1649 si
1100 1614 1172 1660 ipsi
1197 1614 1287 1659 quid
1312 1614 1532 1655 accidisset,
1566 1626 1664 1650 nunc

177 1675 304 1710 autem
328 1685 369 1710 se
394 1685 439 1710 ea
465 1684 633 1718 arguere.
684 1672 758 1708 Sed
782 1673 924 1708 lenitur
942 1674 1036 1709 haec
1062 1673 1258 1715 acerbitas,
1285 1674 1316 1708 si
1340 1685 1424 1710 cum
1442 1674 1664 1710 Schenkelio

179 1733 327 1779 signum
350 1732 656 1778 interrogationis
681 1734 767 1778 post
790 1743 974 1778 arquerem
996 1732 1179 1778 ponimus.

276 1792 333 1828 De
358 1792 517 1827 oraculis
540 1791 630 1837 ipsis
656 1791 723 1826 cfr.
750 1792 799 1826 ad
822 1792 851 1831 Ι,
877 1792 959 1833 544,
983 1792 1104 1827 minus
1130 1794 1306 1828 accurate
1330 1792 1500 1828 Valerius
1524 1794 1665 1839 Apolli-

167 1862 256 1887 nem
281 1850 450 1886 Clarium
481 1851 552 1886 hoc
575 1850 657 1886 loco
681 1851 862 1887 nominat.

275 1910 356 1946 301.
405 1921 503 1945 mens
526 1911 668 1945 conscia
692 1921 743 1946 sc.
768 1910 917 1946 divinae
941 1911 1156 1946 voluntatis.

262 1981 345 2017 302.
392 1982 561 2017 conticuit
601 1981 754 2016 videtur
796 1982 1044 2017 derivandum
1081 1994 1103 2017 a
1141 1982 1353 2019 conticendi
1377 1984 1504 2025 verbo,
1530 1995 1606 2019 non
1643 1995 1666 2019 a

171 2040 455 2082 conticescendi,
491 2040 596 2086 quod
630 2051 813 2085 nusquam
850 2052 935 2075 cum
971 2041 1187 2076 accusativo
1213 2042 1447 2077 coniunctum
1479 2043 1665 2088 reperitur

177 2110 300 2144 neque
324 2099 374 2134 ad
398 2099 623 2135 sententiam
649 2099 740 2134 satis
766 2100 939 2144 quadrat.

271 2157 407 2193 Mirum
432 2158 532 2203 quod
570 2160 640 2195 hoc
677 2158 759 2194 loco
783 2159 895 2194 Iason
932 2159 1023 2194 dicit
1063 2163 1168 2195 vates
1206 2159 1277 2194 sibi
1302 2160 1479 2196 cecinisse
1507 2161 1661 2196 exitium

171 2217 302 2263 patris,
329 2228 413 2252 cum
438 2217 539 2252 nullo
559 2216 634 2252 alio
650 2217 733 2253 loco
750 2228 798 2253 ne
814 2218 931 2253 verbo
949 2218 1098 2263 quidem
1111 2218 1282 2254 Valerius
1299 2219 1395 2254 hanc
1412 2231 1494 2255 rem
1513 2222 1660 2265 tangat,

173 2270 303 2311 odntm
319 2277 450 2321 aperte
465 2276 504 2310 in
520 2276 627 2312 initio
644 2276 732 2311 libri
748 2277 902 2312 secundi
920 2277 1034 2320 dicat,
1060 2280 1226 2313 mortem
1242 2278 1361 2323 patris
1383 2279 1418 2314 ei
1435 2279 1666 2325 incognitam

175 2334 363 2376 mansisse,
390 2334 457 2371 cfr.
475 2335 560 2375 VII,
585 2335 667 2373 494.

273 2393 354 2430 305.
402 2393 516 2439 Verg.
540 2395 632 2431 Aen.
659 2394 687 2440 I,
713 2395 783 2430 540
807 2396 961 2440 hospitio
980 2397 1220 2441 prohibemur
1243 2408 1383 2434 arenae.

269 2464 352 2500 310.
401 2458 593 2501 miscerc—
605 2471 706 2502 artus
717 2466 818 2502 idem
835 2467 934 2513 quod
947 2469 1030 2503 arte
1048 2468 1262 2516 complecti;
1275 2469 1435 2504 alterum
1451 2470 1667 2515 exemplum

177 2522 284 2559 huius
307 2523 585 2569 significationis
611 2526 740 2561 extare
764 2538 839 2562 non
863 2526 1023 2563 videtur.

271 2593 354 2631 311.
402 2606 467 2640 aye
490 2595 733 2641 imperativus
757 2598 949 2642 tamquam
998 2598 1210 2635 interiectio
1235 2610 1457 2645 quamquam
1481 2611 1665 2646 praeee-

179 2651 316 2689 dente
332 2653 469 2699 plurali
484 2654 646 2700 ponitur,
663 2657 707 2690 ut
720 2655 781 2691 Sil.
797 2655 858 2697 XI,
874 2657 944 2691 575
962 2661 1070 2702 atque
1087 2658 1174 2693 adeo
1192 2662 1367 2703 temptate,
1386 2659 1550 2704 ayedum;
1570 2659 1664 2694 Stat.

178 2709 295 2747 Theb.
308 2711 352 2748 X.
366 2712 413 2748 33
430 2714 489 2758 ite,
505 2725 587 2760 aye3
605 2714 683 2751 Liv.
700 2715 903 2757 xxxvm,
917 2717 974 2755 47,
991 2718 1034 2751 11
1055 2718 1181 2752 mittite
1197 2718 1343 2762 ayedum
1363 2719 1495 2763 leqatos
1512 2730 1543 2755 e.
1564 2731 1597 2763 q.
1617 2730 1643 2754 s.
1658 2735 1666 2763 ;
