1890 3100
553 183 939 221 ARGONAV'I'ICON
962 182 1109 218 LIBER
1133 183 1176 218 V.
1526 181 1615 225 355

233 305 396 345 vincula
422 318 570 358 prensa
595 317 716 343 manu
745 303 851 342 saxis
881 302 1102 341 abduxerat
1128 301 1217 339 imis

236 371 383 410 arduus
413 377 453 409 et
480 371 597 409 laevo
623 369 784 421 'gravior
810 368 932 420 pede3
963 373 1155 406 consonat
1181 367 1324 417 ingens

236 437 457 483 Caucasus,
488 442 528 474 et
557 449 709 473 summo
737 434 886 486 pariter
913 446 1003 471 cum
1030 437 1164 470 monte
1195 437 1359 470 secutae

234 502 453 540 incubuere
481 501 616 539 trabes
645 499 897 551 abductaque
924 497 1088 536 flumina
1114 502 1250 548 ponto.

233 567 280 604 fit
306 566 451 618 fragor,
481 566 679 604 aetherias
709 577 784 603 ceu
811 564 992 615 Iuppiter
1018 562 1167 600 arduus
1197 575 1310 600 arces

236 632 448 684 impulerit,
478 632 576 669 imas
604 643 744 668 manus
775 634 843 667 aut
870 628 1076 680 Neptunia
1102 633 1242 666 terras.

235 697 388 735 horruit
414 698 650 734 immensum
677 695 796 733 Ponti
822 694 940 741 latus,
970 693 1123 732 horruit
1152 693 1278 731 omnis

236 762 453 800 Armeniae
480 766 713 813 praetentus
741 759 880 806 Hiber,
909 759 1150 811 penitusque
1178 771 1342 796 recusso

238 839 412 879 aequore
443 826 631 877 Cyaneas
659 825 822 876 Minyae
850 825 1020 862 timuere
1048 824 1222 862 relictas.

234 898 319 929 tum
347 891 499 942 gemitu
526 891 709 942 propiore
739 889 908 941 chalybs
937 888 1166 940 densusque
1195 888 1367 926 revulsis

233 956 399 1008 rupibus
427 956 553 994 audiri
580 956 725 994 montis
754 955 869 993 labor
897 960 938 993 et
963 967 1085 1006 grave
1112 954 1233 992 Titan

235 1022 470 1068 vociferans,
499 1021 600 1059 fixos
630 1020 803 1072 scopulis
833 1020 927 1058 dum
953 1019 1116 1058 vellitur
1144 1025 1264 1058 art-us.
1613 1021 1668 1051 1'10

235 1093 371 1126 contra
400 1092 533 1125 autem
561 1087 688 1137 ignari
718 1086 823 1138 (quis
852 1085 958 1124 enim
984 1098 1090 1122 nunc
1120 1084 1256 1123 credat
1283 1084 1324 1122 in
1352 1083 1432 1122 illis

129 1224 203 1260 loci
227 1223 444 1263 afferuntur,
484 1222 610 1267 quales
648 1223 735 1257 sunt
759 1222 865 1257 Lucr.
890 1221 957 1261 111,
996 1221 1043 1255 20
1078 1221 1139 1256 vel
1163 1220 1274 1265 Verg.
1301 1231 1429 1265 georg.
1456 1219 1503 1258 [L
1530 1220 1611 1260 263,

130 1283 197 1319 ubi
219 1282 354 1329 pruina
377 1294 452 1318 non
476 1282 602 1318 nivem
626 1282 692 1318 sed
717 1281 835 1326 frigus
860 1281 1057 1326 significat.

224 1342 303 1378 159.
352 1341 510 1377 Vincula
533 1353 602 1387 per
627 1353 759 1387 corpus
784 1341 999 1377 Promethei
1023 1341 1172 1386 penitus
1196 1340 1236 1375 in
1260 1340 1336 1375 ima
1361 1351 1452 1375 saxa
1477 1340 1614 1375 adacta

130 1402 248 1443 erant,
286 1402 330 1435 ut
360 1400 518 1436 firmiter
549 1412 640 1436 onus
673 1401 836 1446 corporis
870 1402 1055 1440 tenerent,
1093 1400 1161 1435 sed
1194 1400 1243 1434 ad
1272 1411 1318 1435 ea
1353 1399 1414 1435 vel
1453 1411 1497 1435 ex
1529 1398 1614 1433 imis

129 1460 227 1496 saxis
253 1460 448 1496 evellenda
474 1460 651 1495 Hercules
675 1459 804 1495 valuit.

224 1519 303 1556 160.
353 1520 450 1554 laevo
481 1520 627 1564 yram'or
650 1519 759 1563 pede.-
798 1519 837 1553 in
874 1519 993 1562 gradu
1032 1519 1222 1564 superiore
1253 1520 1331 1553 stat
1362 1530 1429 1564 pes
1462 1519 1611 1555 dexter:

128 1580 244 1626 igitur
266 1579 397 1615 laevus
419 1579 654 1624 potissimum
678 1590 767 1614 onus
793 1579 927 1614 stantis
954 1579 1122 1614 sustinet.

224 1639 303 1674 162.
353 1638 572 1683 abductaque
593 1639 743 1681 flumina
762 1642 875 1683 ponto
900 1638 979 1674 sine
1011 1638 1124 1674 dubio
1162 1639 1265 1673 recte
1300 1638 1507 1684 explicatur
1543 1638 1608 1673 ita.

131 1699 175 1733 ut
198 1697 247 1734 sit
271 1697 460 1733 sententia
485 1697 637 1732 flumina
660 1697 834 1743 impediri
858 1697 1050 1743 quominus
1075 1697 1114 1732 in
1138 1708 1241 1733 mare
1272 1697 1477 1743 profluant;
1498 1702 1613 1742 ponto

130 1757 221 1793 licet
246 1758 285 1792 ct
309 1756 478 1791 dativum
504 1758 543 1792 et
567 1757 774 1792 ablativum
799 1757 1041 1803 interpretari
1048 1774 1057 1804 3
1097 1758 1216 1792 trabes
1239 1757 1261 1792 i.
1290 1768 1322 1792 e.
1350 1757 1503 1793 arbores
1529 1769 1613 1792 cum

128 1816 260 1851 avulsa.
281 1817 393 1862 parte
440 1816 577 1851 montis
601 1816 640 1851 in
664 1828 767 1851 mare
793 1816 979 1852 decidunt.

223 1875 302 1910 163.
351 1875 394 1918 fit
414 1875 556 1920 fraqor:
584 1875 650 1911 Ov.
676 1877 764 1911 met.
791 1875 819 1912 L
845 1875 924 1912 269.

224 1935 390 1979 Iuppiter
412 1935 549 1970 arduus
573 1935 715 1970 scilicet
738 1935 777 1969 in
802 1935 948 1970 arcibus
975 1935 1151 1971 aetheriis
1177 1935 1367 1971 habitans.

222 2005 285 2029 ceu
308 1995 394 2039 post
417 1994 576 2039 primam
602 1994 812 2030 sententiae
849 2006 980 2030 vocem
1018 1995 1239 2030 collocatum
1275 1995 1466 2031 invenitur
1497 1996 1612 2031 etiam

128 2052 197 2094 ΠΙ,
222 2053 308 2095 101;
326 2053 512 2095 581;654;
530 2053 572 2094 V,
599 2053 685 2100 3533
710 2055 795 2098 post
821 2055 979 2089 alteram
1003 2053 1072 2095 ΠΙ,
1099 2054 1184 2094 281;
1211 2054 1298 2099 4653
1325 2054 1387 2095 IV,
1407 2055 1495 2097 452;
1526 2057 1613 2100 post

127 2111 280 2147 tertiam
306 2111 374 2148 III.
400 2111 463 2154 83;
490 2112 553 2153 IV,
579 2113 639 2158 44;
668 2114 754 2158 post
779 2119 951 2157 quartam
977 2113 1072 2148 adeo
1098 2114 1189 2148 velut
1212 2114 1400 2159 particula
1418 2113 1479 2153 VL
1506 2114 1563 2151 92.

226 2171 305 2207 164.
355 2171 411 2206 De
436 2175 500 2206 aut
523 2171 731 2217 particulae
758 2172 1001 2208 collocatione
1027 2172 1093 2207 cfr.
1120 2173 1169 2207 ad
1193 2172 1241 2213 ΙΙ,
1269 2173 1348 2208 181.

223 2229 303 2265 168.
351 2231 483 2276 yemitu
513 2232 685 2275 propiore
734 2231 757 2266 i.
784 2242 815 2266 e.
858 2242 941 2266 cum
978 2232 1218 2277 Argonautae
1257 2232 1375 2277 magis
1413 2233 1611 2278 appropin-

50 2279 58 2319 ἶ
129 2290 289 2333 qua-rent
310 2289 469 2334 ideoque
495 2289 636 2324 sonitus
659 2290 811 2335 propior
837 2293 943 2329 esset,
970 2290 1044 2325 iam
1071 2291 1274 2326 audiebant
1292 2291 1456 2336 singula.-
1481 2304 1612 2327 sonum

129 2347 332 2383 ferreorum
378 2348 610 2384 vinculorum
650 2360 733 2384 cum
774 2350 1044 2385 revellerentnr
1078 2352 1116 2386 et
1151 2351 1347 2386 clamorem
1383 2351 1609 2393 Promethei,

130 2405 231 2442 cuius
255 2417 387 2452 corpus
410 2419 485 2443 non
522 2408 601 2443 sine
638 2408 782 2453 magnis
809 2409 995 2444 doloribus
1020 2410 1271 2446 membrorum
1310 2410 1491 2446 laesorum
1518 2422 1610 2456 rupe

53 2455 59 2506 ζ
131 2464 313 2502 avellitur.
361 2468 545 2514 pervum}
563 2468 660 2504 Vat..
685 2468 835 2503 revuleis
859 2468 916 2504 ed.
941 2469 1033 2504 Bon.
1060 2471 1099 2505 et
1123 2470 1207 2506 Ald.

224 2524 351 2561 den-ms
375 2526 475 2562 labor
506 2527 563 2562 est
586 2527 778 2572 repetitus,
806 2529 1038 2563 continuatus
1057 2528 1212 2574 ideoque
1229 2530 1440 2571 vehemens,
1459 2532 1501 2564 ut
1521 2531 1611 2565 ictus

133 2582 232 2619 dmm·
274 2584 442 2620 dicuntur
486 2587 524 2621 et
569 2586 697 2621 deme
717 2587 847 2631 Aquilo
881 2587 991 2633 Verg.
1017 2599 1142 2634 georg.
1168 2588 1238 2624 111.
1278 2589 1364 2631 196;
1397 2590 1506 2624 densa
1536 2590 1603 2632 fn·-

56 2699 66 2703 ‚>
129 2642 228 2686 yon‘s
251 2645 426 2687 asperitas
452 2644 517 2680 Ov.
544 2646 623 2680 fast.
650 2645 712 2685 IV,
738 2645 794 2680 87.

65 2710 70 2720 ι
1326 2709 1372 2744 23

1616 376 1670 405 1oe

1618 701 1669 730 165
