1890 3100
241 270 327 312 418
755 268 793 304 C.
819 268 998 303 VALERI
1025 269 1199 304 FLACCI

345 387 532 425 sollicitat
560 400 635 426 nec
665 388 803 426 Martis
834 401 952 436 amor,
985 389 1056 427 sed
1085 390 1190 427 fama
1220 389 1400 440 Cytaeae

345 453 509 504 virginis
541 459 581 491 et
607 453 769 505 paribus
799 455 951 506 spirans
982 454 1128 493 Medea
1155 455 1333 493 venenis.

347 518 496 570 gaudet
524 518 688 557 Averna
715 519 842 571 palus,
873 520 1022 572 gaudet
1050 520 1127 558 iam
1156 526 1272 559 nocte
1303 521 1438 572 quieta

346 585 513 635 portitor
542 590 581 622 et
609 590 694 623 tuto
723 587 889 624 veniens
919 586 1087 624 Latonia
1116 585 1240 624 caelo.

345 650 457 688 ibant
486 655 525 688 et
554 651 722 701 geminis
752 657 971 703 aequantes
1002 651 1186 690 cornibus
1217 651 1300 689 alas

346 714 536 753 Balloniti
564 716 830 768 comitumque
861 717 969 754 celer
997 722 1170 754 mutator
1199 730 1390 768 equorum

346 780 509 818 Moesus
539 786 579 819 et
606 781 780 831 ingentis
810 781 986 820 frenator
1016 781 1198 820 Sarmata
1227 783 1344 820 conti.

347 858 422 883 nec
450 851 509 884 tot
538 845 587 883 ab
618 851 795 884 extremo
823 846 966 884 fluctus
996 847 1078 897 agit
1106 860 1292 899 aequore,
1323 860 1397 885 nee
1428 847 1483 885 sie

346 911 533 950 fratribus
564 911 734 950 adversa
761 913 912 951 Boreas
941 912 1158 964 respondet
1187 913 1236 951 ab
1266 912 1383 959 unda,

337 1035 414 1070 156.
469 1035 620 1081 Cytaeae
644 1036 809 1081 viryini83
836 1036 908 1070 vid.
937 1037 986 1071 ad
1011 1036 1052 1077 V,
1078 1036 1158 1071 466.
1225 1056 1228 1062 ι

336 1095 414 1130 157.
464 1097 611 1140 spirans
628 1095 758 1130 Medea
781 1097 938 1131 venenis:
967 1095 1034 1131 cfr.
1053 1095 1133 1137 VII,
1153 1096 1221 1131 327
1248 1097 1427 1140 spirantia
1451 1101 1543 1132 tecta
1567 1097 1708 1132 venenis
1716 1110 1724 1139 ;

241 1155 327 1190 Luc.
355 1155 418 1195 IX,
445 1155 515 1189 679
540 1159 673 1200 quanto
699 1155 838 1200 spirare
862 1166 991 1190 veneno
1019 1154 1092 1191 Ora
1117 1157 1218 1191 rear!
1243 1157 1282 1191 et
1307 1156 1356 1191 ad
1381 1157 1422 1197 V,
1449 1156 1531 1192 585.

336 1226 414 1262 158.
465 1226 571 1268 Quod
589 1227 742 1264 Coastes
766 1226 805 1261 in
830 1226 970 1262 bellum
988 1226 1242 1272 proficiscitur,
1269 1238 1343 1263 non
1360 1227 1477 1262 otium
1501 1227 1535 1263 ei
1552 1228 1609 1263 eet
1626 1228 1725 1263 artes

239 1286 404 1331 magicas
431 1295 622 1322 exercere:
661 1286 790 1332 itaque
816 1287 861 1322 ab
887 1286 1015 1322 inferis
1041 1286 1196 1322 umbrae
1216 1298 1290 1322 non
1321 1288 1532 1328 evocantur,
1560 1286 1726 1332 quietem

240 1357 390 1381 servare
415 1345 504 1381 lieet
523 1346 671 1381 Averno
698 1347 736 1380 et
761 1346 938 1382 Charonti
963 1357 1031 1382 nec
1057 1346 1104 1381 de
1129 1346 1233 1382 caelo
1258 1346 1347 1381 luna
1373 1347 1583 1383 devocatur.

336 1416 415 1452 160.
463 1417 612 1461 yeminis
646 1420 836 1461 aequantes
866 1417 1031 1452 cornibus
1067 1417 1145 1452 alas
1170 1417 1272 1452 recte
1297 1417 1446 1453 videtur
1471 1417 1638 1463 Wagner
1665 1428 1723 1453 ex-

239 1475 399 1522 plicasse
425 1475 481 1510 his
507 1475 631 1511 verbis
659 1481 716 1511 ‘ex
742 1477 903 1521 utraque
928 1477 1038 1522 parte
1057 1476 1149 1511 aciei
1176 1476 1307 1512 eodem
1332 1487 1486 1512 numero
1511 1488 1646 1512 cornua
1670 1478 1725 1512 te-

240 1535 402 1577 nentes’3
441 1535 508 1570 sed
533 1535 571 1569 in
597 1546 642 1571 ea
668 1546 708 1570 re
735 1536 780 1571 ab
807 1535 870 1571 illo
896 1535 975 1571 viro
1003 1535 1190 1576 dissentio,
1230 1536 1329 1582 quod
1354 1547 1428 1572 non
1453 1536 1660 1572 Ballonitos
1685 1536 1723 1571 in

241 1595 332 1630 duas
369 1595 496 1640 partes
535 1594 671 1630 divisos
709 1606 846 1630 cornua
883 1594 1046 1630 tenuisse
1085 1596 1219 1636 statuo,
1258 1595 1324 1631 sed
1356 1595 1723 1641 comprehendendos

241 1655 332 1700 puto
358 1654 566 1689 Ballonitos
592 1654 737 1690 Moesos
764 1653 953 1689 Sarmatas
979 1655 1184 1701 harumque
1219 1654 1387 1699 gentium
1413 1654 1503 1690 duas
1528 1655 1567 1689 in
1592 1655 1722 1695 altero,

238 1713 391 1750 tertiam
415 1713 454 1748 in
480 1713 600 1749 altero
627 1725 740 1749 cornu
765 1713 925 1758 stetisse,
963 1713 1099 1749 tertiae
1126 1714 1252 1749 autem
1277 1714 1383 1748 huius
1409 1714 1532 1759 gentis
1555 1715 1615 1749 tot
1641 1714 1723 1748 alas

239 1773 363 1814 fuisse,
392 1774 482 1820 quot
508 1773 789 1809 coniunctarum
814 1773 980 1808 duarum.
1031 1773 1199 1808 Koestlin
1223 1773 1354 1808 Philol.
1381 1773 1438 1818 48,
1465 1773 1534 1808 665
1562 1773 1721 1817 ‘gemina

241 1835 390 1868 cornua’
427 1832 550 1879 inquit
583 1832 677 1867 ‘sind
714 1832 773 1868 die
809 1832 1082 1877 Fh'igelspitzen
1121 1832 1185 1868 des
1223 1832 1382 1877 Bogens,
1423 1832 1518 1868 aleo:
1558 1831 1618 1868 die
1656 1831 1724 1866 mit

239 1892 360 1928 ihrem
384 1892 513 1937 Bogen
551 1892 637 1927 dem
661 1891 880 1937 Vogelfluge
918 1892 1041 1937 gleich
1072 1892 1276 1927 kommen’:
1316 1892 1411 1927 hane
1438 1891 1723 1937 explicationem

240 1962 467 1997 quamquam
507 1950 693 1996 improbo,
744 1952 873 1986 tamen
916 1963 990 1986 non
1031 1950 1179 1986 silentio
1227 1950 1540 1996 praetereundam
1581 1950 1721 1997 putavi.

242 2010 415 2046 Ceterum
440 2021 531 2055 gens
556 2010 830 2046 Ballonitorum
853 2022 1003 2056 prorsus
1028 2010 1158 2055 ignota.
1185 2011 1250 2053 est,
1278 2010 1394 2045 Moesi
1420 2011 1550 2045 contra
1576 2011 1614 2045 et
1638 2009 1721 2044 Sar·

239 2071 366 2105 matae
391 2069 582 2105 notissimi.

337 2129 418 2164 161.
467 2130 554 2164 celer
578 2133 734 2164 mutator
757 2140 921 2174 equorum
948 2129 971 2164 i.
1000 2140 1029 2165 e.
1058 2129 1233 2165 desultor.

336 2188 414 2222 162.
467 2188 564 2223 Satis
607 2200 746 2234 magna
794 2188 951 2224 audacia
989 2189 1205 2231 frenatore‘m
1245 2189 1338 2224 conti
1375 2188 1586 2223 Sarmatam
1633 2187 1723 2223 dicit

239 2249 372 2294 poeta⁷
413 2259 524 2294 quem
565 2248 674 2283 hasta
716 2250 947 2283 ammentata
987 2249 1158 2284 utentem
1195 2248 1320 2293 fingit,
1376 2248 1490 2284 etiam
1531 2248 1601 2283 hoc
1641 2247 1722 2283 loco

240 2318 382 2343 morem
419 2307 474 2342 sui
510 2307 689 2352 temporis
727 2307 957 2343 transferens
995 2308 1044 2343 ad.
1081 2309 1253 2353 tempora
1291 2307 1552 2354 antiquissima.
1615 2306 1722 2342 Idem

241 2367 412 2403 fecerunt
438 2366 503 2404 Ov.
529 2369 617 2402 met.
644 2367 727 2410 VII.
754 2367 841 2408 78&
880 2367 960 2408 XII,
987 2367 1071 2409 321;
1098 2368 1207 2412 Verg.
1235 2367 1325 2403 Aen.
1352 2366 1414 2408 XI,
1446 2366 1533 2410 284;
1572 2365 1634 2402 Sil.
1659 2365 1721 2406 IV,

242 2427 326 2468 540;
353 2426 446 2462 Stat.
474 2426 564 2461 Ach.
590 2425 639 2467 Π,
665 2426 752 2472 41’7;
779 2426 895 2462 Theb.
914 2427 975 2467 lv,
1005 2427 1091 2473 1533
1118 2426 1181 2467 IX,
1208 2426 1294 2468 867;
1322 2426 1384 2463 XI.
1408 2426 1494 2467 4413
1521 2425 1602 2466 XII,
1632 2425 1720 2470 7233

240 2486 322 2522 Seu.
350 2485 508 2521 Phaedr.
534 2485 623 2529 812;
647 2485 758 2521 Prud.
783 2487 909 2530 psyeh.
936 2486 1014 2521 324.

335 2557 413 2593 163.
464 2557 658 2594 Sententia
684 2559 790 2593 nimis
817 2558 1004 2593 cumulata
1031 2559 1087 2593 est
1106 2557 1459 2603 comparationibus:
1487 2568 1596 2592 sonus
1613 2557 1721 2592 tuba-

239 2630 321 2652 rum
347 2619 586 2663 comparatur
624 2630 707 2653 cum
744 2618 903 2663 strepitu
940 2617 1119 2652 fluctuum
1143 2617 1264 2651 ventis
1302 2616 1530 2661 agitatorum
1566 2617 1604 2652 et
1638 2627 1721 2651 eum

241 2677 402 2712 elamore
439 2677 579 2719 avium
618 2679 698 2712 tum
723 2677 924 2713 multitudo
955 2676 1144 2712 hominum
1171 2687 1252 2711 cum
1277 2675 1449 2710 fluctibus
1481 2676 1592 2721 atque
1623 2674 1719 2710 foliis

241 2738 279 2771 et
303 2736 474 2783 floribus3
501 2737 661 2784 denique
685 2739 810 2772 terrae
828 2737 950 2771 motus
969 2747 1146 2782 equorum
1166 2737 1205 2771 et
1223 2747 1395 2770 curruum
1412 2746 1519 2770 cursu
1537 2734 1719 2770 excitatus

1728 659 1781 690 160
