<?xml version="1.0" encoding="UTF-8"?>
<!DOCTYPE html PUBLIC "-//W3C//DTD XHTML 1.0 Transitional//EN"
    "http://www.w3.org/TR/xhtml1/DTD/xhtml1-transitional.dtd">
<html xmlns="http://www.w3.org/1999/xhtml" xml:lang="en" lang="en">
 <head>
  <title>
</title>
<meta http-equiv="Content-Type" content="text/html;charset=utf-8" />
  <meta name='ocr-system' content='tesseract 3.04.00' />
  <meta name='ocr-capabilities' content='ocr_page ocr_carea ocr_par ocr_line ocrx_word'/>
</head>
<body>
  <div class='ocr_page' id='page_1' title='image "argonauticonlibr00valeuoft_0216.png"; bbox 0 0 1890 3100; ppageno 0'>
   <div class='ocr_carea' id='block_1_1' title="bbox 244 209 1235 255">
    <p class='ocr_par' dir='ltr' id='par_1_1' title="bbox 244 209 1235 255">
     <span class='ocr_line' id='line_1_1' title="bbox 244 209 1235 255; baseline -0.009 0"><span class='ocrx_word' id='word_1_1' title='bbox 244 211 330 255; x_wconf 83' lang='lat'><strong>206</strong></span> <span class='ocrx_word' id='word_1_2' title='bbox 791 209 828 246; x_wconf 82' lang='lat' dir='ltr'><strong>C.</strong></span> <span class='ocrx_word' id='word_1_3' title='bbox 853 209 1035 246; x_wconf 72' lang='lat' dir='ltr'>VALERI</span> <span class='ocrx_word' id='word_1_4' title='bbox 1061 210 1235 246; x_wconf 77' lang='lat' dir='ltr'>FLACCI</span> 
     </span>
    </p>
   </div>
   <div class='ocr_carea' id='block_1_2' title="bbox 342 329 1607 1034">
    <p class='ocr_par' dir='ltr' id='par_1_2' title="bbox 342 329 1607 1034">
     <span class='ocr_line' id='line_1_2' title="bbox 402 329 1504 381; baseline 0.003 -14"><span class='ocrx_word' id='word_1_5' title='bbox 402 329 610 380; x_wconf 86' lang='lat' dir='ltr'><strong>Dindyma</strong></span> <span class='ocrx_word' id='word_1_6' title='bbox 640 330 871 381; x_wconf 85' lang='lat' dir='ltr'><strong>sanguineis</strong></span> <span class='ocrx_word' id='word_1_7' title='bbox 899 330 1092 368; x_wconf 84' lang='lat' dir='ltr'><strong>famulum</strong></span> <span class='ocrx_word' id='word_1_8' title='bbox 1121 330 1316 368; x_wconf 81' lang='lat' dir='ltr'><strong>bacchata</strong></span> <span class='ocrx_word' id='word_1_9' title='bbox 1343 330 1504 370; x_wconf 84' lang='lat' dir='ltr'><strong>lacertis</strong></span> 
     </span>
     <span class='ocr_line' id='line_1_3' title="bbox 350 393 1466 447; baseline 0.002 -15"><span class='ocrx_word' id='word_1_10' title='bbox 350 393 442 433; x_wconf 88' lang='lat' dir='ltr'><strong>dum</strong></span> <span class='ocrx_word' id='word_1_11' title='bbox 471 394 625 433; x_wconf 90' lang='lat' dir='ltr'><strong>volucri</strong></span> <span class='ocrx_word' id='word_1_12' title='bbox 655 395 782 447; x_wconf 90' lang='lat' dir='ltr'><strong>quatit</strong></span> <span class='ocrx_word' id='word_1_13' title='bbox 810 408 928 447; x_wconf 83' lang='lat' dir='ltr'>asper</span> <span class='ocrx_word' id='word_1_14' title='bbox 957 408 1060 447; x_wconf 92' lang='lat' dir='ltr'><strong>equo</strong></span> <span class='ocrx_word' id='word_1_15' title='bbox 1091 395 1294 447; x_wconf 87' lang='lat' dir='ltr'><strong>silvasque</strong></span> <span class='ocrx_word' id='word_1_16' title='bbox 1323 395 1466 447; x_wconf 88' lang='lat' dir='ltr'><strong>fatigat</strong></span> 
     </span>
     <span class='ocr_line' id='line_1_4' title="bbox 349 459 1310 512; baseline 0.001 -14"><span class='ocrx_word' id='word_1_17' title='bbox 349 459 538 511; x_wconf 80' lang='lat' dir='ltr'><strong>Cyzicus,</strong></span> <span class='ocrx_word' id='word_1_18' title='bbox 568 460 723 511; x_wconf 84' lang='lat' dir='ltr'>ingenti</span> <span class='ocrx_word' id='word_1_19' title='bbox 750 459 924 511; x_wconf 81' lang='lat' dir='ltr'>praedae</span> <span class='ocrx_word' id='word_1_20' title='bbox 955 460 1146 512; x_wconf 87' lang='lat' dir='ltr'><strong>deceptus</strong></span> <span class='ocrx_word' id='word_1_21' title='bbox 1177 474 1310 500; x_wconf 90' lang='lat' dir='ltr'><strong>amore</strong></span> 
     </span>
     <span class='ocr_line' id='line_1_5' title="bbox 348 524 1459 577; baseline 0.002 -14"><span class='ocrx_word' id='word_1_22' title='bbox 348 524 559 564; x_wconf 86' lang='lat' dir='ltr'><strong>adsuetum</strong></span> <span class='ocrx_word' id='word_1_23' title='bbox 587 525 786 576; x_wconf 84' lang='lat' dir='ltr'><strong>Phrygias</strong></span> <span class='ocrx_word' id='word_1_24' title='bbox 817 525 1016 564; x_wconf 88' lang='lat' dir='ltr'><strong>dominam</strong></span> <span class='ocrx_word' id='word_1_25' title='bbox 1043 531 1207 564; x_wconf 87' lang='lat' dir='ltr'><strong>vectare</strong></span> <span class='ocrx_word' id='word_1_26' title='bbox 1236 539 1308 577; x_wconf 88' lang='lat' dir='ltr'><strong>per</strong></span> <span class='ocrx_word' id='word_1_27' title='bbox 1336 526 1459 565; x_wconf 82' lang='lat' dir='ltr'><strong>urbes</strong></span> 
     </span>
     <span class='ocr_line' id='line_1_6' title="bbox 348 590 1393 642; baseline 0.001 -14"><span class='ocrx_word' id='word_1_28' title='bbox 348 591 546 642; x_wconf 80' lang='lat' dir='ltr'>oppressit</span> <span class='ocrx_word' id='word_1_29' title='bbox 574 590 705 628; x_wconf 92' lang='lat' dir='ltr'><strong>iaculo</strong></span> <span class='ocrx_word' id='word_1_30' title='bbox 734 590 971 629; x_wconf 79' lang='lat' dir='ltr'><strong>redeuntem</strong></span> <span class='ocrx_word' id='word_1_31' title='bbox 1000 590 1050 629; x_wconf 91' lang='lat' dir='ltr'><strong>ad</strong></span> <span class='ocrx_word' id='word_1_32' title='bbox 1079 591 1194 630; x_wconf 88' lang='lat' dir='ltr'><strong>frena</strong></span> <span class='ocrx_word' id='word_1_33' title='bbox 1220 591 1393 630; x_wconf 88' lang='lat' dir='ltr'><strong>leonem.</strong></span> 
     </span>
     <span class='ocr_line' id='line_1_7' title="bbox 345 655 1329 708; baseline 0.001 -14"><span class='ocrx_word' id='word_1_34' title='bbox 345 660 384 694; x_wconf 90' lang='lat' dir='ltr'><strong>et</strong></span> <span class='ocrx_word' id='word_1_35' title='bbox 413 661 508 694; x_wconf 90' lang='lat' dir='ltr'><strong>tunc</strong></span> <span class='ocrx_word' id='word_1_36' title='bbox 536 655 606 694; x_wconf 90' lang='lat' dir='ltr'><strong>ille</strong></span> <span class='ocrx_word' id='word_1_37' title='bbox 635 655 750 694; x_wconf 88' lang='lat' dir='ltr'><strong>iubas</strong></span> <span class='ocrx_word' id='word_1_38' title='bbox 781 656 1018 708; x_wconf 89' lang='lat' dir='ltr'><strong>captivaque</strong></span> <span class='ocrx_word' id='word_1_39' title='bbox 1047 656 1229 708; x_wconf 89' lang='lat' dir='ltr'><strong>postibus</strong></span> <span class='ocrx_word' id='word_1_40' title='bbox 1260 670 1329 695; x_wconf 87' lang='lat' dir='ltr'><strong>ora</strong></span> 
     </span>
     <span class='ocr_line' id='line_1_8' title="bbox 342 721 1418 774; baseline 0.001 -15"><span class='ocrx_word' id='word_1_41' title='bbox 342 721 541 772; x_wconf 82' lang='lat' dir='ltr'>imposuit,</span> <span class='ocrx_word' id='word_1_42' title='bbox 573 721 743 772; x_wconf 89' lang='lat' dir='ltr'><strong>spolium</strong></span> <span class='ocrx_word' id='word_1_43' title='bbox 771 721 914 760; x_wconf 83' lang='lat' dir='ltr'><strong>infelix</strong></span> <span class='ocrx_word' id='word_1_44' title='bbox 944 721 1142 774; x_wconf 90' lang='lat' dir='ltr'><strong>divaeque</strong></span> <span class='ocrx_word' id='word_1_45' title='bbox 1172 721 1418 773; x_wconf 87' lang='lat' dir='ltr'><strong>pudendum.</strong></span> 
     </span>
     <span class='ocr_line' id='line_1_9' title="bbox 347 787 1607 838; baseline 0.001 -13"><span class='ocrx_word' id='word_1_46' title='bbox 347 799 449 838; x_wconf 89' lang='lat' dir='ltr'><strong>quae</strong></span> <span class='ocrx_word' id='word_1_47' title='bbox 478 792 692 838; x_wconf 82' lang='lat' dir='ltr'><strong>postquam</strong></span> <span class='ocrx_word' id='word_1_48' title='bbox 720 787 988 825; x_wconf 84' lang='lat' dir='ltr'><strong>Haemoniam</strong></span> <span class='ocrx_word' id='word_1_49' title='bbox 1015 792 1152 825; x_wconf 84' lang='lat' dir='ltr'><strong>tantae</strong></span> <span class='ocrx_word' id='word_1_50' title='bbox 1181 801 1262 825; x_wconf 90' lang='lat' dir='ltr'><strong>non</strong></span> <span class='ocrx_word' id='word_1_51' title='bbox 1290 787 1497 826; x_wconf 90' lang='lat' dir='ltr'><strong>immemor</strong></span> <span class='ocrx_word' id='word_1_52' title='bbox 1524 788 1607 827; x_wconf 88' lang='lat' dir='ltr'><strong>irae</strong></span> 
     </span>
     <span class='ocr_line' id='line_1_10' title="bbox 342 851 1383 904; baseline 0.001 -14"><span class='ocrx_word' id='word_1_53' title='bbox 342 852 525 891; x_wconf 90' lang='lat' dir='ltr'><strong>aerisono</strong></span> <span class='ocrx_word' id='word_1_54' title='bbox 556 851 606 890; x_wconf 88' lang='lat' dir='ltr'><strong>de</strong></span> <span class='ocrx_word' id='word_1_55' title='bbox 635 858 770 891; x_wconf 91' lang='lat' dir='ltr'><strong>monte</strong></span> <span class='ocrx_word' id='word_1_56' title='bbox 799 858 926 890; x_wconf 89' lang='lat' dir='ltr'><strong>ratem</strong></span> <span class='ocrx_word' id='word_1_57' title='bbox 955 853 1213 904; x_wconf 83' lang='lat' dir='ltr'><strong>praefixaque</strong></span> <span class='ocrx_word' id='word_1_58' title='bbox 1242 866 1383 904; x_wconf 87' lang='lat' dir='ltr'><strong>regum</strong></span> 
     </span>
     <span class='ocr_line' id='line_1_11' title="bbox 342 916 1539 965; baseline 0.001 -10"><span class='ocrx_word' id='word_1_59' title='bbox 342 923 455 955; x_wconf 84' lang='lat' dir='ltr'><strong>scuta</strong></span> <span class='ocrx_word' id='word_1_60' title='bbox 483 916 604 965; x_wconf 87' lang='lat' dir='ltr'><strong>videt,</strong></span> <span class='ocrx_word' id='word_1_61' title='bbox 635 930 740 955; x_wconf 90' lang='lat' dir='ltr'><strong>nova</strong></span> <span class='ocrx_word' id='word_1_62' title='bbox 768 922 945 955; x_wconf 85' lang='lat' dir='ltr'><strong>monstra</strong></span> <span class='ocrx_word' id='word_1_63' title='bbox 973 918 1069 964; x_wconf 91' lang='lat' dir='ltr'><strong>viro,</strong></span> <span class='ocrx_word' id='word_1_64' title='bbox 1099 931 1204 955; x_wconf 85' lang='lat' dir='ltr'><strong>nova</strong></span> <span class='ocrx_word' id='word_1_65' title='bbox 1231 917 1374 956; x_wconf 86' lang='lat' dir='ltr'><strong>funera</strong></span> <span class='ocrx_word' id='word_1_66' title='bbox 1401 918 1539 964; x_wconf 90' lang='lat' dir='ltr'><strong>volvit,</strong></span> 
     </span>
     <span class='ocr_line' id='line_1_12' title="bbox 346 982 1375 1034; baseline 0.001 -14"><span class='ocrx_word' id='word_1_67' title='bbox 346 987 389 1020; x_wconf 88' lang='lat' dir='ltr'><strong>ut</strong></span> <span class='ocrx_word' id='word_1_68' title='bbox 419 982 547 1020; x_wconf 90' lang='lat' dir='ltr'><strong>socias</strong></span> <span class='ocrx_word' id='word_1_69' title='bbox 576 982 618 1020; x_wconf 88' lang='lat' dir='ltr'><strong>in</strong></span> <span class='ocrx_word' id='word_1_70' title='bbox 646 987 764 1020; x_wconf 88' lang='lat' dir='ltr'><strong>nocte</strong></span> <span class='ocrx_word' id='word_1_71' title='bbox 793 995 935 1020; x_wconf 85' lang='lat' dir='ltr'><strong>manus</strong></span> <span class='ocrx_word' id='word_1_72' title='bbox 964 987 1088 1033; x_wconf 90' lang='lat' dir='ltr'><strong>utque</strong></span> <span class='ocrx_word' id='word_1_73' title='bbox 1117 982 1238 1034; x_wconf 89' lang='lat' dir='ltr'><strong>impia</strong></span> <span class='ocrx_word' id='word_1_74' title='bbox 1266 983 1375 1021; x_wconf 89' lang='lat' dir='ltr'><strong>bella</strong></span> 
     </span>
    </p>
   </div>
   <div class='ocr_carea' id='block_1_3' title="bbox 239 1074 451 1078">
    <p class='ocr_par' dir='ltr' id='par_1_3' title="bbox 239 1074 451 1078">
     <span class='ocr_line' id='line_1_13' title="bbox 239 1074 451 1078; baseline 0 0"><span class='ocrx_word' id='word_1_75' title='bbox 239 1074 451 1078; x_wconf 95' lang='lat' dir='ltr'><strong> </strong></span> 
     </span>
    </p>
   </div>
   <div class='ocr_carea' id='block_1_4' title="bbox 238 1123 1734 1288">
    <p class='ocr_par' dir='ltr' id='par_1_4' title="bbox 238 1123 1734 1288">
     <span class='ocr_line' id='line_1_14' title="bbox 238 1123 1734 1169; baseline 0.002 -10"><span class='ocrx_word' id='word_1_76' title='bbox 238 1124 328 1165; x_wconf 81' lang='lat' dir='ltr'><strong>veri,</strong></span> <span class='ocrx_word' id='word_1_77' title='bbox 349 1134 573 1169; x_wconf 82' lang='lat' dir='ltr'><strong>quamquam</strong></span> <span class='ocrx_word' id='word_1_78' title='bbox 591 1135 681 1159; x_wconf 89' lang='lat' dir='ltr'><strong>sane</strong></span> <span class='ocrx_word' id='word_1_79' title='bbox 698 1123 937 1169; x_wconf 88' lang='lat' dir='ltr'><strong>reperiuntur</strong></span> <span class='ocrx_word' id='word_1_80' title='bbox 955 1127 1050 1159; x_wconf 80' lang='lat' dir='ltr'><strong>terra</strong></span> <span class='ocrx_word' id='word_1_81' title='bbox 1069 1128 1191 1169; x_wconf 78' lang='lat' dir='ltr'><strong>movet,</strong></span> <span class='ocrx_word' id='word_1_82' title='bbox 1209 1135 1266 1159; x_wconf 74' lang='lat' dir='ltr'><strong>res</strong></span> <span class='ocrx_word' id='word_1_83' title='bbox 1284 1129 1456 1160; x_wconf 74' lang='lat' dir='ltr'><strong>movente-3</strong></span> <span class='ocrx_word' id='word_1_84' title='bbox 1472 1125 1533 1161; x_wconf 89' lang='lat' dir='ltr'><strong>vel</strong></span> <span class='ocrx_word' id='word_1_85' title='bbox 1558 1126 1734 1162; x_wconf 76' lang='lat' dir='ltr'><strong>moventia</strong></span> 
     </span>
     <span class='ocr_line' id='line_1_15' title="bbox 248 1182 1729 1229; baseline 0.003 -12"><span class='ocrx_word' id='word_1_86' title='bbox 248 1183 451 1219; x_wconf 82' lang='lat' dir='ltr'><strong>lebendes’.</strong></span> <span class='ocrx_word' id='word_1_87' title='bbox 493 1183 552 1218; x_wconf 84' lang='lat' dir='ltr'><strong>Ad.</strong></span> <span class='ocrx_word' id='word_1_88' title='bbox 578 1184 683 1218; x_wconf 77' lang='lat' dir='ltr'><strong>tubae</strong></span> <span class='ocrx_word' id='word_1_89' title='bbox 708 1184 835 1219; x_wconf 88' lang='lat' dir='ltr'><strong>autem</strong></span> <span class='ocrx_word' id='word_1_90' title='bbox 861 1182 984 1229; x_wconf 84' lang='lat' dir='ltr'><strong>ellipsi</strong></span> <span class='ocrx_word' id='word_1_91' title='bbox 1001 1195 1076 1219; x_wconf 92' lang='lat' dir='ltr'><strong>non</strong></span> <span class='ocrx_word' id='word_1_92' title='bbox 1092 1183 1244 1219; x_wconf 90' lang='lat' dir='ltr'><strong>insolita</strong></span> <span class='ocrx_word' id='word_1_93' title='bbox 1263 1184 1489 1220; x_wconf 87' lang='lat' dir='ltr'><strong>audiendum</strong></span> <span class='ocrx_word' id='word_1_94' title='bbox 1514 1189 1612 1220; x_wconf 79' lang='lat' dir='ltr'><strong>ortae</strong></span> <span class='ocrx_word' id='word_1_95' title='bbox 1635 1190 1729 1221; x_wconf 72' lang='lat' dir='ltr'><strong>sunt.</strong></span> 
     </span>
     <span class='ocr_line' id='line_1_16' title="bbox 239 1242 1422 1288; baseline 0.002 -12"><span class='ocrx_word' id='word_1_96' title='bbox 239 1242 371 1287; x_wconf 79' lang='lat' dir='ltr'><strong>Erinys</strong></span> <span class='ocrx_word' id='word_1_97' title='bbox 396 1242 477 1288; x_wconf 87' lang='lat' dir='ltr'><strong>ipso</strong></span> <span class='ocrx_word' id='word_1_98' title='bbox 503 1242 653 1278; x_wconf 87' lang='lat' dir='ltr'><strong>nomine</strong></span> <span class='ocrx_word' id='word_1_99' title='bbox 680 1242 882 1288; x_wconf 83' lang='lat' dir='ltr'><strong>Tisiphone</strong></span> <span class='ocrx_word' id='word_1_100' title='bbox 908 1244 1222 1278; x_wconf 77' lang='lat' dir='ltr'><strong>commemoratur</strong></span> <span class='ocrx_word' id='word_1_101' title='bbox 1247 1242 1317 1286; x_wconf 89' lang='lat'><strong>111,</strong></span> <span class='ocrx_word' id='word_1_102' title='bbox 1344 1243 1422 1278; x_wconf 89' lang='lat'>214.</span> 
     </span>
    </p>
   </div>
   <div class='ocr_carea' id='block_1_5' title="bbox 228 1313 1732 2724">
    <p class='ocr_par' dir='ltr' id='par_1_5' title="bbox 238 1313 1732 1469">
     <span class='ocr_line' id='line_1_17' title="bbox 336 1313 1732 1360; baseline 0.003 -12"><span class='ocrx_word' id='word_1_103' title='bbox 336 1313 392 1350; x_wconf 88' lang='lat'><strong>20.</strong></span> <span class='ocrx_word' id='word_1_104' title='bbox 442 1313 496 1348; x_wconf 84' lang='lat' dir='ltr'><strong>Ex</strong></span> <span class='ocrx_word' id='word_1_105' title='bbox 534 1314 618 1349; x_wconf 89' lang='lat' dir='ltr'><strong>tota</strong></span> <span class='ocrx_word' id='word_1_106' title='bbox 655 1313 844 1349; x_wconf 87' lang='lat' dir='ltr'><strong>sententia</strong></span> <span class='ocrx_word' id='word_1_107' title='bbox 881 1313 992 1349; x_wconf 89' lang='lat' dir='ltr'><strong>facile</strong></span> <span class='ocrx_word' id='word_1_108' title='bbox 1031 1315 1199 1360; x_wconf 83' lang='lat' dir='ltr'><strong>apparet,</strong></span> <span class='ocrx_word' id='word_1_109' title='bbox 1236 1315 1391 1357; x_wconf 75' lang='lat' dir='ltr'><strong>famulos</strong></span> <span class='ocrx_word' id='word_1_110' title='bbox 1427 1315 1497 1351; x_wconf 91' lang='lat' dir='ltr'><strong>hoc</strong></span> <span class='ocrx_word' id='word_1_111' title='bbox 1533 1315 1614 1351; x_wconf 91' lang='lat' dir='ltr'><strong>loco</strong></span> <span class='ocrx_word' id='word_1_112' title='bbox 1651 1327 1732 1352; x_wconf 87' lang='lat' dir='ltr'><strong>esse</strong></span> 
     </span>
     <span class='ocr_line' id='line_1_18' title="bbox 238 1372 1732 1419; baseline 0.002 -11"><span class='ocrx_word' id='word_1_113' title='bbox 238 1373 456 1410; x_wconf 79' lang='lat' dir='ltr'><strong>sacerdotes</strong></span> <span class='ocrx_word' id='word_1_114' title='bbox 485 1372 652 1419; x_wconf 85' lang='lat' dir='ltr'><strong>Cybeles,</strong></span> <span class='ocrx_word' id='word_1_115' title='bbox 681 1385 772 1418; x_wconf 88' lang='lat' dir='ltr'><strong>quos</strong></span> <span class='ocrx_word' id='word_1_116' title='bbox 799 1373 909 1408; x_wconf 87' lang='lat' dir='ltr'><strong>deam</strong></span> <span class='ocrx_word' id='word_1_117' title='bbox 934 1375 1158 1410; x_wconf 87' lang='lat' dir='ltr'><strong>venerantes</strong></span> <span class='ocrx_word' id='word_1_118' title='bbox 1185 1385 1224 1410; x_wconf 88' lang='lat' dir='ltr'><strong>se</strong></span> <span class='ocrx_word' id='word_1_119' title='bbox 1249 1374 1349 1419; x_wconf 89' lang='lat' dir='ltr'><strong>ipsos</strong></span> <span class='ocrx_word' id='word_1_120' title='bbox 1374 1374 1572 1410; x_wconf 87' lang='lat' dir='ltr'><strong>vulnerare</strong></span> <span class='ocrx_word' id='word_1_121' title='bbox 1604 1375 1732 1411; x_wconf 88' lang='lat' dir='ltr'><strong>solitos</strong></span> 
     </span>
     <span class='ocr_line' id='line_1_19' title="bbox 239 1434 570 1469; baseline 0 -1"><span class='ocrx_word' id='word_1_122' title='bbox 239 1444 319 1468; x_wconf 86' lang='lat' dir='ltr'><strong>esse</strong></span> <span class='ocrx_word' id='word_1_123' title='bbox 345 1434 477 1469; x_wconf 88' lang='lat' dir='ltr'><strong>notum</strong></span> <span class='ocrx_word' id='word_1_124' title='bbox 502 1434 570 1468; x_wconf 86' lang='lat' dir='ltr'><strong>est.</strong></span> 
     </span>
    </p>

    <p class='ocr_par' dir='ltr' id='par_1_6' title="bbox 228 1492 1729 1657">
     <span class='ocr_line' id='line_1_20' title="bbox 329 1492 1729 1538; baseline 0 -10"><span class='ocrx_word' id='word_1_125' title='bbox 329 1493 515 1538; x_wconf 63' lang='lat' dir='ltr'><strong>Dindyma</strong></span> <span class='ocrx_word' id='word_1_126' title='bbox 541 1513 584 1518; x_wconf 85' lang='lat'><strong>—-</strong></span> <span class='ocrx_word' id='word_1_127' title='bbox 613 1493 800 1535; x_wconf 78' lang='lat' dir='ltr'><strong>bacchata;</strong></span> <span class='ocrx_word' id='word_1_128' title='bbox 829 1492 895 1528; x_wconf 87' lang='lat' dir='ltr'><strong>cfr.</strong></span> <span class='ocrx_word' id='word_1_129' title='bbox 921 1492 1031 1538; x_wconf 87' lang='lat' dir='ltr'><strong>Verg.</strong></span> <span class='ocrx_word' id='word_1_130' title='bbox 1060 1503 1188 1537; x_wconf 86' lang='lat' dir='ltr'><strong>georg.</strong></span> <span class='ocrx_word' id='word_1_131' title='bbox 1215 1492 1261 1534; x_wconf 80' lang='grc' dir='ltr'><strong>ΙΙ,</strong></span> <span class='ocrx_word' id='word_1_132' title='bbox 1288 1492 1373 1535; x_wconf 86' lang='grc'><strong>487;</strong></span> <span class='ocrx_word' id='word_1_133' title='bbox 1399 1492 1492 1528; x_wconf 89' lang='lat' dir='ltr'><strong>Aen.</strong></span> <span class='ocrx_word' id='word_1_134' title='bbox 1531 1492 1598 1530; x_wconf 92' lang='grc' dir='ltr'><strong>ΠΙ.</strong></span> <span class='ocrx_word' id='word_1_135' title='bbox 1639 1494 1729 1537; x_wconf 84' lang='lat'>125;</span> 
     </span>
     <span class='ocr_line' id='line_1_21' title="bbox 231 1551 1727 1599; baseline 0.001 -13"><span class='ocrx_word' id='word_1_136' title='bbox 231 1563 314 1586; x_wconf 88' lang='lat' dir='ltr'><strong>cum</strong></span> <span class='ocrx_word' id='word_1_137' title='bbox 340 1551 443 1587; x_wconf 90' lang='lat' dir='ltr'><strong>furor</strong></span> <span class='ocrx_word' id='word_1_138' title='bbox 468 1551 650 1597; x_wconf 79' lang='lat' dir='ltr'><strong>imprimis</strong></span> <span class='ocrx_word' id='word_1_139' title='bbox 685 1551 723 1586; x_wconf 90' lang='lat' dir='ltr'><strong>in</strong></span> <span class='ocrx_word' id='word_1_140' title='bbox 762 1562 806 1587; x_wconf 90' lang='lat' dir='ltr'><strong>eo</strong></span> <span class='ocrx_word' id='word_1_141' title='bbox 845 1553 1031 1593; x_wconf 79' lang='lat' dir='ltr'><strong>cernatur,</strong></span> <span class='ocrx_word' id='word_1_142' title='bbox 1070 1551 1169 1596; x_wconf 89' lang='lat' dir='ltr'><strong>quod</strong></span> <span class='ocrx_word' id='word_1_143' title='bbox 1206 1551 1382 1587; x_wconf 86' lang='lat' dir='ltr'><strong>bracchia</strong></span> <span class='ocrx_word' id='word_1_144' title='bbox 1419 1551 1519 1588; x_wconf 87' lang='lat' dir='ltr'><strong>ferro</strong></span> <span class='ocrx_word' id='word_1_145' title='bbox 1556 1553 1727 1599; x_wconf 85' lang='lat' dir='ltr'><strong>laedunt,</strong></span> 
     </span>
     <span class='ocr_line' id='line_1_22' title="bbox 228 1610 1652 1657; baseline 0 -10"><span class='ocrx_word' id='word_1_146' title='bbox 228 1613 343 1657; x_wconf 87' lang='lat' dir='ltr'><strong>poeta</strong></span> <span class='ocrx_word' id='word_1_147' title='bbox 369 1612 509 1646; x_wconf 76' lang='lat' dir='ltr'><strong>lacertis</strong></span> <span class='ocrx_word' id='word_1_148' title='bbox 534 1611 722 1656; x_wconf 85' lang='lat' dir='ltr'><strong>Dindyma</strong></span> <span class='ocrx_word' id='word_1_149' title='bbox 748 1611 936 1646; x_wconf 78' lang='lat' dir='ltr'><strong>bacchata</strong></span> <span class='ocrx_word' id='word_1_150' title='bbox 962 1610 1053 1646; x_wconf 89' lang='lat' dir='ltr'><strong>dicit</strong></span> <span class='ocrx_word' id='word_1_151' title='bbox 1077 1623 1146 1656; x_wconf 89' lang='lat' dir='ltr'><strong>pro</strong></span> <span class='ocrx_word' id='word_1_152' title='bbox 1174 1622 1217 1646; x_wconf 91' lang='lat' dir='ltr'><strong>eo</strong></span> <span class='ocrx_word' id='word_1_153' title='bbox 1244 1611 1343 1656; x_wconf 87' lang='lat' dir='ltr'><strong>quod</strong></span> <span class='ocrx_word' id='word_1_154' title='bbox 1370 1612 1427 1647; x_wconf 87' lang='lat' dir='ltr'><strong>est</strong></span> <span class='ocrx_word' id='word_1_155' title='bbox 1452 1623 1475 1647; x_wconf 86' lang='lat' dir='ltr'><strong>a</strong></span> <span class='ocrx_word' id='word_1_156' title='bbox 1497 1611 1652 1654; x_wconf 80' lang='lat' dir='ltr'><strong>fwmulis.</strong></span> 
     </span>
    </p>

    <p class='ocr_par' dir='ltr' id='par_1_7' title="bbox 230 1669 1728 1775">
     <span class='ocr_line' id='line_1_23' title="bbox 324 1669 1728 1717; baseline 0.001 -12"><span class='ocrx_word' id='word_1_157' title='bbox 324 1671 381 1705; x_wconf 90' lang='lat'><strong>21.</strong></span> <span class='ocrx_word' id='word_1_158' title='bbox 431 1671 544 1715; x_wconf 76' lang='lat' dir='ltr'><strong>quatit</strong></span> <span class='ocrx_word' id='word_1_159' title='bbox 552 1684 563 1715; x_wconf 88' lang='lat'><em>;</em></span> <span class='ocrx_word' id='word_1_160' title='bbox 589 1670 655 1706; x_wconf 89' lang='lat' dir='ltr'><strong>cfr.</strong></span> <span class='ocrx_word' id='word_1_161' title='bbox 682 1670 792 1715; x_wconf 90' lang='lat' dir='ltr'><strong>Verg.</strong></span> <span class='ocrx_word' id='word_1_162' title='bbox 819 1671 911 1706; x_wconf 88' lang='lat' dir='ltr'><strong>Aen.</strong></span> <span class='ocrx_word' id='word_1_163' title='bbox 939 1669 1039 1711; x_wconf 84' lang='lat' dir='ltr'>VIII,</span> <span class='ocrx_word' id='word_1_164' title='bbox 1066 1670 1136 1704; x_wconf 83' lang='lat'><strong>596</strong></span> <span class='ocrx_word' id='word_1_165' title='bbox 1174 1671 1290 1715; x_wconf 77' lang='lat' dir='ltr'><strong>quatit</strong></span> <span class='ocrx_word' id='word_1_166' title='bbox 1313 1671 1450 1716; x_wconf 75' lang='lat' dir='ltr'><strong>unyula</strong></span> <span class='ocrx_word' id='word_1_167' title='bbox 1475 1682 1648 1717; x_wconf 79' lang='lat' dir='ltr'><strong>campum,</strong></span> <span class='ocrx_word' id='word_1_168' title='bbox 1689 1673 1728 1708; x_wconf 87' lang='lat' dir='ltr'><strong>et</strong></span> 
     </span>
     <span class='ocr_line' id='line_1_24' title="bbox 230 1729 1106 1775; baseline 0.001 -11"><span class='ocrx_word' id='word_1_169' title='bbox 230 1729 338 1765; x_wconf 90' lang='lat' dir='ltr'><strong>Ennii</strong></span> <span class='ocrx_word' id='word_1_170' title='bbox 365 1741 448 1765; x_wconf 89' lang='lat' dir='ltr'><strong>ann.</strong></span> <span class='ocrx_word' id='word_1_171' title='bbox 476 1729 544 1765; x_wconf 86' lang='lat'><strong>281</strong></span> <span class='ocrx_word' id='word_1_172' title='bbox 568 1730 611 1766; x_wconf 89' lang='lat' dir='ltr'><strong>V.</strong></span> <span class='ocrx_word' id='word_1_173' title='bbox 661 1730 777 1774; x_wconf 77' lang='lat' dir='ltr'><strong>quatit</strong></span> <span class='ocrx_word' id='word_1_174' title='bbox 800 1730 938 1775; x_wconf 62' lang='lat' dir='ltr'><strong>ungula</strong></span> <span class='ocrx_word' id='word_1_175' title='bbox 962 1733 1106 1765; x_wconf 79' lang='lat' dir='ltr'><strong>terram.</strong></span> 
     </span>
    </p>

    <p class='ocr_par' dir='ltr' id='par_1_8' title="bbox 231 1788 1730 2072">
     <span class='ocr_line' id='line_1_25' title="bbox 323 1788 1724 1835; baseline 0.001 -11"><span class='ocrx_word' id='word_1_176' title='bbox 323 1790 497 1834; x_wconf 73' lang='lat' dir='ltr'><strong>silvasque</strong></span> <span class='ocrx_word' id='word_1_177' title='bbox 507 1789 641 1834; x_wconf 74' lang='lat' dir='ltr'><strong>fatiyat</strong></span> <span class='ocrx_word' id='word_1_178' title='bbox 654 1802 660 1831; x_wconf 92' lang='lat'>;</span> <span class='ocrx_word' id='word_1_179' title='bbox 675 1788 823 1834; x_wconf 87' lang='lat' dir='ltr'><strong>poetice</strong></span> <span class='ocrx_word' id='word_1_180' title='bbox 838 1788 974 1824; x_wconf 87' lang='lat' dir='ltr'><strong>dicitur</strong></span> <span class='ocrx_word' id='word_1_181' title='bbox 989 1788 1143 1834; x_wconf 87' lang='lat' dir='ltr'><strong>fatigari</strong></span> <span class='ocrx_word' id='word_1_182' title='bbox 1159 1800 1203 1824; x_wconf 88' lang='lat' dir='ltr'><strong>ea</strong></span> <span class='ocrx_word' id='word_1_183' title='bbox 1215 1788 1330 1834; x_wconf 84' lang='lat' dir='ltr'><strong>regio,</strong></span> <span class='ocrx_word' id='word_1_184' title='bbox 1347 1788 1386 1824; x_wconf 90' lang='lat' dir='ltr'><strong>in</strong></span> <span class='ocrx_word' id='word_1_185' title='bbox 1401 1800 1473 1835; x_wconf 89' lang='lat' dir='ltr'><strong>qua</strong></span> <span class='ocrx_word' id='word_1_186' title='bbox 1491 1789 1571 1834; x_wconf 88' lang='lat' dir='ltr'><strong>quis</strong></span> <span class='ocrx_word' id='word_1_187' title='bbox 1587 1790 1724 1835; x_wconf 87' lang='lat' dir='ltr'><strong>passim</strong></span> 
     </span>
     <span class='ocr_line' id='line_1_26' title="bbox 232 1847 1729 1894; baseline 0.001 -11"><span class='ocrx_word' id='word_1_188' title='bbox 232 1849 270 1884; x_wconf 89' lang='lat' dir='ltr'><strong>et</strong></span> <span class='ocrx_word' id='word_1_189' title='bbox 295 1848 358 1883; x_wconf 91' lang='lat' dir='ltr'><strong>diu</strong></span> <span class='ocrx_word' id='word_1_190' title='bbox 385 1850 555 1893; x_wconf 84' lang='lat' dir='ltr'><strong>vagatur,</strong></span> <span class='ocrx_word' id='word_1_191' title='bbox 584 1848 650 1883; x_wconf 86' lang='lat' dir='ltr'><strong>cfr.</strong></span> <span class='ocrx_word' id='word_1_192' title='bbox 676 1848 787 1893; x_wconf 90' lang='lat' dir='ltr'><strong>Verg.</strong></span> <span class='ocrx_word' id='word_1_193' title='bbox 814 1848 904 1884; x_wconf 88' lang='lat' dir='ltr'><strong>Aen.</strong></span> <span class='ocrx_word' id='word_1_194' title='bbox 933 1847 994 1889; x_wconf 79' lang='lat' dir='ltr'>IX,</span> <span class='ocrx_word' id='word_1_195' title='bbox 1022 1848 1092 1883; x_wconf 79' lang='grc'><strong>605</strong></span> <span class='ocrx_word' id='word_1_196' title='bbox 1115 1852 1246 1883; x_wconf 80' lang='lat' dir='ltr'><strong>venatu</strong></span> <span class='ocrx_word' id='word_1_197' title='bbox 1270 1849 1459 1894; x_wconf 74' lang='lat' dir='ltr'><strong>inviyilant</strong></span> <span class='ocrx_word' id='word_1_198' title='bbox 1478 1849 1589 1893; x_wconf 77' lang='lat' dir='ltr'><strong>pueri</strong></span> <span class='ocrx_word' id='word_1_199' title='bbox 1603 1849 1729 1885; x_wconf 73' lang='lat' dir='ltr'><strong>silvas-</strong></span> 
     </span>
     <span class='ocr_line' id='line_1_27' title="bbox 231 1907 1730 1954; baseline 0.001 -12"><span class='ocrx_word' id='word_1_200' title='bbox 231 1918 296 1953; x_wconf 77' lang='lat' dir='ltr'><strong>que</strong></span> <span class='ocrx_word' id='word_1_201' title='bbox 318 1907 494 1953; x_wconf 72' lang='lat' dir='ltr'><strong>fatiyant3</strong></span> <span class='ocrx_word' id='word_1_202' title='bbox 523 1907 584 1943; x_wconf 85' lang='lat' dir='ltr'><strong>Sil.</strong></span> <span class='ocrx_word' id='word_1_203' title='bbox 611 1907 658 1949; x_wconf 83' lang='lat' dir='ltr'><strong>II,</strong></span> <span class='ocrx_word' id='word_1_204' title='bbox 687 1907 732 1942; x_wconf 85' lang='lat'><strong>74</strong></span> <span class='ocrx_word' id='word_1_205' title='bbox 758 1918 931 1952; x_wconf 72' lang='lat' dir='ltr'><strong>cursuque</strong></span> <span class='ocrx_word' id='word_1_206' title='bbox 953 1907 1113 1952; x_wconf 73' lang='lat' dir='ltr'><strong>fatiycmt</strong></span> <span class='ocrx_word' id='word_1_207' title='bbox 1139 1907 1318 1953; x_wconf 84' lang='lat' dir='ltr'><strong>Hebrwm3</strong></span> <span class='ocrx_word' id='word_1_208' title='bbox 1338 1907 1413 1949; x_wconf 90' lang='lat' dir='ltr'><strong>XV,</strong></span> <span class='ocrx_word' id='word_1_209' title='bbox 1441 1907 1511 1942; x_wconf 84' lang='lat'><strong>209</strong></span> <span class='ocrx_word' id='word_1_210' title='bbox 1529 1919 1672 1952; x_wconf 63' lang='lat' dir='ltr'><strong>campos</strong></span> <span class='ocrx_word' id='word_1_211' title='bbox 1685 1908 1730 1954; x_wconf 70' lang='lat' dir='ltr'><strong>fi,-</strong></span> 
     </span>
     <span class='ocr_line' id='line_1_28' title="bbox 233 1966 1726 2012; baseline 0.001 -10"><span class='ocrx_word' id='word_1_212' title='bbox 233 1967 360 2003; x_wconf 87' lang='lat' dir='ltr'><strong>Claud.</strong></span> <span class='ocrx_word' id='word_1_213' title='bbox 388 1967 435 2002; x_wconf 89' lang='lat' dir='ltr'><strong>de</strong></span> <span class='ocrx_word' id='word_1_214' title='bbox 461 1967 559 2002; x_wconf 92' lang='lat' dir='ltr'><strong>laud.</strong></span> <span class='ocrx_word' id='word_1_215' title='bbox 587 1966 668 2003; x_wconf 83' lang='lat' dir='ltr'><strong>Stil.</strong></span> <span class='ocrx_word' id='word_1_216' title='bbox 694 1966 761 2008; x_wconf 82' lang='lat' dir='ltr'>III,</span> <span class='ocrx_word' id='word_1_217' title='bbox 789 1966 859 2002; x_wconf 84' lang='lat'><strong>308</strong></span> <span class='ocrx_word' id='word_1_218' title='bbox 887 1966 1052 2012; x_wconf 72' lang='lat' dir='ltr'><strong>Garyam&#39;</strong></span> <span class='ocrx_word' id='word_1_219' title='bbox 1075 1967 1188 2007; x_wconf 53' lang='lat' dir='ltr'><strong>nive&amp;</strong></span> <span class='ocrx_word' id='word_1_220' title='bbox 1215 1966 1328 2002; x_wconf 81' lang='lat' dir='ltr'><strong>Prisc.</strong></span> <span class='ocrx_word' id='word_1_221' title='bbox 1346 1966 1487 2012; x_wconf 87' lang='lat' dir='ltr'><strong>perieg.</strong></span> <span class='ocrx_word' id='word_1_222' title='bbox 1513 1967 1584 2002; x_wconf 91' lang='lat'><strong>124</strong></span> <span class='ocrx_word' id='word_1_223' title='bbox 1600 1968 1726 2011; x_wconf 48' lang='lat' dir='ltr'><strong>savoa&amp;</strong></span> 
     </span>
     <span class='ocr_line' id='line_1_29' title="bbox 231 2025 1679 2072; baseline 0.001 -11"><span class='ocrx_word' id='word_1_224' title='bbox 231 2026 283 2061; x_wconf 89' lang='lat' dir='ltr'><strong>sic</strong></span> <span class='ocrx_word' id='word_1_225' title='bbox 309 2026 470 2062; x_wconf 77' lang='lat' dir='ltr'><strong>lassandi</strong></span> <span class='ocrx_word' id='word_1_226' title='bbox 493 2026 610 2062; x_wconf 86' lang='lat' dir='ltr'><strong>verbo</strong></span> <span class='ocrx_word' id='word_1_227' title='bbox 635 2026 755 2060; x_wconf 84' lang='lat' dir='ltr'><strong>utitur</strong></span> <span class='ocrx_word' id='word_1_228' title='bbox 782 2026 846 2061; x_wconf 87' lang='lat' dir='ltr'><strong>Ov.</strong></span> <span class='ocrx_word' id='word_1_229' title='bbox 875 2037 945 2062; x_wconf 87' lang='lat' dir='ltr'><strong>am.</strong></span> <span class='ocrx_word' id='word_1_230' title='bbox 972 2025 1020 2066; x_wconf 86' lang='grc' dir='ltr'><strong>ΙΙ,</strong></span> <span class='ocrx_word' id='word_1_231' title='bbox 1047 2026 1102 2071; x_wconf 79' lang='lat'><strong>10,</strong></span> <span class='ocrx_word' id='word_1_232' title='bbox 1129 2026 1192 2072; x_wconf 82' lang='lat'><strong>333</strong></span> <span class='ocrx_word' id='word_1_233' title='bbox 1221 2025 1286 2061; x_wconf 90' lang='lat' dir='ltr'><strong>cfr.</strong></span> <span class='ocrx_word' id='word_1_234' title='bbox 1317 2026 1431 2062; x_wconf 87' lang='lat' dir='ltr'><strong>etiam</strong></span> <span class='ocrx_word' id='word_1_235' title='bbox 1458 2026 1507 2061; x_wconf 90' lang='lat' dir='ltr'><strong>ad</strong></span> <span class='ocrx_word' id='word_1_236' title='bbox 1531 2026 1574 2071; x_wconf 87' lang='lat' dir='ltr'><strong>V,</strong></span> <span class='ocrx_word' id='word_1_237' title='bbox 1599 2026 1679 2062; x_wconf 83' lang='lat'>598.</span> 
     </span>
    </p>

    <p class='ocr_par' dir='ltr' id='par_1_9' title="bbox 231 2085 1726 2192">
     <span class='ocr_line' id='line_1_30' title="bbox 328 2085 1726 2131; baseline 0.001 -11"><span class='ocrx_word' id='word_1_238' title='bbox 328 2086 385 2122; x_wconf 86' lang='lat'><strong>24.</strong></span> <span class='ocrx_word' id='word_1_239' title='bbox 438 2085 576 2131; x_wconf 85' lang='lat' dir='ltr'><strong>Cybele</strong></span> <span class='ocrx_word' id='word_1_240' title='bbox 601 2086 752 2122; x_wconf 86' lang='lat' dir='ltr'><strong>vehitur</strong></span> <span class='ocrx_word' id='word_1_241' title='bbox 778 2097 887 2121; x_wconf 89' lang='lat' dir='ltr'><strong>curru</strong></span> <span class='ocrx_word' id='word_1_242' title='bbox 911 2086 1082 2121; x_wconf 89' lang='lat' dir='ltr'><strong>leonibus</strong></span> <span class='ocrx_word' id='word_1_243' title='bbox 1109 2086 1256 2129; x_wconf 79' lang='lat' dir='ltr'><strong>iunct03</strong></span> <span class='ocrx_word' id='word_1_244' title='bbox 1284 2085 1350 2121; x_wconf 89' lang='lat' dir='ltr'><strong>cfr.</strong></span> <span class='ocrx_word' id='word_1_245' title='bbox 1379 2085 1459 2122; x_wconf 88' lang='lat' dir='ltr'><strong>Cat.</strong></span> <span class='ocrx_word' id='word_1_246' title='bbox 1494 2086 1633 2129; x_wconf 86' lang='lat' dir='ltr'>LXIII,</span> <span class='ocrx_word' id='word_1_247' title='bbox 1661 2086 1726 2130; x_wconf 83' lang='lat'><strong>76;</strong></span> 
     </span>
     <span class='ocr_line' id='line_1_31' title="bbox 231 2145 1726 2192; baseline 0.001 -12"><span class='ocrx_word' id='word_1_248' title='bbox 231 2146 344 2190; x_wconf 86' lang='lat' dir='ltr'><strong>Verg.</strong></span> <span class='ocrx_word' id='word_1_249' title='bbox 370 2145 463 2182; x_wconf 89' lang='lat' dir='ltr'><strong>Aen.</strong></span> <span class='ocrx_word' id='word_1_250' title='bbox 489 2145 557 2187; x_wconf 81' lang='lat' dir='ltr'>III,</span> <span class='ocrx_word' id='word_1_251' title='bbox 587 2145 669 2188; x_wconf 87' lang='lat'><strong>113;</strong></span> <span class='ocrx_word' id='word_1_252' title='bbox 697 2145 802 2180; x_wconf 85' lang='lat' dir='ltr'><strong>Lucr.</strong></span> <span class='ocrx_word' id='word_1_253' title='bbox 829 2145 878 2189; x_wconf 89' lang='lat' dir='ltr'><strong>II,</strong></span> <span class='ocrx_word' id='word_1_254' title='bbox 905 2145 992 2192; x_wconf 83' lang='lat'>6013</span> <span class='ocrx_word' id='word_1_255' title='bbox 1022 2145 1149 2181; x_wconf 87' lang='lat' dir='ltr'><strong>Claud.</strong></span> <span class='ocrx_word' id='word_1_256' title='bbox 1175 2145 1215 2180; x_wconf 88' lang='lat' dir='ltr'><strong>in</strong></span> <span class='ocrx_word' id='word_1_257' title='bbox 1241 2157 1340 2181; x_wconf 88' lang='lat' dir='ltr'><strong>cons.</strong></span> <span class='ocrx_word' id='word_1_258' title='bbox 1358 2145 1460 2180; x_wconf 91' lang='lat' dir='ltr'><strong>Mall.</strong></span> <span class='ocrx_word' id='word_1_259' title='bbox 1479 2145 1621 2183; x_wconf 78' lang='lat' dir='ltr'><strong>Theod.</strong></span> <span class='ocrx_word' id='word_1_260' title='bbox 1643 2145 1726 2182; x_wconf 85' lang='lat'>301.</span> 
     </span>
    </p>

    <p class='ocr_par' dir='ltr' id='par_1_10' title="bbox 325 2204 952 2246">
     <span class='ocr_line' id='line_1_32' title="bbox 325 2204 952 2246; baseline 0.002 -8"><span class='ocrx_word' id='word_1_261' title='bbox 325 2205 382 2240; x_wconf 85' lang='lat'><strong>25.</strong></span> <span class='ocrx_word' id='word_1_262' title='bbox 432 2216 527 2239; x_wconf 77' lang='lat' dir='ltr'><strong>nunc</strong></span> <span class='ocrx_word' id='word_1_263' title='bbox 551 2204 647 2246; x_wconf 82' lang='lat' dir='ltr'><strong>Vat.,</strong></span> <span class='ocrx_word' id='word_1_264' title='bbox 675 2208 759 2239; x_wconf 77' lang='lat' dir='ltr'><strong>tunc</strong></span> <span class='ocrx_word' id='word_1_265' title='bbox 785 2204 843 2240; x_wconf 89' lang='lat' dir='ltr'><strong>ed.</strong></span> <span class='ocrx_word' id='word_1_266' title='bbox 869 2204 952 2239; x_wconf 87' lang='lat' dir='ltr'><strong>Ald.</strong></span> 
     </span>
    </p>

    <p class='ocr_par' dir='ltr' id='par_1_11' title="bbox 234 2263 1724 2365">
     <span class='ocr_line' id='line_1_33' title="bbox 327 2263 1724 2310; baseline 0.001 -12"><span class='ocrx_word' id='word_1_267' title='bbox 327 2263 384 2301; x_wconf 88' lang='lat'><strong>28.</strong></span> <span class='ocrx_word' id='word_1_268' title='bbox 435 2265 596 2299; x_wconf 76' lang='lat' dir='ltr'><strong>aerisono</strong></span> <span class='ocrx_word' id='word_1_269' title='bbox 622 2265 664 2299; x_wconf 83' lang='lat' dir='ltr'><strong>de</strong></span> <span class='ocrx_word' id='word_1_270' title='bbox 687 2268 802 2299; x_wconf 77' lang='lat' dir='ltr'><strong>monte</strong></span> <span class='ocrx_word' id='word_1_271' title='bbox 826 2263 849 2300; x_wconf 91' lang='lat' dir='ltr'><strong>i.</strong></span> <span class='ocrx_word' id='word_1_272' title='bbox 884 2275 914 2299; x_wconf 90' lang='lat' dir='ltr'><strong>e.</strong></span> <span class='ocrx_word' id='word_1_273' title='bbox 953 2263 1151 2310; x_wconf 72' lang='lat' dir='ltr'><strong>Dindymo,</strong></span> <span class='ocrx_word' id='word_1_274' title='bbox 1191 2263 1370 2309; x_wconf 86' lang='lat' dir='ltr'><strong>cymbalis</strong></span> <span class='ocrx_word' id='word_1_275' title='bbox 1406 2265 1616 2306; x_wconf 82' lang='lat' dir='ltr'><strong>resonante,</strong></span> <span class='ocrx_word' id='word_1_276' title='bbox 1657 2263 1724 2300; x_wconf 86' lang='lat' dir='ltr'><strong>cfr.</strong></span> 
     </span>
     <span class='ocr_line' id='line_1_34' title="bbox 234 2323 570 2365; baseline 0.003 -7"><span class='ocrx_word' id='word_1_277' title='bbox 234 2323 312 2358; x_wconf 86' lang='lat' dir='ltr'><strong>Cat.</strong></span> <span class='ocrx_word' id='word_1_278' title='bbox 339 2323 396 2364; x_wconf 82' lang='lat'><strong>63,</strong></span> <span class='ocrx_word' id='word_1_279' title='bbox 422 2323 484 2365; x_wconf 86' lang='lat'><strong>21;</strong></span> <span class='ocrx_word' id='word_1_280' title='bbox 511 2323 570 2360; x_wconf 86' lang='lat'><strong>29.</strong></span> 
     </span>
    </p>

    <p class='ocr_par' dir='ltr' id='par_1_12' title="bbox 231 2381 1723 2488">
     <span class='ocr_line' id='line_1_35' title="bbox 326 2381 1723 2428; baseline 0.001 -12"><span class='ocrx_word' id='word_1_281' title='bbox 326 2382 381 2417; x_wconf 88' lang='lat'><strong>28.</strong></span> <span class='ocrx_word' id='word_1_282' title='bbox 431 2393 552 2427; x_wconf 69' lang='lat' dir='ltr'><strong>reyum</strong></span> <span class='ocrx_word' id='word_1_283' title='bbox 576 2386 696 2427; x_wconf 54' lang='grc' dir='ltr'><strong><em>δοκέω</em></strong></span> <span class='ocrx_word' id='word_1_284' title='bbox 721 2382 868 2428; x_wconf 89' lang='lat' dir='ltr'><strong>saepius</strong></span> <span class='ocrx_word' id='word_1_285' title='bbox 882 2382 1126 2428; x_wconf 84' lang='lat' dir='ltr'><strong>Argonautae</strong></span> <span class='ocrx_word' id='word_1_286' title='bbox 1144 2393 1252 2427; x_wconf 88' lang='lat' dir='ltr'><strong>reges</strong></span> <span class='ocrx_word' id='word_1_287' title='bbox 1271 2393 1293 2417; x_wconf 91' lang='lat' dir='ltr'><strong>a</strong></span> <span class='ocrx_word' id='word_1_288' title='bbox 1309 2382 1458 2418; x_wconf 87' lang='lat' dir='ltr'><strong>Valerio</strong></span> <span class='ocrx_word' id='word_1_289' title='bbox 1482 2381 1723 2418; x_wconf 77' lang='lat' dir='ltr'><strong>nominantur</strong></span> 
     </span>
     <span class='ocr_line' id='line_1_36' title="bbox 231 2441 1722 2488; baseline 0.001 -11"><span class='ocrx_word' id='word_1_290' title='bbox 231 2443 274 2477; x_wconf 87' lang='lat' dir='ltr'><strong>ut</strong></span> <span class='ocrx_word' id='word_1_291' title='bbox 297 2441 485 2488; x_wconf 86' lang='lat' dir='ltr'><strong>principes</strong></span> <span class='ocrx_word' id='word_1_292' title='bbox 510 2441 793 2486; x_wconf 87' lang='lat' dir='ltr'><strong>principumque</strong></span> <span class='ocrx_word' id='word_1_293' title='bbox 818 2442 899 2488; x_wconf 86' lang='lat' dir='ltr'><strong>filii;</strong></span> <span class='ocrx_word' id='word_1_294' title='bbox 928 2441 994 2477; x_wconf 90' lang='lat' dir='ltr'><strong>cfr.</strong></span> <span class='ocrx_word' id='word_1_295' title='bbox 1014 2441 1041 2483; x_wconf 93' lang='lat' dir='ltr'>I,</span> <span class='ocrx_word' id='word_1_296' title='bbox 1061 2442 1147 2483; x_wconf 71' lang='lat'>2033</span> <span class='ocrx_word' id='word_1_297' title='bbox 1166 2442 1251 2483; x_wconf 86' lang='lat'>342;</span> <span class='ocrx_word' id='word_1_298' title='bbox 1267 2441 1334 2483; x_wconf 82' lang='lat' dir='ltr'>III,</span> <span class='ocrx_word' id='word_1_299' title='bbox 1350 2441 1438 2488; x_wconf 79' lang='lat'><strong>1733</strong></span> <span class='ocrx_word' id='word_1_300' title='bbox 1458 2441 1527 2476; x_wconf 88' lang='lat'><strong>504</strong></span> <span class='ocrx_word' id='word_1_301' title='bbox 1538 2454 1546 2483; x_wconf 88' lang='lat'>;</span> <span class='ocrx_word' id='word_1_302' title='bbox 1564 2441 1626 2483; x_wconf 88' lang='lat' dir='ltr'>IV,</span> <span class='ocrx_word' id='word_1_303' title='bbox 1642 2441 1722 2478; x_wconf 84' lang='lat'><strong>543.</strong></span> 
     </span>
    </p>

    <p class='ocr_par' dir='ltr' id='par_1_13' title="bbox 231 2500 1723 2724">
     <span class='ocr_line' id='line_1_37' title="bbox 326 2500 1722 2546; baseline -0.001 -10"><span class='ocrx_word' id='word_1_304' title='bbox 326 2501 382 2536; x_wconf 88' lang='lat'><strong>30.</strong></span> <span class='ocrx_word' id='word_1_305' title='bbox 432 2502 471 2536; x_wconf 76' lang='lat' dir='ltr'><strong>in</strong></span> <span class='ocrx_word' id='word_1_306' title='bbox 495 2504 594 2536; x_wconf 73' lang='lat' dir='ltr'><strong>mete</strong></span> <span class='ocrx_word' id='word_1_307' title='bbox 617 2513 686 2546; x_wconf 89' lang='lat' dir='ltr'><strong>pro</strong></span> <span class='ocrx_word' id='word_1_308' title='bbox 711 2502 834 2541; x_wconf 82' lang='lat' dir='ltr'><strong>noctu,</strong></span> <span class='ocrx_word' id='word_1_309' title='bbox 862 2502 904 2536; x_wconf 90' lang='lat' dir='ltr'><strong>ut</strong></span> <span class='ocrx_word' id='word_1_310' title='bbox 928 2504 971 2545; x_wconf 80' lang='lat' dir='ltr'><strong>V,</strong></span> <span class='ocrx_word' id='word_1_311' title='bbox 997 2501 1077 2542; x_wconf 86' lang='lat'>443,</span> <span class='ocrx_word' id='word_1_312' title='bbox 1103 2502 1143 2536; x_wconf 80' lang='lat' dir='ltr'><strong>in</strong></span> <span class='ocrx_word' id='word_1_313' title='bbox 1180 2505 1334 2545; x_wconf 78' lang='lat' dir='ltr'><strong>tempore</strong></span> <span class='ocrx_word' id='word_1_314' title='bbox 1371 2503 1460 2543; x_wconf 91' lang='lat' dir='ltr'><strong>(non</strong></span> <span class='ocrx_word' id='word_1_315' title='bbox 1499 2511 1543 2535; x_wconf 91' lang='lat' dir='ltr'><strong>ea</strong></span> <span class='ocrx_word' id='word_1_316' title='bbox 1582 2500 1722 2545; x_wconf 86' lang='lat' dir='ltr'><strong>signifi-</strong></span> 
     </span>
     <span class='ocr_line' id='line_1_38' title="bbox 233 2559 1723 2606; baseline -0.001 -10"><span class='ocrx_word' id='word_1_317' title='bbox 233 2560 391 2601; x_wconf 86' lang='lat' dir='ltr'><strong>catione,</strong></span> <span class='ocrx_word' id='word_1_318' title='bbox 418 2571 492 2605; x_wconf 91' lang='lat' dir='ltr'><strong>qua</strong></span> <span class='ocrx_word' id='word_1_319' title='bbox 517 2560 614 2595; x_wconf 90' lang='lat' dir='ltr'><strong>solet</strong></span> <span class='ocrx_word' id='word_1_320' title='bbox 637 2560 867 2605; x_wconf 86' lang='lat' dir='ltr'><strong>praepositio</strong></span> <span class='ocrx_word' id='word_1_321' title='bbox 894 2560 998 2606; x_wconf 86' lang='lat' dir='ltr'><strong>addi)</strong></span> <span class='ocrx_word' id='word_1_322' title='bbox 1023 2559 1126 2601; x_wconf 92' lang='lat' dir='ltr'>VIII,</span> <span class='ocrx_word' id='word_1_323' title='bbox 1154 2560 1234 2595; x_wconf 88' lang='lat'>226.</span> <span class='ocrx_word' id='word_1_324' title='bbox 1284 2570 1411 2595; x_wconf 71' lang='lat' dir='ltr'><strong>manus</strong></span> <span class='ocrx_word' id='word_1_325' title='bbox 1436 2570 1615 2595; x_wconf 74' lang='lat' dir='ltr'><strong>conserere</strong></span> <span class='ocrx_word' id='word_1_326' title='bbox 1651 2560 1723 2595; x_wconf 89' lang='lat' dir='ltr'><strong>hoc</strong></span> 
     </span>
     <span class='ocr_line' id='line_1_39' title="bbox 231 2618 1723 2671; baseline 0 -17"><span class='ocrx_word' id='word_1_327' title='bbox 231 2620 314 2656; x_wconf 88' lang='lat' dir='ltr'><strong>loco</strong></span> <span class='ocrx_word' id='word_1_328' title='bbox 338 2620 501 2671; x_wconf 78' lang='lat' dir='ltr'><strong>praeter</strong></span> <span class='ocrx_word' id='word_1_329' title='bbox 517 2619 823 2654; x_wconf 88' lang='lat' dir='ltr'><strong>consuetudinem</strong></span> <span class='ocrx_word' id='word_1_330' title='bbox 849 2619 987 2654; x_wconf 84' lang='lat' dir='ltr'><strong>dicitur</strong></span> <span class='ocrx_word' id='word_1_331' title='bbox 1013 2619 1059 2655; x_wconf 91' lang='lat' dir='ltr'><strong>de</strong></span> <span class='ocrx_word' id='word_1_332' title='bbox 1086 2621 1239 2655; x_wconf 88' lang='lat' dir='ltr'><strong>auctore</strong></span> <span class='ocrx_word' id='word_1_333' title='bbox 1263 2629 1423 2664; x_wconf 85' lang='lat' dir='ltr'><strong>pugnae,</strong></span> <span class='ocrx_word' id='word_1_334' title='bbox 1450 2630 1524 2654; x_wconf 90' lang='lat' dir='ltr'><strong>non</strong></span> <span class='ocrx_word' id='word_1_335' title='bbox 1550 2618 1596 2654; x_wconf 85' lang='lat' dir='ltr'><strong>de</strong></span> <span class='ocrx_word' id='word_1_336' title='bbox 1633 2618 1723 2664; x_wconf 89' lang='lat' dir='ltr'><strong>ipsis</strong></span> 
     </span>
     <span class='ocr_line' id='line_1_40' title="bbox 233 2678 499 2724; baseline -0.008 -10"><span class='ocrx_word' id='word_1_337' title='bbox 233 2678 499 2724; x_wconf 81' lang='lat' dir='ltr'><strong>pugnantibus.</strong></span> 
     </span>
    </p>
   </div>
   <div class='ocr_carea' id='block_1_6' title="bbox 1851 2252 1890 3100">
    <p class='ocr_par' dir='ltr' id='par_1_14' title="bbox 1851 2252 1890 3100">
     <span class='ocr_line' id='line_1_41' title="bbox 1851 2252 1890 3100; baseline 0 0"><span class='ocrx_word' id='word_1_338' title='bbox 1851 2252 1890 3100; x_wconf 95' lang='lat' dir='ltr'><strong> </strong></span> 
     </span>
    </p>
   </div>
  </div>
 </body>
</html>
