1890 3100
235 150 322 194 500
762 148 798 184 C.
826 148 1004 184 VALERI
1029 149 1202 185 FLACCI

342 268 566 308 inciderant
595 269 711 308 ambo
741 269 897 308 attoniti
924 270 1115 321 iuxtaque
1146 269 1343 316 subibant,

344 334 543 373 abietibus
572 335 702 373 tacitis
732 341 801 373 aut
828 335 998 373 immotis
1029 335 1243 386 cyparissis
1723 358 1780 389 405

345 399 559 447 adsimiles,
590 400 750 452 rapidus
780 400 955 439 nondum
986 414 1084 453 quas
1114 400 1270 439 miscuit
1290 406 1436 440 auster.

398 466 510 517 Ergo
538 471 583 503 ut
612 471 696 504 erat
723 465 838 504 vultu
868 466 1022 505 defixus
1051 472 1220 518 uterque
1250 466 1383 504 silenti

345 544 506 583 noxque
536 544 650 570 suum
678 531 899 583 peragebat
926 532 1012 579 iter,
1042 532 1119 569 iam
1147 532 1226 569 iam
1256 545 1324 570 ora
1351 531 1489 571 levare

342 595 576 635 Aesoniden
604 596 759 649 farique
788 597 897 649 cupit
924 596 1071 635 Medea
1098 597 1280 648 priorem.

345 675 462 714 quam
492 662 608 700 simul
637 662 773 701 effusis
802 663 1046 714 pavitantem
1074 662 1233 701 fletibus
1262 662 1380 701 heros
1723 678 1781 708 410

342 727 639 780 flagrantesque
668 741 792 779 genas
821 727 921 766 vidit
952 729 1220 780 miserumque
1249 727 1454 779 pudorem,

342 793 415 831 has
444 792 606 831 tandem
635 807 755 831 voces
786 792 895 831 dedit
925 799 964 831 et
994 793 1144 832 solatus
1174 799 1373 832 amantem
1403 798 1476 833 est.

343 859 507 897 ‘Fersne
537 859 711 910 aliquam
741 871 853 910 spem
880 858 1019 896 lucis?'
1050 860 1116 906 ait,
1149 859 1347 898 ‘miserata
1374 858 1554 899 laborem

340 937 486 975 nempe
514 922 655 961 venis‘?
685 937 735 961 an
765 929 805 962 et
833 924 920 974 ipsa
948 937 1038 962 mea
1065 924 1269 963 laetabere
1298 924 1455 963 morte?

343 1002 407 1037 ne,
438 1002 590 1039 precor,
620 988 783 1027 infando
814 989 982 1027 similem
1010 995 1062 1037 te,
1093 990 1217 1041 virgo,
1247 990 1404 1041 parenti
1721 998 1779 1028 415

344 1054 530 1106 gesseris,
560 1054 659 1092 haut
685 1054 787 1092 tales
818 1053 935 1093 decet
963 1054 1220 1093 inclementia
1247 1054 1394 1093 vultus.

342 1120 506 1158 hascine
534 1133 641 1157 nunc
670 1124 815 1170 grates,
845 1119 946 1158 haec
976 1125 1189 1171 expectata
1216 1119 1398 1158 laborum

290 1217 293 1219 ,
345 1184 450 1223 dona
480 1184 564 1223 dari
593 1184 756 1223 decuit?
785 1185 841 1222 sic
869 1190 910 1223 te
941 1185 1013 1223 sub
1042 1190 1146 1223 teste
1176 1185 1322 1223 remitti

343 1250 403 1289 fas
432 1264 509 1297 me,
539 1250 678 1302 virgo?
706 1256 795 1288 tuas
824 1250 938 1288 iustis
970 1250 1020 1288 da
1047 1250 1211 1288 vocibus
1242 1263 1369 1289 aures.

329 1375 408 1410 404.
458 1376 660 1410 inciclerwnt
684 1386 733 1412 sc.
761 1374 848 1417 sibi;
877 1374 942 1410 cfr.
969 1375 1080 1411 Mart.
1106 1375 1189 1416 VII,
1218 1375 1272 1418 76,
1299 1377 1339 1418 33
1365 1376 1536 1422 iuxtaque
1558 1377 1726 1414 subibam

236 1434 259 1471 i.
287 1446 316 1470 e.
344 1434 481 1470 sensim
506 1434 715 1480 sensimque
740 1434 892 1480 propius
911 1435 1155 1470 accedebant.

329 1494 410 1529 405.
463 1493 536 1530 Cfr.
562 1494 683 1539 Apoll.
716 1494 784 1536 III⁷
811 1493 881 1529 966
906 1505 1004 1539 seqq.
1031 1498 1078 1530 τὼ
1104 1491 1133 1530 δ’
1163 1494 1247 1540 ἄνεῳ
1273 1495 1329 1531 καὶ
1366 1494 1502 1532 ἄναυδοι
1537 1494 1726 1542 ἐφέστασαν

234 1554 428 1600 ἀλλήλοισιν,
458 1550 509 1590 Ἢ
536 1555 644 1599 δρυσὶν
668 1554 690 1600 ἢ
717 1553 877 1605 μακρῇσιν
903 1553 1080 1600 ἐειδόμενοι
1110 1553 1268 1604 ἐλάτῃσιν,
1302 1552 1376 1591 Αἵτε
1407 1557 1579 1601 παράσσον
1609 1554 1722 1602 ἕκηλοι

231 1612 269 1650 ἐν
295 1613 419 1659 οὔρεσιν
456 1612 641 1659 ἐρρίζωνται
672 1614 830 1664 Νηνεμίῃ.
864 1617 947 1659 μετὰ
984 1613 1015 1649 δ’
1043 1612 1129 1655 αὖτις
1157 1614 1219 1650 ὑπὸ
1257 1616 1348 1660 ῥιπῆς
1383 1613 1514 1661 ἀνέμοιο
1539 1616 1721 1661 Κινὸμεναι

234 1671 410 1719 ὁμάδησαν
428 1673 599 1715 ἀπείριτον·
624 1673 670 1709 ὣς
687 1672 750 1719 ἄρα
767 1675 852 1719 τώγε
869 1670 996 1710 Μέλλον
1015 1674 1081 1714 ἅλις
1098 1672 1302 1719 φθέγξασθαι
1319 1673 1382 1711 ὑπὸ
1399 1679 1543 1726 πνοιῇσιν
1555 1670 1716 1720 Ἔρωτος.

236 1732 350 1768 Vides
375 1732 615 1778 Apollonium
640 1732 844 1777 imaginem
868 1744 943 1768 non
974 1732 1170 1768 invenuste
1195 1732 1341 1778 longius
1367 1744 1448 1769 esse
1472 1735 1722 1779 persecutum.

329 1791 409 1827 409.
460 1792 595 1828 Medea
632 1792 805 1828 Iasonem
841 1792 944 1837 prior
980 1792 1117 1837 alloqui
1157 1794 1316 1833 veretur,
1365 1792 1475 1829 aliter
1505 1793 1585 1839 agit
1622 1793 1724 1839 apud

232 1850 343 1897 Prop.
369 1851 431 1893 IV,
460 1852 490 1892 5,
516 1852 561 1886 41
588 1862 663 1896 seq.
688 1862 751 1886 nec
775 1855 808 1886 te
834 1851 980 1886 Medeae
1005 1852 1170 1887 delectent
1204 1852 1344 1896 {probra
1367 1853 1529 1897 sequacis
1536 1865 1544 1895 ;
1584 1852 1723 1898 Nempe

233 1912 316 1948 tulit
338 1910 467 1954 fastus,
495 1922 586 1946 ausa
609 1921 736 1956 roqare
754 1912 871 1955 prior.

327 1971 409 2007 411.
456 1971 716 2016 flayrantesque
738 1981 863 2015 yenas:
890 1970 1001 2015 Verg.
1027 1971 1117 2007 Aen.
1145 1970 1227 2012 XII,
1255 1971 1316 2013 65;
1351 1970 1480 2007 Claud.
1504 1970 1544 2006 in
1567 1971 1724 2018 Eutrop.

233 2030 262 2073 Ι,
289 2031 359 2065 253
383 2034 448 2066 aut
472 2031 559 2076 quid
582 2032 621 2066 in
646 2031 710 2066 hoc
728 2031 864 2074 poterit
887 2031 987 2065 vultu
1009 2031 1165 2076 flayrare
1184 2031 1349 2075 pudoris.

330 2091 560 2135 miserumque
579 2091 769 2135 pudorem:
799 2089 864 2126 Ov.
891 2091 979 2126 met.
1006 2091 1052 2131 X.
1079 2091 1159 2125 411.

329 2150 409 2185 412.
459 2151 594 2185 solatus
619 2153 791 2184 amantem
818 2153 883 2184 est:
928 2149 1095 2195 Wagner
1133 2149 1324 2185 desiderat
1361 2149 1400 2185 in
1439 2149 1491 2186 eis
1529 2160 1625 2195 quae
1662 2161 1722 2186 se—

235 2210 399 2255 quuntur
417 2209 532 2244 verba
558 2208 807 2244 consolatoria
818 2222 825 2251 ;
845 2210 886 2243 at
904 2209 965 2244 vel
984 2220 1038 2254 eo⁷
1065 2209 1162 2254 quod
1179 2209 1290 2244 Iason
1307 2209 1482 2245 Medeam
1505 2208 1607 2254 prior
1625 2208 1717 2245 allo-

235 2268 370 2315 quitur,
398 2268 572 2304 solatium
598 2268 820 2303 continetur.

328 2328 410 2365 413.
459 2328 587 2363 Verba
612 2326 754 2362 Iasonis
780 2327 953 2363 Medeam
979 2327 1211 2372 alloquentis,
1238 2338 1333 2373 quae
1358 2327 1459 2373 apud
1482 2326 1720 2372 Apollonium

234 2388 411 2433 leguntur
448 2386 506 2421 ΙΙΙ
522 2414 530 2430 ‚
568 2386 795 2432 974-1006,
833 2387 952 2422 multo
989 2387 1108 2422 minus
1146 2386 1291 2422 virilem
1318 2386 1519 2422 ostendunt
1555 2385 1720 2421 animum

236 2449 282 2483 ad
309 2448 475 2482 extrema
499 2445 665 2491 pericula
689 2445 879 2480 subeunda
895 2448 1082 2491 paratum;
1111 2445 1175 2482 cfr.
1204 2446 1267 2482 Ov.
1287 2446 1363 2482 her.
1390 2444 1472 2487 XII,
1499 2445 1544 2480 73
1569 2456 1670 2490 seqq.

328 2505 409 2542 416.
459 2505 515 2541 De
541 2505 729 2541 sententia
755 2505 819 2540 cfr.
847 2505 966 2550 Apoll.
993 2505 1061 2545 ΙΙΙ,
1090 2505 1192 2540 1006.

329 2565 410 2601 419.
461 2564 583 2601 tuum?
606 2566 721 2600 iustas
738 2565 833 2605 Van,
860 2568 941 2600 tuas
965 2565 1069 2600 iustis
1086 2576 1156 2609 ego
1182 2564 1287 2610 signo
1310 2563 1614 2609 interrogationis
1633 2567 1723 2609 post

236 2636 366 2661 vocem
392 2626 541 2670 viminis
563 2625 695 2670 posito.
