1890 3100
228 238 316 282 440
751 237 788 274 o.
815 238 995 273 VALERI
1020 238 1194 274 FLAOCI

335 356 507 409 qualiter
536 370 682 395 exosus
710 357 890 409 Pyrrhae
920 371 1048 409 genus
1079 371 1253 411 aequora
1281 371 1418 397 rursus
1720 373 1774 403 ⁸90

333 422 515 474 Iuppiter
544 428 664 475 atque
695 436 832 462 omnes
861 423 1025 461 fluvium
1055 424 1087 461 si
1115 423 1257 462 fundat
1285 424 1475 472 habenas,

337 487 461 528 ardua
489 488 656 527 Parnasi
683 488 836 527 lateant
864 489 970 540 iuga,
1002 490 1167 527 cesserit
1198 489 1350 540 Othrys

335 554 494 605 piniger
522 559 562 593 et
589 554 729 593 mersis
761 554 995 593 decrescant
1023 555 1187 606 rupibus
1217 555 1365 606 Alpes:

337 617 487 657 diluvio
516 619 588 657 tali
616 620 860 672 paribusque
889 620 1150 659 Ariasmenus
1181 626 1325 672 urguet

337 684 503 723 excidiis
532 685 644 723 nullo
674 686 835 737 rapiens
866 684 1091 724 discrimine
1123 699 1273 724 currus.
1726 710 1780 740 395

336 749 482 801 aegida
510 755 595 788 tum
623 751 794 802 primum
821 751 934 802 virgo
965 751 1191 803 spiramque
1221 751 1416 790 Medusae

337 820 399 854 ter
428 821 588 854 centum
618 816 748 854 saevis
780 816 1031 868 squalentem
1061 816 1222 854 sustulit
1251 816 1403 868 hydris,

340 894 457 933 quam
489 880 563 919 soli
593 880 748 919 vidistis
780 882 883 934 equi.
942 895 1066 933 pavor
1095 887 1264 934 occupat
1292 882 1435 934 ingens

337 947 518 985 excussis
547 947 588 984 in
616 952 731 998 terga
759 947 866 995 viris,
899 945 1106 999 diramque
1135 953 1371 1000 retorquent

338 1012 380 1049 in
409 1012 539 1050 socios
569 1025 651 1050 non
680 1017 822 1064 sponte
850 1011 972 1051 luem.
1028 1017 1123 1050 tunc
1154 1013 1317 1051 ensibus
1347 1013 1459 1051 uncis
1727 1029 1782 1061 400

337 1077 515 1129 implicat
544 1082 585 1115 et
612 1076 790 1129 trepidos
820 1077 973 1116 lacerat
1004 1077 1202 1116 discordia
1231 1091 1381 1117 currus.

325 1225 407 1262 390.
457 1226 623 1272 Pyrrhae
646 1236 772 1270 9euus;
812 1225 955 1270 Pyrrha
993 1225 1072 1261 sola
1111 1225 1334 1266 nominatur,
1368 1226 1410 1260 ut
1443 1226 1490 1261 ab
1524 1225 1612 1263 Hor.
1642 1237 1672 1261 c.
1708 1225 1728 1260 I

230 1285 263 1327 2,
301 1285 340 1327 6;
379 1284 475 1321 Stat.
513 1285 630 1321 Theb.
667 1284 767 1326 VIII,
807 1285 892 1326 305;
931 1284 1034 1322 Paul.
1074 1284 1156 1321 Nol.
1195 1284 1311 1331 XXII,
1349 1285 1412 1327 45;
1454 1284 1600 1332 Coripp.
1639 1284 1758 1326 1011,

230 1345 295 1386 111,
322 1344 403 1381 346.

327 1404 406 1439 391.
446 1404 502 1440 De
529 1404 779 1440 collocatione
805 1405 838 1440 si
861 1405 1068 1450 particulae
1087 1404 1153 1439 cfr.
1174 1404 1222 1439 ad
1240 1404 1288 1450 ΙΙ,
1306 1403 1376 1439 485
1384 1418 1395 1448 ‚·
1416 1404 1549 1447 fundat
1564 1403 1730 1446 habenas,

231 1464 275 1499 ut
300 1463 363 1500 Sil.
389 1463 451 1506 IV,
481 1464 566 1506 137;
596 1463 697 1502 XIII.
719 1464 803 1506 172;
830 1464 1002 1499 usitatius
1031 1465 1087 1499 est
1115 1463 1293 1506 effundere
1323 1464 1370 1508 h„
1397 1463 1463 1499 cfr.
1492 1463 1608 1499 etiam
1624 1463 1730 1509 Verg.

232 1523 323 1559 Aen.
350 1523 396 1564 X,
423 1523 493 1558 838
516 1524 622 1566 fusus
647 1544 691 1549 -—
718 1524 882 1565 barbam;
911 1523 972 1559 Sil.
1000 1523 1098 1563 XIV,
1127 1523 1196 1558 570
1222 1524 1260 1558 et
1278 1523 1359 1558 Val.
1386 1522 1454 1564 ΠΙ,
1481 1522 1552 1558 315
1574 1523 1661 1565 fusa
1685 1543 1732 1548 —

232 1593 360 1618 comas.
403 1583 458 1618 De
485 1583 743 1623 translatione.
771 1594 866 1627 quae
891 1582 989 1618 inest
1008 1583 1046 1617 in
1072 1582 1307 1618 substantivo
1332 1583 1498 1623 habenae.
1526 1581 1593 1617 cfr.
1619 1581 1730 1627 Verg.

231 1641 323 1677 Aen.
348 1642 390 1683 V,
417 1642 502 1684 662;
534 1642 619 1683 XII,
649 1642 740 1688 499;
767 1642 994 1678 sententiam
1021 1642 1160 1677 Valerii
1184 1641 1311 1687 paullo
1338 1641 1419 1676 aliis
1440 1641 1564 1677 verbis
1583 1651 1732 1687 expres-

232 1702 334 1736 serat
361 1701 425 1736 Ov.
452 1702 541 1737 met.
570 1701 597 1742 Ι,
629 1701 709 1736 280.

328 1760 408 1796 393.
459 1762 584 1797 mersis
619 1761 820 1796 decrescant
856 1762 1010 1805 rupibus
1037 1761 1164 1805 Alpem
1204 1771 1275 1806 quo
1301 1761 1421 1796 maior
1446 1761 1489 1796 fit
1514 1760 1661 1804 fluctus,
1688 1771 1732 1796 eo

235 1819 397 1856 minores
435 1821 582 1856 montes
620 1820 796 1856 videntur
834 1832 924 1861 esse,
965 1820 1031 1855 cfr.
1058 1821 1194 1856 Auson.
1222 1821 1312 1856 Mos.
1341 1820 1409 1855 146
1433 1831 1509 1865 seq.
1535 1830 1733 1865 magnaque

233 1884 386 1925 mrqwnt
409 1881 577 1925 Aequora
613 1880 788 1925 vicinique
825 1881 946 1915 timent
981 1880 1174 1915 decrescere
1208 1883 1356 1922 moutes;
1394 1879 1491 1915 Stat.
1519 1879 1639 1915 Theb.
1666 1878 1730 1921 IX.

234 1939 305 1978 458
323 1940 615 1986 (Hippomedon)
640 1940 793 1975 miratur
809 1941 957 1975 crevisse
984 1940 1113 1975 vadum
1136 1951 1276 1984 seseque
1292 1940 1477 1981 minorem3
1504 1938 1733 1974 contrarium

238 1999 462 2035 describitur
489 2000 553 2035 Ov.
580 2001 668 2036 met.
696 2000 725 2041 I,
752 2000 838 2042 345;
866 1999 960 2035 Stat.
988 2000 1105 2035 Theb.
1131 1999 1173 2039 V,
1201 1999 1280 2035 709.

329 2058 409 2094 394.
460 2059 634 2094 Fortasse
674 2071 748 2095 non
773 2059 908 2094 iniuria
947 2061 1057 2105 poeta
1083 2059 1330 2104 vituperatur,
1357 2058 1456 2104 quod
1483 2058 1598 2094 etiam
1622 2057 1661 2093 in
1690 2069 1731 2093 re

237 2119 452 2163 comparata
485 2130 570 2153 usus
609 2120 666 2154 est
698 2130 790 2154 voce
823 2119 974 2165 diluvii3
1002 2119 1067 2154 sed
1105 2120 1234 2154 tamen
1273 2117 1452 2153 diluvium
1488 2129 1557 2163 pro
1592 2128 1731 2163 magna

237 2177 453 2212 calamitate
480 2177 614 2212 dicitur
640 2178 755 2213 etiam
780 2178 878 2223 apud
902 2178 1013 2223 Verg.
1040 2178 1130 2214 Aen.
1157 2177 1239 2223 VII,
1265 2176 1345 2212 228.

330 2236 411 2271 396.
460 2237 562 2280 spira
588 2239 644 2272 est
671 2237 779 2272 crinis
806 2237 843 2272 in
869 2238 1007 2282 spiram
1034 2236 1225 2272 formatus.

331 2295 411 2330 397.
462 2299 515 2331 ter
555 2301 692 2331 eentum
733 2318 777 2323 —
822 2297 947 2342 hydris
988 2297 1087 2342 spira
1129 2296 1299 2342 squalere
1330 2295 1445 2330 nimia
1477 2294 1729 2340 superlatione

241 2354 387 2390 dicitur.

308 2413 388 2449 398.
439 2413 538 2450 Scite
576 2416 686 2460 poeta
718 2415 814 2450 solos
848 2427 959 2461 equos
985 2415 1066 2450 visu
1100 2415 1239 2460 aegidis
1266 2414 1464 2451 exterritos
1490 2414 1627 2455 narrat,
1655 2422 1730 2449 non

237 2474 364 2513 hostes
389 2473 498 2519 ipsos,
526 2474 588 2519 qui
613 2474 643 2508 si
668 2475 777 2509 deam
792 2474 1002 2510 terribilem
1017 2486 1167 2520 pugnae
1184 2474 1365 2510 interesse
1382 2473 1573 2516 vidissent,
1599 2473 1727 2508 statim

238 2532 330 2578 fuga
355 2533 515 2569 salutem
539 2533 724 2579 petissent
748 2534 860 2578 atque
877 2533 995 2577 gloria
1011 2533 1195 2569 victorum
1211 2545 1360 2579 prorsus
1382 2532 1603 2574 evanuisset,
1631 2542 1727 2577 quae

237 2592 299 2628 vel
330 2592 383 2628 sic
416 2593 506 2628 satis
539 2592 632 2628 levis
658 2593 730 2633 est;
767 2593 933 2628 ceterum
959 2592 1005 2628 de
1033 2593 1134 2637 equis
1169 2592 1303 2637 aegide
1327 2591 1491 2627 turbatis
1518 2590 1583 2627 cfr.
1611 2591 1727 2627 etiam

239 2651 326 2687 Luc.
351 2652 434 2693 VII,
460 2651 545 2699 5703
571 2651 666 2687 Stat.
693 2651 810 2687 Theb.
836 2651 897 2692 VI,
923 2651 991 2696 501
1019 2663 1122 2698 seqq.
1296 2675 1298 2677 v

335 2712 415 2748 399.
464 2715 641 2756 retorquet
666 2711 761 2751 Vat..
787 2714 988 2755 retorquent
1014 2711 1222 2752 Columbus,
1249 2722 1297 2746 sc.
1326 2710 1419 2755 equi.
