1890 3100
575 237 964 276 ARGONAVTIGON
987 237 1136 273 LIBER.
1159 237 1224 272 IV.
1557 236 1644 279 337

265 360 335 399 vel
361 360 466 399 freta
491 373 612 398 versa
638 358 765 405 vadis,
794 358 968 396 hiemem
996 357 1054 400 sic
1081 355 1192 394 unda
1218 369 1292 407 per
1319 368 1479 393 omnem
1650 359 1706 389 ⁷2⁵

268 431 339 464 aut
366 439 505 477 campo
533 426 650 470 iacet„
679 430 749 462 aut
774 422 927 461 tumido
954 422 1060 473 riget
1086 421 1212 459 ardua
1238 421 1374 466 fluctu,

271 497 393 543 atque
421 491 497 528 hac
525 490 732 541 Europam
758 488 890 527 curvis
919 486 1165 525 anfractibus
1193 491 1350 536 urguet,

269 556 347 595 hac
374 556 514 594 Asiam
543 554 779 606 Scythicum
806 552 941 604 specie
971 552 1153 590 sinuatus
1180 551 1223 588 in
1251 564 1398 588 arcum.

270 621 353 659 illic
380 620 592 658 umbrosae
620 632 780 670 semper
807 623 914 656 stant
942 630 1118 668 aequore
1146 616 1276 654 nubes

270 693 311 725 et
337 700 419 724 non
447 691 557 724 certa
585 684 684 730 dies,
712 684 838 735 primo
866 696 943 720 nec
971 681 1058 720 sole
1086 680 1327 733 profundum
1653 679 1710 709 ⁷ae

269 751 438 790 solvitur
464 756 533 788 aut
560 749 693 788 vernis
723 762 812 786 cum
839 748 911 785 lux
939 754 1113 799 aequata
1139 746 1330 792 tenebris,

268 816 342 855 sed
367 810 473 854 redit
500 820 678 853 extremo
706 813 870 852 tandem
897 813 939 850 in
968 826 1043 850 sua
1069 812 1187 850 litora
1212 811 1361 849 Tauro.

318 881 405 919 Iam
432 879 708 931 Mariandynis
737 878 911 917 advertit
937 878 1081 930 puppis
1110 878 1285 919 harenis.

158 989 263 1029 vestit,
289 987 389 1033 quod
411 987 574 1032 plerique
599 985 833 1031 scripserunt,
859 995 950 1020 sana
974 985 1155 1020 sententia.
1178 990 1290 1024 caret,
1316 995 1400 1018 cum
1424 983 1521 1028 rigor
1550 994 1655 1018 ursae

159 1057 288 1082 amnes
322 1046 497 1081 immotos
533 1057 603 1080 non
641 1044 863 1081 inveniat.
900 1043 967 1079 sed
1004 1043 1184 1085 reddat;
1211 1054 1331 1088 neque
1369 1042 1454 1078 licet
1478 1053 1547 1088 per
1570 1053 1654 1087 pro-

162 1105 281 1152 lepsin
307 1104 494 1151 explicare
533 1105 694 1139 immotos
731 1103 964 1143 adieetivum,
994 1104 1023 1138 si
1054 1103 1150 1137 hanc
1169 1102 1415 1138 coniecturam
1442 1102 1654 1147 probamus3

159 1165 263 1206 licet,
280 1165 310 1200 si
334 1164 521 1200 scribimus
546 1164 703 1199 incubat.

257 1224 338 1260 725.
384 1224 482 1267 freta
504 1234 607 1258 versa
631 1223 734 1258 vadis
757 1234 805 1258 se.
832 1224 928 1262 sunt,
954 1224 976 1258 i.
1004 1234 1034 1258 e.
1061 1222 1166 1257 undis
1191 1223 1236 1257 ex
1251 1222 1327 1258 imo
1353 1223 1463 1257 fundo
1487 1220 1655 1259 sublatis,

160 1286 204 1320 ut
230 1283 429 1329 Charybdis
455 1283 587 1318 dicitur
611 1282 727 1317 fluctu
750 1282 826 1317 imo
851 1293 1069 1327 consurgere
1094 1281 1172 1318 Tib.
1198 1281 1263 1321 IV,
1290 1282 1323 1323 1,
1349 1281 1405 1315 74.

258 1342 338 1378 726.
386 1353 534 1386 campus
557 1341 704 1387 saepius
717 1353 740 1376 a
751 1341 874 1386 poetis
899 1341 1112 1386 superficies
1136 1340 1250 1375 maris
1266 1340 1491 1381 nominatur,
1508 1341 1553 1375 de
1570 1351 1654 1385 qua

156 1415 204 1439 re
230 1403 294 1438 cfr.
321 1403 366 1437 ad
405 1401 450 1446 V,
475 1401 567 1443 307;
591 1401 659 1436 hoc
683 1402 810 1436 autem
834 1400 913 1436 loco
943 1400 1031 1436 ideo
1063 1400 1209 1435 accedit
1237 1399 1355 1445 magis
1390 1401 1435 1435 ad
1464 1399 1655 1444 propriam

163 1463 364 1506 notionem,
388 1461 472 1506 quia
496 1460 542 1495 de
566 1460 755 1505 superficie
781 1460 969 1503 congelata
994 1461 1033 1495 et
1057 1459 1165 1494 firma
1189 1459 1357 1495 Valerius
1381 1458 1530 1504 cogitat.

258 1521 395 1556 tumido
425 1521 517 1565 riqa
540 1520 659 1554 ardua
679 1520 807 1562 fluam
834 1519 890 1553 ‘ad
916 1519 1099 1554 montium
1125 1518 1361 1554 altitudinem
1373 1518 1506 1553 fluctus
1532 1518 1652 1563 erigiv

163 1581 340 1626 Wagner.
401 1579 540 1615 Contra
572 1579 759 1614 Burmann
783 1579 897 1614 etiam
921 1579 1017 1616 haec
1047 1578 1162 1613 verba
1187 1578 1234 1614 de
1257 1578 1383 1623 specie
1406 1578 1564 1622 glaciata
1588 1589 1651 1613 ex-

162 1640 291 1686 plicat,
329 1639 427 1685 quod
462 1650 536 1674 non
573 1638 897 1673 accommodatum
921 1639 979 1672 est
1004 1637 1068 1678 eis,
1106 1649 1201 1682 quae
1230 1637 1471 1682 praecedunt.
1499 1637 1654 1682 Rigendi

163 1700 277 1734 verbo
319 1698 366 1733 de
406 1698 516 1732 undis
561 1698 630 1733 hoc
667 1698 742 1732 loco
781 1708 865 1732 usus
899 1699 957 1732 est
981 1697 1159 1737 Valerius.
1196 1700 1238 1731 ut
1274 1696 1354 1731 aliis
1391 1696 1479 1732 locis
1520 1696 1657 1742 legitur

162 1758 308 1794 honere
330 1758 459 1793 hor-ror
481 1757 732 1800 inhorrescere,
757 1756 858 1791 velut
882 1756 912 1797 L
938 1756 1020 1792 652.

260 1817 341 1853 727.
390 1820 521 1861 anyuet
543 1816 637 1856 Vat„
663 1820 789 1861 urqud
812 1815 994 1850 Heinsius.
1094 1803 1101 1814 ⁵

260 1875 340 1911 728.
392 1876 593 1921 Scythicum
618 1897 666 1901 —
688 1875 856 1910 sinuattoe
888 1876 928 1909 in
952 1886 1091 1918 arcuna
1118 1875 1165 1910 de
1203 1886 1242 1910 re
1281 1874 1347 1911 cfr.
1381 1875 1472 1910 Plin.
1502 1875 1566 1911 IV.
1593 1875 1656 1918 763

165 1938 285 1972 Amm.
311 1935 430 1975 XXII,
456 1934 490 1973 8,
517 1934 578 1976 10;
605 1933 726 1970 Strab.
743 1934 794 1976 11,
822 1934 853 1974 5,
873 1934 935 1975 22;
963 1934 1088 1979 Pomp.
1116 1934 1199 1970 Mel.
1225 1934 1255 1977 Ι,
1283 1934 1347 1976 19;
1373 1934 1490 1970 Prisc.
1515 1934 1657 1980 perieg.

164 1994 232 2029 147
258 2005 376 2039 seqq.;
403 1987 529 2029 Avien.
557 1994 630 2028 orb.
657 1992 744 2034 238;
781 1993 906 2028 Manil.
945 1993 1006 2032 IV.
1032 1993 1119 2035 7553
1144 1994 1190 2029 de
1226 1993 1411 2029 locutione
1460 1994 1527 2030 Ov.
1567 1995 1656 2030 met·

163 2053 261 2094 xlv.
287 2053 345 2090 51.

258 2112 339 2148 730.
389 2111 536 2148 Glacies
551 2112 704 2147 solvitur
727 2123 797 2147 nec
822 2111 964 2147 oriente
988 2112 1065 2147 sole
1091 2123 1161 2148 nec
1185 2113 1336 2148 ineunte
1362 2124 1457 2157 vere,
1484 2113 1551 2148 sed
1575 2124 1659 2148 oum

163 2172 220 2207 sol
242 2173 322 2207 fere
339 2183 390 2220 px
414 2171 516 2216 signo
542 2171 654 2205 Tauri
679 2171 765 2211 exit,
791 2171 831 2205 id
856 2173 915 2206 est
939 2171 1016 2206 fem
1041 2171 1110 2206 sub
1135 2171 1247 2207 finem
1273 2172 1412 2208 mensis
1437 2172 1537 2207 Maii.

259 2231 341 2269 732.
389 2231 481 2266 redit
505 2232 545 2266 in
579 2242 648 2266 sua
684 2231 790 2265 litora
814 2242 886 2265 non
911 2231 1009 2275 quod
1046 2233 1161 2266 antea
1192 2243 1303 2277 super
1328 2232 1439 2268 litora
1475 2232 1658 2267 redunda-

166 2290 273 2334 verit,
297 2291 362 2326 sed
387 2290 579 2335 congelato
603 2290 700 2324 mari
725 2290 850 2325 omnia
874 2290 982 2325 firma
1012 2292 1101 2325 sunt
1131 2292 1245 2336 atque
1258 2291 1371 2326 litora
1396 2292 1499 2336 quasi
1525 2302 1658 2326 evanu-

169 2352 290 2391 erunt3
315 2349 435 2385 soluta
457 2349 574 2394 glacie
600 2352 723 2384 autem
749 2349 867 2384 undae
892 2361 1015 2384 rursus
1039 2350 1139 2384 intra
1162 2350 1274 2385 litora
1298 2350 1425 2386 fluunt.

262 2407 343 2444 733.
391 2407 436 2443 In
459 2408 609 2443 brevius
634 2408 821 2443 contraxit
846 2408 1024 2449 Valerius,
1052 2421 1147 2454 quae
1172 2410 1289 2455 Apoll.
1317 2410 1367 2453 ΙΙ,
1394 2409 1585 2445 650-670
1611 2409 1657 2445 de

169 2476 275 2502 cursu
299 2467 487 2509 narravit3
512 2467 659 2503 omnino
685 2467 816 2508 omisit.
843 2479 938 2513 quae
976 2469 1091 2504 habet
1119 2471 1231 2514 poeta
1248 2470 1407 2505 Graecus
1427 2470 1473 2505 de
1491 2470 1657 2515 Apolline

170 2530 374 2571 apparente
411 2530 448 2562 et
485 2526 532 2562 de
569 2526 683 2562 sacris
715 2527 763 2562 ab
788 2527 1012 2572 Argonautis
1037 2529 1141 2564 factis
1165 2529 1364 2564 671—720.
1417 2529 1658 2565 Consentiunt

170 2587 303 2629 poetae
326 2586 363 2620 in
379 2596 433 2630 eo,
460 2586 559 2631 quod
576 2585 678 2631 apud
695 2586 961 2631 Mariandynos
974 2588 1210 2632 Argonautae
1230 2589 1392 2633 benigne
1411 2588 1655 2633 excipiuntur,

171 2643 239 2680 nod
263 2655 359 2689 quae
375 2645 429 2680 ibi
442 2645 614 2680 dicuntur
631 2637 670 2681 οἳ
693 2647 850 2690 aguntur
873 2648 973 2682 teste
987 2647 1181 2692 Apollom'o
1200 2648 1399 2687 720—900.
1426 2659 1556 2683 eorum
1573 2659 1655 2692 par-

173 2705 251 2738 tem
274 2706 414 2738 tantum
439 2708 586 2739 secutus
612 2706 671 2740 est
699 2704 874 2741 Valerius.
