1890 3100
525 860 582 935 Ο.
634 861 983 935 VALERI
1044 862 1379 937 FLAOGJ

420 996 1488 1090 ARGONAVTIGON

656 1148 896 1190 LIBER
943 1148 1261 1193 SEXTVS.

355 1334 438 1420 At
466 1379 565 1431 vigil
592 1380 721 1418 isdem
751 1380 864 1419 ardet
893 1380 1005 1419 furiis
1036 1379 1237 1419 Gradivus
1268 1386 1308 1419 et
1336 1381 1417 1419 acri

317 1445 435 1484 corde
464 1451 603 1492 tumet,
634 1459 710 1484 nec
740 1459 838 1498 quas
869 1446 988 1493 acies,
1019 1459 1122 1498 quae
1153 1451 1284 1484 castra
1312 1452 1512 1498 sequatur,

313 1511 485 1559 invenit3
514 1511 572 1549 ire
601 1511 735 1563 placet
762 1511 924 1550 tandem
953 1524 1227 1563 praesensque
1256 1511 1371 1558 tueri,
1431 1502 1437 1508 ⁴

316 1583 494 1615 sternere
525 1577 558 1614 si
586 1577 745 1627 Minyas
774 1590 1000 1629 magnoque
1029 1576 1250 1628 rependere
1280 1576 1391 1615 luctu

314 1642 420 1693 regis
450 1647 569 1694 pacta
597 1648 719 1694 queat
749 1642 992 1694 Graiamque
1022 1642 1232 1680 absumere
1261 1642 1420 1693 pubem.

313 1707 469 1759 impulit
496 1708 589 1745 hinc
618 1720 767 1753 currus,
797 1712 1017 1745 monstrum
1045 1706 1309 1745 irrevocabile
1337 1706 1435 1745 belli

316 1773 563 1820 concutiens,
596 1772 872 1824 Scythiaeque
903 1786 1024 1824 super
1051 1772 1225 1810 tentoria
1254 1772 1368 1810 sistit.

317 1838 498 1890 protinus
529 1851 551 1876 e
581 1837 722 1876 castris
752 1837 856 1888 fugit
885 1851 1020 1889 sop0r3
1059 1837 1190 1876 excita
1217 1836 1311 1884 tela,

306 1980 337 2016 1.
387 1980 498 2015 isdem
523 1980 623 2015 ardet
645 1980 757 2022 furiis
781 1991 831 2016 so.
858 1981 972 2024 atque
999 1982 1086 2015 ante
1113 1979 1323 2014 orationem
1347 1978 1456 2014 Iovis.

303 2040 336 2075 2.
386 2039 546 2074 Dubitat
570 2039 681 2081 Mars,
715 2041 840 2074 utrum
865 2039 1005 2074 Persen
1030 2039 1143 2079 iuvet,
1172 2038 1258 2083 quia
1296 2038 1404 2073 simul
1439 2038 1597 2074 Aeetam
1633 2038 1700 2073 im-

209 2100 403 2145 pugnaret,
439 2099 470 2134 si
494 2099 534 2134 id
559 2098 710 2139 faceret,
737 2110 785 2134 an
810 2099 953 2134 Aeetae
980 2098 1116 2143 faveat,
1143 2109 1232 2132 nam
1268 2109 1311 2133 ea
1349 2097 1560 2133 conditione
1586 2097 1700 2133 etiam

208 2158 354 2203 Minyas
379 2158 418 2192 in
441 2169 570 2203 pugna
595 2158 754 2194 iuvaret.

303 2217 337 2254 3.
386 2218 499 2253 videri
524 2217 618 2262 vat„
645 2219 737 2253 tueri
763 2217 843 2254 cod.
872 2216 984 2258 carr„
1013 2216 1079 2252 cfr.
1105 2216 1188 2253 VII.
1237 2215 1323 2262 5033
1367 2226 1588 2261 quamquam
1626 2215 1700 2251 for-

209 2278 311 2312 tasse
336 2279 438 2312 recte
463 2276 638 2314 Vaticani
663 2277 847 2321 scriptura
873 2275 1045 2311 defendit
1070 2275 1257 2310 Summers
1284 2274 1365 2311 coll.
1392 2274 1457 2310 Ov.
1484 2275 1571 2310 met.
1599 2274 1695 2317 XIV,

210 2336 278 2371 727
305 2336 412 2371 adero
431 2346 673 2380 praesensque
697 2336 863 2377 videbor3
890 2335 1141 2371 nominativus
1174 2345 1347 2379 praesen-s
1383 2333 1554 2368 scribitur
1591 2333 1698 2380 quasi

210 2394 457 2441 praecesserit
481 2396 534 2430 ire
559 2395 752 2430 constituit.

305 2455 337 2490 5.
382 2465 542 2499 puppem
567 2454 663 2495 Vat„
685 2454 814 2498 pubem
843 2454 899 2489 ed.
930 2453 1021 2488 Bon.
1051 2454 1090 2488 et
1114 2453 1209 2495 Aid„
1235 2451 1308 2487 vid.
1336 2451 1377 2492 V,
1404 2450 1483 2487 621.

306 2514 339 2552 6,
389 2517 583 2549 monstrum
608 2513 835 2548 irrevocabile
860 2513 939 2547 belli
963 2513 1074 2547 hasta
1112 2513 1215 2547 recte
1255 2510 1462 2556 explicatur
1500 2510 1547 2545 ab
1583 2509 1698 2546 inter·

213 2573 394 2619 metibus,
421 2573 488 2608 cfr.
517 2572 644 2608 Claud.
670 2572 710 2606 in
727 2573 876 2617 Eutrop.
895 2571 941 2615 11,
979 2571 1057 2616 166,
1083 2571 1148 2606 ubi
1161 2571 1258 2606 Mars
1276 2570 1369 2604 dans
1387 2569 1532 2614 signum
1550 2580 1699 2615 pugnae

216 2632 456 2668 describitur:
494 2635 579 2667 tum
611 2631 800 2666 adamante
823 2641 965 2676 yravem
989 2631 1160 2675 nodisque
1184 2630 1379 2675 rigentibus
1414 2630 1551 2665 hastam
1583 2629 1700 2664 Telum

215 2693 340 2737 inqens
364 2692 521 2736 nullique
545 2691 608 2726 deo
633 2690 820 2726 iaculabile
845 2691 967 2727 torsit.'
