1890 3100
237 243 321 286 124
753 242 792 280 C.
816 242 996 278 VALERI
1021 243 1142 280 FLAC
1148 243 1195 280 CI

340 360 399 398 illi
429 360 545 400 avide
576 367 790 413 exceptum
818 363 965 414 pateris
994 363 1166 402 hausere
1196 377 1386 402 eruorem.

446 426 511 464 Fit
539 426 689 477 fragon
719 427 949 478 inrumpunt
979 429 1110 467 sonitu
1139 430 1207 481 qui
1235 443 1358 468 saeva
1385 429 1568 469 ferebant

339 491 505 542 imperia
533 497 573 530 et
603 493 759 530 strictos
788 493 906 531 iussis
935 493 1137 545 regalibus
1167 508 1297 533 enses.
1714 504 1768 534 820

339 556 380 594 in
408 556 540 595 media
567 557 646 595 iam
674 563 800 596 morte
831 571 948 596 senes
979 559 1223 612 suffectaque
1254 559 1335 598 leto

338 621 489 660 lumina
518 628 558 661 et
586 622 753 668 undanti
782 629 1034 662 revomentes
1063 630 1177 676 peste
1208 639 1388 663 cruorem

340 688 605 739 conspiciunt3
635 688 843 741 primoque
872 688 1011 727 rudem
1041 690 1113 728 sub
1142 689 1277 729 limine
1307 704 1438 729 rerum

338 757 390 799 te,
421 766 531 803 puer,
563 758 604 791 et
632 754 720 791 visa
746 753 965 805 pallentem
993 760 1118 793 morte
1147 762 1356 807 parentum

340 817 528 869 diripiunt
556 817 786 870 adduntque
816 819 906 857 tuis.
963 820 1101 871 procul
1129 821 1281 859 horruit
1309 821 1447 860 Aeson
1713 829 1766 858 825

231 930 270 965 et
294 930 355 971 VI,
382 930 468 976 6053
497 930 562 966 cfr.
582 930 677 967 Stat.
698 931 815 967 Theb.
842 932 1009 971 V11,477
1035 932 1272 968 Eumenidum
1297 935 1561 979 antiquissimam
1588 934 1712 980 Eurip.

230 989 350 1035 Iphig.
377 989 485 1024 Taur.
512 990 582 1025 963
607 989 767 1052 πρέσβειρ’
793 990 875 1036 ἥπερ
900 993 940 1036 ἧν
965 994 1132 1037 Ἐρινύων.

324 1060 404 1097 818.
443 1061 534 1096 Post
558 1061 656 1096 hunc
681 1073 830 1097 versum
853 1072 981 1097 versus
1007 1073 1118 1107 supra
1134 1063 1291 1098 tractati
1316 1063 1513 1106 781-784,
1528 1064 1712 1111 siquidem

229 1120 350 1156 locum
377 1125 518 1156 certum
547 1120 598 1156 eis
617 1120 785 1156 Valerius
811 1121 887 1156 iam
901 1121 1044 1163 tribuit,
1072 1121 1194 1167 aptius
1219 1122 1331 1158 inseri
1354 1134 1462 1168 posse
1486 1124 1574 1169 puto
1601 1135 1713 1170 quam

228 1179 304 1215 ullo
335 1179 406 1215 alio
435 1180 532 1215 loco:
573 1179 711 1215 etenim
745 1191 828 1215 cum
857 1191 896 1216 se
929 1180 1000 1225 ipsi
1034 1180 1262 1216 interficiant
1290 1183 1413 1217 Aeson
1446 1183 1485 1218 et
1509 1181 1711 1224 Alcimede,

228 1250 304 1274 non
321 1238 451 1273 statim
476 1238 524 1274 ad
542 1239 649 1274 sedes
674 1238 878 1274 inferorum
905 1239 955 1275 eis
974 1239 1079 1275 adire
1095 1239 1242 1275 licuisse
1258 1240 1400 1286 fingere
1416 1242 1569 1287 poterat
1587 1242 1710 1286 poeta,

228 1297 299 1333 nisi
336 1299 449 1334 antea
474 1298 644 1334 Hecaten
680 1299 719 1334 et
750 1298 880 1334 domus
919 1297 1066 1344 Stygias
1099 1299 1362 1345 placavissent,
1390 1300 1457 1338 cfr.
1482 1301 1595 1346 Verg.
1620 1300 1712 1337 Aen.

228 1357 293 1398 VI,
317 1357 387 1392 434
412 1369 528 1404 seqq„
555 1357 619 1392 ubi
644 1369 720 1393 non
746 1361 903 1395 eandem
929 1358 1079 1405 quidem
1110 1370 1280 1405 poenam,
1312 1359 1379 1395 sed
1402 1360 1531 1395 tamen
1555 1370 1712 1405 poenam

226 1416 387 1462 irrogari
412 1417 464 1453 eis
489 1418 552 1462 qui
575 1417 644 1453 sibi
669 1418 773 1452 letum
797 1419 954 1453 insontes
973 1428 1142 1462 peperere
1166 1430 1275 1453 manu
1300 1419 1485 1457 narratur.

322 1488 403 1526 819.
451 1490 590 1524 sonitus
626 1489 729 1533 Vat,;
771 1490 891 1524 sonitu
929 1489 1049 1526 Vatic.
1093 1489 1202 1535 1653;
1244 1489 1290 1525 de
1328 1490 1396 1525 hoc
1435 1490 1601 1526 ablativo
1644 1490 1710 1526 cfr.

229 1547 278 1582 ad
305 1547 382 1582 158.

322 1617 403 1654 821.
452 1619 567 1654 media
599 1639 642 1645 —
677 1622 787 1654 morte
817 1618 884 1660 ΙΙΙ,
920 1619 1005 1662 326;
1032 1619 1142 1664 Verg.
1170 1618 1261 1655 Aen.
1288 1619 1335 1661 II,
1368 1619 1448 1656 533.
1497 1620 1712 1666 suffectaque

224 1679 290 1714 leto
316 1679 467 1714 lumina:
494 1679 652 1714 mortem
670 1678 1034 1726 appropinquantem
1060 1678 1155 1714 oculi
1180 1678 1348 1714 indicant
1373 1679 1453 1714 ‘Die
1470 1679 1603 1724 Augen
1627 1679 1711 1715 sind

224 1737 461 1782 gebrochen',
481 1736 622 1772 dictum
636 1748 682 1772 ex
699 1737 939 1772 similitudine
957 1737 1182 1773 locutionum
1201 1748 1296 1784 quae
1313 1739 1414 1773 sunt:
1430 1739 1522 1774 oculi
1537 1739 1711 1784 sanquine

221 1795 362 1838 suffecti
386 1796 497 1841 Verg.
533 1796 623 1832 Aen.
659 1796 709 1842 Π,
741 1796 827 1838 210;
865 1798 1012 1832 maculis
1042 1796 1190 1839 suffecta
1221 1807 1331 1842 qenes
1354 1796 1436 1834 Val.
1462 1797 1509 1843 Π,
1538 1797 1624 1840 105;
1663 1798 1712 1834 de

223 1855 338 1892 oculis
363 1855 602 1891 morientium
626 1859 738 1901 Verg.
770 1856 861 1892 Aen.
888 1859 932 1898 X,
964 1856 1034 1891 418
1066 1857 1132 1892 leto
1158 1877 1202 1882 —
1229 1857 1365 1892 lumina
1387 1858 1509 1899 solvit;
1550 1857 1614 1903 XI,
1639 1858 1710 1894 818

224 1915 394 1950 labuntur
416 1915 554 1960 friqida
578 1916 644 1950 leto
669 1916 814 1952 lumina.

320 1985 401 2022 822.
449 1990 541 2021 veste
565 1987 668 2029 Vat.;
689 1990 791 2031 peste
815 1986 970 2032 Madvig
995 1987 1078 2023 adv.
1104 1987 1153 2027 II,
1182 1987 1266 2029 136;
1294 1987 1340 2023 de
1365 1987 1528 2023 undandi
1552 1988 1705 2024 notione

225 2044 292 2080 cfr.
320 2045 368 2080 ad
395 2045 475 2081 539.

316 2115 396 2151 823.
442 2117 630 2162 primoque
657 2138 699 2143 —
725 2118 790 2152 sub
816 2118 949 2159 limine;
977 2118 1068 2153 duas
1098 2118 1292 2163 proposuit
1324 2118 1590 2163 explicationes
1614 2118 1707 2153 Bur-

221 2186 344 2216 mann,
385 2175 556 2221 alteram,
595 2188 669 2222 qua
693 2176 811 2212 verba
836 2177 928 2212 haec
953 2177 1164 2222 significent
1188 2177 1384 2213 introitum
1418 2178 1458 2213 et
1481 2176 1706 2213 vestibulum

222 2233 388 2278 aedium3
415 2235 455 2269 at
472 2245 579 2269 sacra
597 2234 690 2270 facit
706 2234 830 2270 Aeson
855 2246 927 2271 non
952 2235 991 2270 in
1017 2235 1181 2277 aedibus,
1209 2235 1326 2271 sedin
1350 2235 1442 2278 luco,
1470 2247 1586 2282 quare
1610 2235 1707 2271 falsa

224 2293 281 2328 est
307 2292 419 2328 etiam
445 2293 588 2328 Heinsii
614 2294 826 2330 coniectura
844 2294 991 2330 Thiloni
1015 2295 1176 2340 probata
1201 2295 1398 2331 scribentis
1423 2307 1458 2331 v.
1475 2295 1545 2330 819
1566 2295 1707 2338 foribus

221 2363 289 2398 pro
314 2354 443 2388 sonitu.
494 2352 625 2388 Limen
661 2353 822 2398 primum
858 2353 973 2399 igitur
1004 2354 1144 2389 dictum
1177 2355 1233 2390 est
1265 2355 1312 2390 de
1342 2354 1504 2400 pueritia
1534 2355 1575 2390 et
1598 2354 1705 2390 initio

221 2411 322 2447 vitae
353 2412 397 2446 ut
422 2411 490 2453 III,
531 2412 617 2454 6793
657 2424 768 2459 quem
804 2415 1003 2459 praeterea
1040 2413 1163 2449 locum
1199 2414 1390 2449 Burmann
1428 2413 1556 2449 attulit
1591 2414 1703 2459 Verg.

222 2471 313 2508 Aen.
339 2470 402 2517 VI,
426 2471 508 2514 427,
547 2472 656 2508 aliter
694 2473 933 2518 explicandus
973 2475 1042 2509 est.
1104 2475 1226 2520 Atque
1264 2473 1415 2508 additur
1448 2473 1527 2509 fere
1559 2484 1705 2518 semper

221 2530 417 2576 genetivus
454 2532 561 2566 vitae:
601 2531 687 2566 Luc.
726 2531 773 2573 II,
807 2531 892 2578 1063
931 2532 1014 2568 Sen.
1056 2533 1164 2570 Here.
1202 2532 1273 2568 fur.
1307 2532 1414 2576 11333
1453 2531 1547 2567 Stat.
1586 2532 1704 2569 Theb.

227 2584 263 2631 V,
290 2590 376 2638 260;
413 2589 500 2636 535;
525 2589 605 2631 VII,
637 2590 705 2626 166
714 2607 721 2637 ;
751 2590 876 2627 Claud.
904 2592 950 2627 de
975 2591 1044 2627 III.
1078 2603 1176 2627 cons.
1203 2591 1297 2629 Hon.
1323 2591 1384 2633 10,
1411 2591 1458 2626 de
1482 2590 1582 2627 laud.
1620 2591 1703 2627 Stil.

221 2649 269 2690 II,
297 2649 342 2684 63
369 2650 407 2684 et
433 2649 494 2686 Sil.
521 2649 622 2690 XIII,
649 2649 718 2685 548
746 2650 872 2696 (lucis).
954 2679 957 2682 Δ

315 2709 394 2744 825.
446 2709 631 2754 diripiunt,
657 2709 802 2745 laniant
825 2711 867 2745 ut
892 2709 940 2751 ΙΙ,
959 2710 1029 2745 240
1056 2710 1245 2751 Thressas;
1290 2709 1436 2755 Coripp.
1456 2709 1533 2745 Ioh.
1552 2709 1613 2751 IV,
1635 2709 1702 2745 146
