<?xml version="1.0" encoding="UTF-8"?>
<!DOCTYPE html PUBLIC "-//W3C//DTD XHTML 1.0 Transitional//EN"
    "http://www.w3.org/TR/xhtml1/DTD/xhtml1-transitional.dtd">
<html xmlns="http://www.w3.org/1999/xhtml" xml:lang="en" lang="en">
 <head>
  <title>
</title>
<meta http-equiv="Content-Type" content="text/html;charset=utf-8" />
  <meta name='ocr-system' content='tesseract 3.04.00' />
  <meta name='ocr-capabilities' content='ocr_page ocr_carea ocr_par ocr_line ocrx_word'/>
</head>
<body>
  <div class='ocr_page' id='page_1' title='image "argonauticonlibr00valeuoft_0435.png"; bbox 0 0 1890 3100; ppageno 0'>
   <div class='ocr_carea' id='block_1_1' title="bbox 567 260 1621 310">
    <p class='ocr_par' dir='ltr' id='par_1_1' title="bbox 567 260 1621 310">
     <span class='ocr_line' id='line_1_1' title="bbox 567 260 1621 310; baseline 0.008 -13"><span class='ocrx_word' id='word_1_1' title='bbox 567 261 951 298; x_wconf 82' lang='lat' dir='ltr'>ARGONAVTICON</span> <span class='ocrx_word' id='word_1_2' title='bbox 976 260 1122 296; x_wconf 86' lang='lat' dir='ltr'><strong>LIBER</strong></span> <span class='ocrx_word' id='word_1_3' title='bbox 1145 260 1208 296; x_wconf 90' lang='lat' dir='ltr'><strong>VI.</strong></span> <span class='ocrx_word' id='word_1_4' title='bbox 1436 308 1439 310; x_wconf 42' lang='grc'>,</span> <span class='ocrx_word' id='word_1_5' title='bbox 1536 262 1621 304; x_wconf 85' lang='grc'><strong>417</strong></span> 
     </span>
    </p>
   </div>
   <div class='ocr_carea' id='block_1_2' title="bbox 250 379 1679 888">
    <p class='ocr_par' dir='ltr' id='par_1_2' title="bbox 251 379 1328 434">
     <span class='ocr_line' id='line_1_2' title="bbox 251 379 1328 434; baseline -0.004 -13"><span class='ocrx_word' id='word_1_6' title='bbox 251 382 405 434; x_wconf 84' lang='lat' dir='ltr'><strong>tigridis</strong></span> <span class='ocrx_word' id='word_1_7' title='bbox 433 388 503 420; x_wconf 91' lang='lat' dir='ltr'><strong>aut</strong></span> <span class='ocrx_word' id='word_1_8' title='bbox 531 395 677 420; x_wconf 86' lang='lat' dir='ltr'><strong>saevae</strong></span> <span class='ocrx_word' id='word_1_9' title='bbox 705 381 863 433; x_wconf 83' lang='lat' dir='ltr'>profugi</span> <span class='ocrx_word' id='word_1_10' title='bbox 890 394 981 419; x_wconf 91' lang='lat' dir='ltr'><strong>cum</strong></span> <span class='ocrx_word' id='word_1_11' title='bbox 1006 379 1120 432; x_wconf 91' lang='lat' dir='ltr'><strong>prole</strong></span> <span class='ocrx_word' id='word_1_12' title='bbox 1146 379 1328 426; x_wconf 87' lang='lat' dir='ltr'><strong>leaenae,</strong></span> 
     </span>
    </p>

    <p class='ocr_par' dir='ltr' id='par_1_3' title="bbox 251 444 1365 500">
     <span class='ocr_line' id='line_1_3' title="bbox 251 444 1365 500; baseline -0.005 -13"><span class='ocrx_word' id='word_1_13' title='bbox 251 454 484 500; x_wconf 87' lang='lat' dir='ltr'><strong>maestaque</strong></span> <span class='ocrx_word' id='word_1_14' title='bbox 513 453 723 499; x_wconf 80' lang='lat' dir='ltr'><strong>suspectae</strong></span> <span class='ocrx_word' id='word_1_15' title='bbox 751 452 879 485; x_wconf 84' lang='lat' dir='ltr'><strong>mater</strong></span> <span class='ocrx_word' id='word_1_16' title='bbox 905 451 1040 497; x_wconf 81' lang='lat' dir='ltr'><strong>stupet</strong></span> <span class='ocrx_word' id='word_1_17' title='bbox 1066 457 1215 496; x_wconf 82' lang='lat' dir='ltr'><strong>aggere</strong></span> <span class='ocrx_word' id='word_1_18' title='bbox 1242 444 1365 495; x_wconf 82' lang='lat' dir='ltr'><strong>ripae.</strong></span> 
     </span>
    </p>

    <p class='ocr_par' dir='ltr' id='par_1_4' title="bbox 250 509 1679 627">
     <span class='ocr_line' id='line_1_4' title="bbox 250 509 1679 565; baseline -0.004 -14"><span class='ocrx_word' id='word_1_19' title='bbox 250 512 406 565; x_wconf 84' lang='lat' dir='ltr'><strong>impulit</strong></span> <span class='ocrx_word' id='word_1_20' title='bbox 434 519 475 551; x_wconf 88' lang='lat' dir='ltr'><strong>et</strong></span> <span class='ocrx_word' id='word_1_21' title='bbox 503 511 644 550; x_wconf 86' lang='lat' dir='ltr'><strong>dubios</strong></span> <span class='ocrx_word' id='word_1_22' title='bbox 671 511 833 550; x_wconf 79' lang='lat' dir='ltr'><strong>Phrixei</strong></span> <span class='ocrx_word' id='word_1_23' title='bbox 859 510 1022 549; x_wconf 86' lang='lat' dir='ltr'><strong>velleris</strong></span> <span class='ocrx_word' id='word_1_24' title='bbox 1050 509 1167 548; x_wconf 87' lang='lat' dir='ltr'><strong>ardor</strong></span> <span class='ocrx_word' id='word_1_25' title='bbox 1625 532 1679 562; x_wconf 80' lang='lat'><strong>150</strong></span> 
     </span>
     <span class='ocr_line' id='line_1_5' title="bbox 252 574 1252 627; baseline -0.004 -11"><span class='ocrx_word' id='word_1_26' title='bbox 252 577 449 616; x_wconf 81' lang='lat' dir='ltr'><strong>Centoras</strong></span> <span class='ocrx_word' id='word_1_27' title='bbox 479 583 518 615; x_wconf 90' lang='lat' dir='ltr'><strong>et</strong></span> <span class='ocrx_word' id='word_1_28' title='bbox 548 576 653 615; x_wconf 82' lang='lat' dir='ltr'><strong>diros</strong></span> <span class='ocrx_word' id='word_1_29' title='bbox 680 576 835 627; x_wconf 85' lang='lat' dir='ltr'><strong>magico</strong></span> <span class='ocrx_word' id='word_1_30' title='bbox 862 581 1013 613; x_wconf 86' lang='lat' dir='ltr'><strong>terrore</strong></span> <span class='ocrx_word' id='word_1_31' title='bbox 1042 574 1252 613; x_wconf 74' lang='lat' dir='ltr'><strong>Choatras.</strong></span> 
     </span>
    </p>

    <p class='ocr_par' dir='ltr' id='par_1_5' title="bbox 250 639 1410 757">
     <span class='ocr_line' id='line_1_6' title="bbox 252 639 1380 693; baseline -0.004 -12"><span class='ocrx_word' id='word_1_32' title='bbox 252 643 433 682; x_wconf 87' lang='lat' dir='ltr'><strong>omnibus</strong></span> <span class='ocrx_word' id='word_1_33' title='bbox 460 643 502 680; x_wconf 92' lang='lat' dir='ltr'><strong>in</strong></span> <span class='ocrx_word' id='word_1_34' title='bbox 530 654 696 693; x_wconf 86' lang='lat' dir='ltr'><strong>superos</strong></span> <span class='ocrx_word' id='word_1_35' title='bbox 724 653 868 679; x_wconf 85' lang='lat' dir='ltr'><strong>saevus</strong></span> <span class='ocrx_word' id='word_1_36' title='bbox 887 639 1034 686; x_wconf 68' lang='lat' dir='ltr'><strong>honor,</strong></span> <span class='ocrx_word' id='word_1_37' title='bbox 1064 639 1246 678; x_wconf 90' lang='lat' dir='ltr'><strong>omnibus</strong></span> <span class='ocrx_word' id='word_1_38' title='bbox 1274 646 1380 677; x_wconf 83' lang='lat' dir='ltr'><strong>artes</strong></span> 
     </span>
     <span class='ocr_line' id='line_1_7' title="bbox 250 704 1410 757; baseline -0.003 -10"><span class='ocrx_word' id='word_1_39' title='bbox 250 708 535 747; x_wconf 85' lang='lat' dir='ltr'><strong>monstrificae:</strong></span> <span class='ocrx_word' id='word_1_40' title='bbox 563 720 669 745; x_wconf 84' lang='lat' dir='ltr'><strong>nunc</strong></span> <span class='ocrx_word' id='word_1_41' title='bbox 696 719 793 745; x_wconf 85' lang='lat' dir='ltr'><strong>vere</strong></span> <span class='ocrx_word' id='word_1_42' title='bbox 820 719 924 744; x_wconf 88' lang='lat' dir='ltr'><strong>novo</strong></span> <span class='ocrx_word' id='word_1_43' title='bbox 953 718 1207 757; x_wconf 82' lang='lat' dir='ltr'><strong>compescere</strong></span> <span class='ocrx_word' id='word_1_44' title='bbox 1235 704 1410 752; x_wconf 81' lang='lat' dir='ltr'><strong>frondes,</strong></span> 
     </span>
    </p>

    <p class='ocr_par' dir='ltr' id='par_1_6' title="bbox 250 770 1366 823">
     <span class='ocr_line' id='line_1_8' title="bbox 250 770 1366 823; baseline -0.004 -11"><span class='ocrx_word' id='word_1_45' title='bbox 250 787 356 812; x_wconf 90' lang='lat' dir='ltr'><strong>nunc</strong></span> <span class='ocrx_word' id='word_1_46' title='bbox 385 773 554 811; x_wconf 84' lang='lat' dir='ltr'><strong>subitam</strong></span> <span class='ocrx_word' id='word_1_47' title='bbox 581 771 747 823; x_wconf 85' lang='lat' dir='ltr'><strong>trepidis</strong></span> <span class='ocrx_word' id='word_1_48' title='bbox 774 771 952 810; x_wconf 81' lang='lat' dir='ltr'><strong>Maeotin</strong></span> <span class='ocrx_word' id='word_1_49' title='bbox 980 770 1137 809; x_wconf 88' lang='lat' dir='ltr'><strong>solvere</strong></span> <span class='ocrx_word' id='word_1_50' title='bbox 1165 770 1366 822; x_wconf 88' lang='lat' dir='ltr'><strong>plaustris.</strong></span> 
     </span>
    </p>

    <p class='ocr_par' dir='ltr' id='par_1_7' title="bbox 251 835 1679 888">
     <span class='ocr_line' id='line_1_9' title="bbox 251 835 1679 888; baseline -0.001 -12"><span class='ocrx_word' id='word_1_51' title='bbox 251 839 445 876; x_wconf 82' lang='lat' dir='ltr'><strong>maximus</strong></span> <span class='ocrx_word' id='word_1_52' title='bbox 471 838 545 876; x_wconf 91' lang='lat' dir='ltr'><strong>hos</strong></span> <span class='ocrx_word' id='word_1_53' title='bbox 572 838 677 876; x_wconf 89' lang='lat' dir='ltr'><strong>inter</strong></span> <span class='ocrx_word' id='word_1_54' title='bbox 705 836 848 888; x_wconf 82' lang='lat' dir='ltr'><strong>Stygia</strong></span> <span class='ocrx_word' id='word_1_55' title='bbox 874 837 986 875; x_wconf 88' lang='lat' dir='ltr'><strong>venit</strong></span> <span class='ocrx_word' id='word_1_56' title='bbox 1012 842 1097 875; x_wconf 85' lang='lat' dir='ltr'><strong>arte</strong></span> <span class='ocrx_word' id='word_1_57' title='bbox 1127 835 1314 884; x_wconf 82' lang='lat' dir='ltr'><strong>Coastes3</strong></span> <span class='ocrx_word' id='word_1_58' title='bbox 1626 851 1679 880; x_wconf 81' lang='lat'><strong>155</strong></span> 
     </span>
    </p>
   </div>
   <div class='ocr_carea' id='block_1_3' title="bbox 144 930 425 936">
    <p class='ocr_par' dir='ltr' id='par_1_8' title="bbox 144 930 425 936">
     <span class='ocr_line' id='line_1_10' title="bbox 144 930 425 936; baseline 0 0"><span class='ocrx_word' id='word_1_59' title='bbox 144 930 425 936; x_wconf 95' lang='lat' dir='ltr'><strong> </strong></span> 
     </span>
    </p>
   </div>
   <div class='ocr_carea' id='block_1_4' title="bbox 0 970 1625 2100">
    <p class='ocr_par' dir='ltr' id='par_1_9' title="bbox 144 970 1625 1127">
     <span class='ocr_line' id='line_1_11' title="bbox 144 970 1625 1018; baseline -0.002 -9"><span class='ocrx_word' id='word_1_60' title='bbox 144 975 255 1016; x_wconf 62' lang='lat' dir='ltr'><strong>viam</strong></span> <span class='ocrx_word' id='word_1_61' title='bbox 279 973 354 1008; x_wconf 81' lang='lat' dir='ltr'><strong>vid.</strong></span> <span class='ocrx_word' id='word_1_62' title='bbox 370 974 567 1018; x_wconf 86' lang='lat' dir='ltr'><strong>praeterea</strong></span> <span class='ocrx_word' id='word_1_63' title='bbox 581 971 662 1007; x_wconf 89' lang='lat' dir='ltr'><strong>Val.</strong></span> <span class='ocrx_word' id='word_1_64' title='bbox 688 971 825 1018; x_wconf 58' lang='lat'><strong>1557&amp;</strong></span> <span class='ocrx_word' id='word_1_65' title='bbox 851 971 936 1013; x_wconf 85' lang='lat'>716;</span> <span class='ocrx_word' id='word_1_66' title='bbox 962 971 1026 1017; x_wconf 91' lang='lat' dir='ltr'><strong>VI,</strong></span> <span class='ocrx_word' id='word_1_67' title='bbox 1044 970 1132 1013; x_wconf 84' lang='lat'>615;</span> <span class='ocrx_word' id='word_1_68' title='bbox 1157 970 1259 1012; x_wconf 82' lang='lat' dir='ltr'>VIII,</span> <span class='ocrx_word' id='word_1_69' title='bbox 1286 971 1371 1016; x_wconf 73' lang='lat'><strong>3753</strong></span> <span class='ocrx_word' id='word_1_70' title='bbox 1395 982 1516 1016; x_wconf 89' lang='lat' dir='ltr'><strong>neque</strong></span> <span class='ocrx_word' id='word_1_71' title='bbox 1540 982 1625 1006; x_wconf 85' lang='lat' dir='ltr'><strong>raro</strong></span> 
     </span>
     <span class='ocr_line' id='line_1_12' title="bbox 145 1029 1625 1077; baseline 0 -9"><span class='ocrx_word' id='word_1_72' title='bbox 145 1032 282 1068; x_wconf 75' lang='lat' dir='ltr'><strong>similia</strong></span> <span class='ocrx_word' id='word_1_73' title='bbox 321 1032 420 1077; x_wconf 85' lang='lat' dir='ltr'><strong>apud</strong></span> <span class='ocrx_word' id='word_1_74' title='bbox 460 1030 552 1066; x_wconf 83' lang='lat' dir='ltr'><strong>alios</strong></span> <span class='ocrx_word' id='word_1_75' title='bbox 593 1031 726 1076; x_wconf 85' lang='lat' dir='ltr'><strong>poetas</strong></span> <span class='ocrx_word' id='word_1_76' title='bbox 766 1030 1018 1076; x_wconf 88' lang='lat' dir='ltr'><strong>reperiuntur;</strong></span> <span class='ocrx_word' id='word_1_77' title='bbox 1061 1029 1127 1065; x_wconf 86' lang='lat' dir='ltr'><strong>cfr.</strong></span> <span class='ocrx_word' id='word_1_78' title='bbox 1168 1030 1394 1075; x_wconf 78' lang='lat' dir='ltr'><strong>interpretes</strong></span> <span class='ocrx_word' id='word_1_79' title='bbox 1435 1030 1485 1065; x_wconf 86' lang='lat' dir='ltr'><strong>ad</strong></span> <span class='ocrx_word' id='word_1_80' title='bbox 1514 1030 1625 1075; x_wconf 86' lang='lat' dir='ltr'><strong>Verg.</strong></span> 
     </span>
     <span class='ocr_line' id='line_1_13' title="bbox 145 1090 413 1127; baseline -0.004 -1"><span class='ocrx_word' id='word_1_81' title='bbox 145 1091 244 1127; x_wconf 89' lang='lat' dir='ltr'><strong>locos</strong></span> <span class='ocrx_word' id='word_1_82' title='bbox 268 1090 413 1126; x_wconf 81' lang='lat' dir='ltr'><strong>allatos.</strong></span> 
     </span>
    </p>

    <p class='ocr_par' dir='ltr' id='par_1_10' title="bbox 142 1148 1624 1313">
     <span class='ocr_line' id='line_1_14' title="bbox 237 1148 1624 1195; baseline -0.001 -10"><span class='ocrx_word' id='word_1_83' title='bbox 237 1150 467 1195; x_wconf 68' lang='lat' dir='ltr'><strong>fragilemque</strong></span> <span class='ocrx_word' id='word_1_84' title='bbox 497 1160 566 1194; x_wconf 77' lang='lat' dir='ltr'><strong>per</strong></span> <span class='ocrx_word' id='word_1_85' title='bbox 601 1149 752 1184; x_wconf 78' lang='lat' dir='ltr'><strong>undam.-</strong></span> <span class='ocrx_word' id='word_1_86' title='bbox 786 1151 844 1184; x_wconf 81' lang='lat' dir='ltr'><strong>est</strong></span> <span class='ocrx_word' id='word_1_87' title='bbox 875 1149 977 1184; x_wconf 88' lang='lat' dir='ltr'><strong>unda</strong></span> <span class='ocrx_word' id='word_1_88' title='bbox 1000 1148 1115 1194; x_wconf 84' lang='lat' dir='ltr'><strong>ipsius</strong></span> <span class='ocrx_word' id='word_1_89' title='bbox 1142 1148 1316 1194; x_wconf 82' lang='lat' dir='ltr'><strong>Hypanis,</strong></span> <span class='ocrx_word' id='word_1_90' title='bbox 1357 1160 1452 1194; x_wconf 89' lang='lat' dir='ltr'><strong>quae</strong></span> <span class='ocrx_word' id='word_1_91' title='bbox 1478 1148 1624 1194; x_wconf 79' lang='lat' dir='ltr'><strong>fragilis</strong></span> 
     </span>
     <span class='ocr_line' id='line_1_15' title="bbox 144 1207 1624 1255; baseline -0.001 -11"><span class='ocrx_word' id='word_1_92' title='bbox 144 1209 290 1255; x_wconf 83' lang='lat' dir='ltr'><strong>dicitur,</strong></span> <span class='ocrx_word' id='word_1_93' title='bbox 327 1209 412 1255; x_wconf 90' lang='lat' dir='ltr'><strong>quia</strong></span> <span class='ocrx_word' id='word_1_94' title='bbox 438 1208 636 1254; x_wconf 88' lang='lat' dir='ltr'><strong>congelata</strong></span> <span class='ocrx_word' id='word_1_95' title='bbox 661 1210 718 1243; x_wconf 86' lang='lat' dir='ltr'><strong>est</strong></span> <span class='ocrx_word' id='word_1_96' title='bbox 741 1208 816 1243; x_wconf 85' lang='lat' dir='ltr'><strong>levi</strong></span> <span class='ocrx_word' id='word_1_97' title='bbox 840 1207 980 1253; x_wconf 87' lang='lat' dir='ltr'><strong>frigore</strong></span> <span class='ocrx_word' id='word_1_98' title='bbox 1014 1207 1069 1242; x_wconf 86' lang='lat' dir='ltr'><strong>ita</strong></span> <span class='ocrx_word' id='word_1_99' title='bbox 1102 1209 1155 1249; x_wconf 82' lang='lat' dir='ltr'><strong>ut,</strong></span> <span class='ocrx_word' id='word_1_100' title='bbox 1181 1207 1251 1242; x_wconf 86' lang='lat' dir='ltr'><strong>nisi</strong></span> <span class='ocrx_word' id='word_1_101' title='bbox 1289 1207 1483 1243; x_wconf 90' lang='lat' dir='ltr'><strong>celerrimo</strong></span> <span class='ocrx_word' id='word_1_102' title='bbox 1515 1219 1624 1243; x_wconf 87' lang='lat' dir='ltr'><strong>cursu</strong></span> 
     </span>
     <span class='ocr_line' id='line_1_16' title="bbox 142 1267 864 1313; baseline 0 -11"><span class='ocrx_word' id='word_1_103' title='bbox 142 1268 214 1304; x_wconf 86' lang='lat' dir='ltr'><strong>iter</strong></span> <span class='ocrx_word' id='word_1_104' title='bbox 242 1267 467 1307; x_wconf 75' lang='lat' dir='ltr'><strong>conficiatur,</strong></span> <span class='ocrx_word' id='word_1_105' title='bbox 493 1267 632 1313; x_wconf 84' lang='lat' dir='ltr'><strong>glacies</strong></span> <span class='ocrx_word' id='word_1_106' title='bbox 657 1267 864 1312; x_wconf 81' lang='lat' dir='ltr'><strong>frangatur.</strong></span> 
     </span>
    </p>

    <p class='ocr_par' dir='ltr' id='par_1_11' title="bbox 142 1332 1625 1556">
     <span class='ocr_line' id='line_1_17' title="bbox 240 1332 1623 1378; baseline 0 -11"><span class='ocrx_word' id='word_1_107' title='bbox 240 1332 319 1368; x_wconf 84' lang='lat'><strong>149.</strong></span> <span class='ocrx_word' id='word_1_108' title='bbox 366 1336 548 1377; x_wconf 73' lang='lat' dir='ltr'><strong>suspectae</strong></span> <span class='ocrx_word' id='word_1_109' title='bbox 571 1336 684 1367; x_wconf 80' lang='lat' dir='ltr'><strong>mater</strong></span> <span class='ocrx_word' id='word_1_110' title='bbox 705 1336 822 1377; x_wconf 76' lang='lat' dir='ltr'><strong>stupet</strong></span> <span class='ocrx_word' id='word_1_111' title='bbox 846 1343 972 1378; x_wconf 72' lang='lat' dir='ltr'><strong>ayyere</strong></span> <span class='ocrx_word' id='word_1_112' title='bbox 1004 1334 1126 1377; x_wconf 80' lang='lat' dir='ltr'><strong>ripae:</strong></span> <span class='ocrx_word' id='word_1_113' title='bbox 1156 1332 1289 1368; x_wconf 89' lang='lat' dir='ltr'><strong>leaena</strong></span> <span class='ocrx_word' id='word_1_114' title='bbox 1314 1344 1390 1368; x_wconf 86' lang='lat' dir='ltr'><strong>non</strong></span> <span class='ocrx_word' id='word_1_115' title='bbox 1415 1332 1531 1367; x_wconf 88' lang='lat' dir='ltr'><strong>audet</strong></span> <span class='ocrx_word' id='word_1_116' title='bbox 1553 1343 1623 1377; x_wconf 88' lang='lat' dir='ltr'><strong>per</strong></span> 
     </span>
     <span class='ocr_line' id='line_1_18' title="bbox 142 1391 1624 1438; baseline -0.001 -10"><span class='ocrx_word' id='word_1_117' title='bbox 142 1392 303 1438; x_wconf 72' lang='lat' dir='ltr'><strong>glaciem</strong></span> <span class='ocrx_word' id='word_1_118' title='bbox 337 1393 508 1437; x_wconf 76' lang='lat' dir='ltr'><strong>raptores</strong></span> <span class='ocrx_word' id='word_1_119' title='bbox 543 1391 658 1437; x_wconf 86' lang='lat' dir='ltr'><strong>prolis</strong></span> <span class='ocrx_word' id='word_1_120' title='bbox 694 1391 814 1436; x_wconf 89' lang='lat' dir='ltr'><strong>sequi;</strong></span> <span class='ocrx_word' id='word_1_121' title='bbox 856 1403 927 1437; x_wconf 90' lang='lat' dir='ltr'><strong>quo</strong></span> <span class='ocrx_word' id='word_1_122' title='bbox 963 1391 1042 1427; x_wconf 82' lang='lat' dir='ltr'><strong>iure</strong></span> <span class='ocrx_word' id='word_1_123' title='bbox 1080 1393 1207 1427; x_wconf 84' lang='lat' dir='ltr'><strong>autem</strong></span> <span class='ocrx_word' id='word_1_124' title='bbox 1243 1391 1387 1437; x_wconf 87' lang='lat' dir='ltr'><strong>ripam</strong></span> <span class='ocrx_word' id='word_1_125' title='bbox 1411 1392 1624 1437; x_wconf 76' lang='lat' dir='ltr'><strong>suspectam</strong></span> 
     </span>
     <span class='ocr_line' id='line_1_19' title="bbox 145 1450 1625 1496; baseline -0.001 -9"><span class='ocrx_word' id='word_1_126' title='bbox 145 1451 284 1488; x_wconf 77' lang='lat' dir='ltr'><strong>dixerit</strong></span> <span class='ocrx_word' id='word_1_127' title='bbox 306 1450 487 1496; x_wconf 80' lang='lat' dir='ltr'><strong>Valerius,</strong></span> <span class='ocrx_word' id='word_1_128' title='bbox 523 1462 598 1486; x_wconf 88' lang='lat' dir='ltr'><strong>non</strong></span> <span class='ocrx_word' id='word_1_129' title='bbox 633 1450 769 1496; x_wconf 82' lang='lat' dir='ltr'><strong>liquet3</strong></span> <span class='ocrx_word' id='word_1_130' title='bbox 809 1450 855 1486; x_wconf 89' lang='lat' dir='ltr'><strong>de</strong></span> <span class='ocrx_word' id='word_1_131' title='bbox 895 1461 1020 1496; x_wconf 75' lang='lat' dir='ltr'><strong>aqyere</strong></span> <span class='ocrx_word' id='word_1_132' title='bbox 1055 1452 1157 1495; x_wconf 76' lang='lat' dir='ltr'><strong>ripae</strong></span> <span class='ocrx_word' id='word_1_133' title='bbox 1193 1450 1260 1487; x_wconf 84' lang='lat' dir='ltr'><strong>cfr.</strong></span> <span class='ocrx_word' id='word_1_134' title='bbox 1284 1450 1396 1496; x_wconf 87' lang='lat' dir='ltr'><strong>Verg.</strong></span> <span class='ocrx_word' id='word_1_135' title='bbox 1422 1453 1512 1487; x_wconf 86' lang='lat' dir='ltr'><strong>Aen.</strong></span> <span class='ocrx_word' id='word_1_136' title='bbox 1539 1450 1625 1496; x_wconf 88' lang='lat' dir='ltr'><strong>VH,</strong></span> 
     </span>
     <span class='ocr_line' id='line_1_20' title="bbox 146 1509 1285 1556; baseline 0 -10"><span class='ocrx_word' id='word_1_137' title='bbox 146 1510 231 1553; x_wconf 86' lang='lat'>106;</span> <span class='ocrx_word' id='word_1_138' title='bbox 256 1510 318 1547; x_wconf 83' lang='lat' dir='ltr'><strong>Sil.</strong></span> <span class='ocrx_word' id='word_1_139' title='bbox 343 1509 407 1551; x_wconf 90' lang='lat' dir='ltr'><strong>VI,</strong></span> <span class='ocrx_word' id='word_1_140' title='bbox 433 1509 520 1555; x_wconf 77' lang='lat'>2813</span> <span class='ocrx_word' id='word_1_141' title='bbox 542 1510 742 1553; x_wconf 79' lang='lat' dir='ltr'><strong>flumineum</strong></span> <span class='ocrx_word' id='word_1_142' title='bbox 768 1521 925 1556; x_wconf 73' lang='lat' dir='ltr'><strong>aqyerem</strong></span> <span class='ocrx_word' id='word_1_143' title='bbox 951 1510 1046 1545; x_wconf 83' lang='lat' dir='ltr'><strong>dixit</strong></span> <span class='ocrx_word' id='word_1_144' title='bbox 1071 1509 1132 1545; x_wconf 89' lang='lat' dir='ltr'><strong>Sil.</strong></span> <span class='ocrx_word' id='word_1_145' title='bbox 1159 1510 1202 1551; x_wconf 89' lang='lat' dir='ltr'><strong>X,</strong></span> <span class='ocrx_word' id='word_1_146' title='bbox 1229 1509 1285 1547; x_wconf 81' lang='grc'><strong>92.</strong></span> 
     </span>
    </p>

    <p class='ocr_par' dir='ltr' id='par_1_12' title="bbox 225 1574 1154 1620">
     <span class='ocr_line' id='line_1_21' title="bbox 225 1574 1154 1620; baseline 0 -10"><span class='ocrx_word' id='word_1_147' title='bbox 225 1575 316 1610; x_wconf 63' lang='grc'>«150.</span> <span class='ocrx_word' id='word_1_148' title='bbox 366 1575 692 1620; x_wconf 69' lang='lat' dir='ltr'><strong>impulit-dubios:</strong></span> <span class='ocrx_word' id='word_1_149' title='bbox 720 1574 814 1610; x_wconf 87' lang='lat' dir='ltr'><strong>Stat.</strong></span> <span class='ocrx_word' id='word_1_150' title='bbox 841 1574 958 1611; x_wconf 85' lang='lat' dir='ltr'><strong>Theb.</strong></span> <span class='ocrx_word' id='word_1_151' title='bbox 984 1575 1047 1615; x_wconf 88' lang='lat' dir='ltr'><strong>XI,</strong></span> <span class='ocrx_word' id='word_1_152' title='bbox 1072 1575 1154 1611; x_wconf 83' lang='lat'><strong>482.</strong></span> 
     </span>
    </p>

    <p class='ocr_par' dir='ltr' id='par_1_13' title="bbox 141 1633 1623 1856">
     <span class='ocr_line' id='line_1_22' title="bbox 237 1633 1623 1680; baseline 0.001 -10"><span class='ocrx_word' id='word_1_153' title='bbox 237 1634 316 1670; x_wconf 86' lang='lat'><strong>151.</strong></span> <span class='ocrx_word' id='word_1_154' title='bbox 368 1633 554 1679; x_wconf 79' lang='lat' dir='ltr'><strong>Centoras;</strong></span> <span class='ocrx_word' id='word_1_155' title='bbox 590 1634 705 1670; x_wconf 89' lang='lat' dir='ltr'><strong>etiam</strong></span> <span class='ocrx_word' id='word_1_156' title='bbox 741 1634 836 1670; x_wconf 89' lang='lat' dir='ltr'><strong>haec</strong></span> <span class='ocrx_word' id='word_1_157' title='bbox 872 1646 964 1680; x_wconf 86' lang='lat' dir='ltr'><strong>gens</strong></span> <span class='ocrx_word' id='word_1_158' title='bbox 997 1646 1147 1680; x_wconf 86' lang='lat' dir='ltr'><strong>prorsus</strong></span> <span class='ocrx_word' id='word_1_159' title='bbox 1171 1634 1302 1680; x_wconf 85' lang='lat' dir='ltr'><strong>ignota</strong></span> <span class='ocrx_word' id='word_1_160' title='bbox 1327 1636 1394 1671; x_wconf 85' lang='lat' dir='ltr'><strong>est.</strong></span> <span class='ocrx_word' id='word_1_161' title='bbox 1446 1635 1623 1671; x_wconf 75' lang='lat' dir='ltr'><strong>Choatrae</strong></span> 
     </span>
     <span class='ocr_line' id='line_1_23' title="bbox 143 1688 1623 1739; baseline 0.001 -11"><span class='ocrx_word' id='word_1_162' title='bbox 143 1688 275 1739; x_wconf 88' lang='lat' dir='ltr'><strong>prope</strong></span> <span class='ocrx_word' id='word_1_163' title='bbox 296 1693 474 1739; x_wconf 78' lang='lat' dir='ltr'><strong>paludem</strong></span> <span class='ocrx_word' id='word_1_164' title='bbox 496 1693 723 1730; x_wconf 80' lang='lat' dir='ltr'><strong>Maeotidem</strong></span> <span class='ocrx_word' id='word_1_165' title='bbox 754 1693 938 1734; x_wconf 84' lang='lat' dir='ltr'><strong>habitant,</strong></span> <span class='ocrx_word' id='word_1_166' title='bbox 977 1694 1051 1730; x_wconf 84' lang='lat' dir='ltr'><strong>vid.</strong></span> <span class='ocrx_word' id='word_1_167' title='bbox 1077 1694 1119 1735; x_wconf 90' lang='lat' dir='ltr'><strong>V,</strong></span> <span class='ocrx_word' id='word_1_168' title='bbox 1146 1694 1232 1737; x_wconf 84' lang='lat'><strong>1543</strong></span> <span class='ocrx_word' id='word_1_169' title='bbox 1270 1693 1430 1731; x_wconf 85' lang='lat' dir='ltr'><strong>fortasse</strong></span> <span class='ocrx_word' id='word_1_170' title='bbox 1456 1694 1623 1730; x_wconf 86' lang='lat' dir='ltr'><strong>eiusdem</strong></span> 
     </span>
     <span class='ocr_line' id='line_1_24' title="bbox 141 1752 1622 1798; baseline 0.001 -11"><span class='ocrx_word' id='word_1_171' title='bbox 141 1752 263 1798; x_wconf 80' lang='lat' dir='ltr'><strong>gentis</strong></span> <span class='ocrx_word' id='word_1_172' title='bbox 297 1763 434 1788; x_wconf 88' lang='lat' dir='ltr'><strong>nomen</strong></span> <span class='ocrx_word' id='word_1_173' title='bbox 469 1753 567 1788; x_wconf 87' lang='lat' dir='ltr'><strong>latet</strong></span> <span class='ocrx_word' id='word_1_174' title='bbox 599 1752 638 1787; x_wconf 87' lang='lat' dir='ltr'><strong>in</strong></span> <span class='ocrx_word' id='word_1_175' title='bbox 675 1753 967 1798; x_wconf 86' lang='lat' dir='ltr'><strong>enumeratione,</strong></span> <span class='ocrx_word' id='word_1_176' title='bbox 1004 1765 1116 1798; x_wconf 90' lang='lat' dir='ltr'><strong>quam</strong></span> <span class='ocrx_word' id='word_1_177' title='bbox 1151 1753 1310 1798; x_wconf 81' lang='lat' dir='ltr'><strong>legimus</strong></span> <span class='ocrx_word' id='word_1_178' title='bbox 1340 1753 1434 1789; x_wconf 91' lang='lat' dir='ltr'><strong>Plin.</strong></span> <span class='ocrx_word' id='word_1_179' title='bbox 1460 1753 1522 1798; x_wconf 88' lang='lat' dir='ltr'><strong>VI,</strong></span> <span class='ocrx_word' id='word_1_180' title='bbox 1560 1753 1622 1796; x_wconf 73' lang='lat'><strong>193</strong></span> 
     </span>
     <span class='ocr_line' id='line_1_25' title="bbox 145 1811 1623 1856; baseline 0 -10"><span class='ocrx_word' id='word_1_181' title='bbox 145 1811 343 1847; x_wconf 83' lang='lat' dir='ltr'><strong>Choatram</strong></span> <span class='ocrx_word' id='word_1_182' title='bbox 378 1812 545 1846; x_wconf 90' lang='lat' dir='ltr'><strong>montem</strong></span> <span class='ocrx_word' id='word_1_183' title='bbox 579 1813 845 1847; x_wconf 89' lang='lat' dir='ltr'><strong>commemorat</strong></span> <span class='ocrx_word' id='word_1_184' title='bbox 867 1812 910 1856; x_wconf 89' lang='lat' dir='ltr'><strong>V,</strong></span> <span class='ocrx_word' id='word_1_185' title='bbox 947 1811 1004 1853; x_wconf 87' lang='grc'><strong>98,</strong></span> <span class='ocrx_word' id='word_1_186' title='bbox 1043 1811 1244 1848; x_wconf 88' lang='lat' dir='ltr'><strong>Choatrem</strong></span> <span class='ocrx_word' id='word_1_187' title='bbox 1268 1811 1421 1847; x_wconf 85' lang='lat' dir='ltr'><strong>fluvium</strong></span> <span class='ocrx_word' id='word_1_188' title='bbox 1444 1812 1623 1847; x_wconf 82' lang='lat' dir='ltr'><strong>Parthiae</strong></span> 
     </span>
    </p>

    <p class='ocr_par' dir='ltr' id='par_1_14' title="bbox 0 1869 1620 2100">
     <span class='ocr_line' id='line_1_26' title="bbox 0 1869 1620 1922; baseline 0.001 -17"><span class='ocrx_word' id='word_1_189' title='bbox 0 1911 4 1922; x_wconf 38' lang='grc' dir='ltr'><strong>ι</strong></span> <span class='ocrx_word' id='word_1_190' title='bbox 142 1870 262 1908; x_wconf 82' lang='lat' dir='ltr'><strong>Amm.</strong></span> <span class='ocrx_word' id='word_1_191' title='bbox 286 1869 424 1909; x_wconf 82' lang='lat' dir='ltr'><strong>XXIII.</strong></span> <span class='ocrx_word' id='word_1_192' title='bbox 449 1869 481 1911; x_wconf 86' lang='lat'><strong>6,</strong></span> <span class='ocrx_word' id='word_1_193' title='bbox 507 1869 570 1914; x_wconf 78' lang='lat'><strong>433</strong></span> <span class='ocrx_word' id='word_1_194' title='bbox 606 1871 759 1915; x_wconf 89' lang='lat' dir='ltr'><strong>gentem</strong></span> <span class='ocrx_word' id='word_1_195' title='bbox 793 1870 916 1916; x_wconf 84' lang='lat' dir='ltr'><strong>ipsam</strong></span> <span class='ocrx_word' id='word_1_196' title='bbox 938 1872 1092 1916; x_wconf 87' lang='lat' dir='ltr'><strong>praeter</strong></span> <span class='ocrx_word' id='word_1_197' title='bbox 1117 1870 1306 1906; x_wconf 89' lang='lat' dir='ltr'><strong>Valerium</strong></span> <span class='ocrx_word' id='word_1_198' title='bbox 1331 1871 1418 1906; x_wconf 90' lang='lat' dir='ltr'><strong>Luc.</strong></span> <span class='ocrx_word' id='word_1_199' title='bbox 1444 1871 1514 1915; x_wconf 86' lang='grc' dir='ltr'><strong>ΠΙ,</strong></span> <span class='ocrx_word' id='word_1_200' title='bbox 1540 1870 1620 1908; x_wconf 85' lang='lat'><strong>246.</strong></span> 
     </span>
     <span class='ocr_line' id='line_1_27' title="bbox 0 1935 1614 1979; baseline 0.001 -9"><span class='ocrx_word' id='word_1_201' title='bbox 0 1937 6 1969; x_wconf 66' lang='lat' dir='ltr'>f</span> <span class='ocrx_word' id='word_1_202' title='bbox 237 1935 315 1970; x_wconf 86' lang='lat'><strong>152.</strong></span> <span class='ocrx_word' id='word_1_203' title='bbox 365 1935 404 1970; x_wconf 79' lang='lat' dir='ltr'><strong>in</strong></span> <span class='ocrx_word' id='word_1_204' title='bbox 427 1945 574 1979; x_wconf 76' lang='lat' dir='ltr'><strong>superos</strong></span> <span class='ocrx_word' id='word_1_205' title='bbox 596 1945 722 1970; x_wconf 72' lang='lat' dir='ltr'><strong>saevus</strong></span> <span class='ocrx_word' id='word_1_206' title='bbox 745 1935 874 1970; x_wconf 78' lang='lat' dir='ltr'><strong>honor:</strong></span> <span class='ocrx_word' id='word_1_207' title='bbox 911 1935 1084 1971; x_wconf 84' lang='lat' dir='ltr'><strong>videntur</strong></span> <span class='ocrx_word' id='word_1_208' title='bbox 1108 1935 1266 1971; x_wconf 86' lang='lat' dir='ltr'><strong>indicari</strong></span> <span class='ocrx_word' id='word_1_209' title='bbox 1290 1935 1466 1972; x_wconf 83' lang='lat' dir='ltr'><strong>victimae</strong></span> <span class='ocrx_word' id='word_1_210' title='bbox 1490 1937 1614 1971; x_wconf 88' lang='lat' dir='ltr'><strong>huma-</strong></span> 
     </span>
     <span class='ocr_line' id='line_1_28' title="bbox 0 1993 1619 2039; baseline 0.001 -11"><span class='ocrx_word' id='word_1_211' title='bbox 0 1997 6 2006; x_wconf 78' lang='lat'><em>&#39;</em></span> <span class='ocrx_word' id='word_1_212' title='bbox 142 1995 234 2037; x_wconf 85' lang='lat' dir='ltr'><strong>nae;</strong></span> <span class='ocrx_word' id='word_1_213' title='bbox 270 1993 383 2028; x_wconf 89' lang='lat' dir='ltr'><strong>aliam</strong></span> <span class='ocrx_word' id='word_1_214' title='bbox 408 1993 633 2029; x_wconf 86' lang='lat' dir='ltr'><strong>sententiam</strong></span> <span class='ocrx_word' id='word_1_215' title='bbox 657 1994 751 2029; x_wconf 85' lang='lat' dir='ltr'><strong>haec</strong></span> <span class='ocrx_word' id='word_1_216' title='bbox 774 1993 914 2029; x_wconf 92' lang='lat' dir='ltr'><strong>locutio</strong></span> <span class='ocrx_word' id='word_1_217' title='bbox 938 1994 1055 2029; x_wconf 88' lang='lat' dir='ltr'><strong>habet</strong></span> <span class='ocrx_word' id='word_1_218' title='bbox 1080 1994 1180 2039; x_wconf 86' lang='lat' dir='ltr'><strong>apud</strong></span> <span class='ocrx_word' id='word_1_219' title='bbox 1204 1995 1299 2030; x_wconf 84' lang='lat' dir='ltr'><strong>Stat.</strong></span> <span class='ocrx_word' id='word_1_220' title='bbox 1331 1994 1447 2030; x_wconf 86' lang='lat' dir='ltr'><strong>Theb.</strong></span> <span class='ocrx_word' id='word_1_221' title='bbox 1473 1995 1536 2036; x_wconf 89' lang='lat' dir='ltr'><strong>IV,</strong></span> <span class='ocrx_word' id='word_1_222' title='bbox 1564 1995 1619 2030; x_wconf 87' lang='lat'><strong>53.</strong></span> 
     </span>
     <span class='ocr_line' id='line_1_29' title="bbox 142 2051 1619 2100; baseline 0.002 -13"><span class='ocrx_word' id='word_1_223' title='bbox 142 2051 199 2088; x_wconf 90' lang='lat' dir='ltr'><strong>De</strong></span> <span class='ocrx_word' id='word_1_224' title='bbox 222 2052 467 2098; x_wconf 86' lang='lat' dir='ltr'><strong>productione</strong></span> <span class='ocrx_word' id='word_1_225' title='bbox 507 2052 723 2097; x_wconf 85' lang='lat' dir='ltr'><strong>posterioris</strong></span> <span class='ocrx_word' id='word_1_226' title='bbox 751 2052 919 2098; x_wconf 82' lang='lat' dir='ltr'><strong>syllabae</strong></span> <span class='ocrx_word' id='word_1_227' title='bbox 943 2053 1112 2088; x_wconf 85' lang='lat' dir='ltr'><strong>vocabuli</strong></span> <span class='ocrx_word' id='word_1_228' title='bbox 1139 2064 1264 2088; x_wconf 71' lang='lat' dir='ltr'><strong>saevus</strong></span> <span class='ocrx_word' id='word_1_229' title='bbox 1289 2054 1363 2089; x_wconf 86' lang='lat' dir='ltr'><strong>vid.</strong></span> <span class='ocrx_word' id='word_1_230' title='bbox 1389 2054 1438 2089; x_wconf 86' lang='lat' dir='ltr'><strong>ad</strong></span> <span class='ocrx_word' id='word_1_231' title='bbox 1462 2054 1512 2100; x_wconf 89' lang='lat'><strong>11,</strong></span> <span class='ocrx_word' id='word_1_232' title='bbox 1538 2054 1619 2091; x_wconf 83' lang='lat'><strong>225.</strong></span> 
     </span>
    </p>
   </div>
   <div class='ocr_carea' id='block_1_5' title="bbox 142 2116 1624 2755">
    <p class='ocr_par' dir='ltr' id='par_1_15' title="bbox 142 2116 1624 2691">
     <span class='ocr_line' id='line_1_30' title="bbox 237 2116 1619 2164; baseline 0.003 -13"><span class='ocrx_word' id='word_1_233' title='bbox 237 2117 315 2152; x_wconf 84' lang='lat'><strong>153.</strong></span> <span class='ocrx_word' id='word_1_234' title='bbox 367 2116 551 2152; x_wconf 89' lang='lat' dir='ltr'><strong>Choatrae</strong></span> <span class='ocrx_word' id='word_1_235' title='bbox 565 2119 646 2152; x_wconf 89' lang='lat' dir='ltr'><strong>arte</strong></span> <span class='ocrx_word' id='word_1_236' title='bbox 670 2117 816 2162; x_wconf 85' lang='lat' dir='ltr'><strong>magica</strong></span> <span class='ocrx_word' id='word_1_237' title='bbox 842 2119 881 2153; x_wconf 88' lang='lat' dir='ltr'><strong>et</strong></span> <span class='ocrx_word' id='word_1_238' title='bbox 903 2117 1103 2163; x_wconf 88' lang='lat' dir='ltr'><strong>prohibere</strong></span> <span class='ocrx_word' id='word_1_239' title='bbox 1119 2120 1285 2163; x_wconf 81' lang='lat' dir='ltr'><strong>possunt,</strong></span> <span class='ocrx_word' id='word_1_240' title='bbox 1312 2119 1505 2164; x_wconf 83' lang='lat' dir='ltr'><strong>quominus</strong></span> <span class='ocrx_word' id='word_1_241' title='bbox 1529 2131 1619 2156; x_wconf 85' lang='lat' dir='ltr'><strong>vere</strong></span> 
     </span>
     <span class='ocr_line' id='line_1_31' title="bbox 147 2175 1623 2222; baseline 0.002 -11"><span class='ocrx_word' id='word_1_242' title='bbox 147 2176 268 2222; x_wconf 90' lang='lat' dir='ltr'><strong>primo</strong></span> <span class='ocrx_word' id='word_1_243' title='bbox 291 2177 444 2212; x_wconf 84' lang='lat' dir='ltr'><strong>arbores</strong></span> <span class='ocrx_word' id='word_1_244' title='bbox 462 2175 712 2218; x_wconf 70' lang='lat' dir='ltr'><strong>frondeseant,</strong></span> <span class='ocrx_word' id='word_1_245' title='bbox 740 2178 779 2212; x_wconf 91' lang='lat' dir='ltr'><strong>et</strong></span> <span class='ocrx_word' id='word_1_246' title='bbox 803 2178 934 2212; x_wconf 88' lang='lat' dir='ltr'><strong>contra</strong></span> <span class='ocrx_word' id='word_1_247' title='bbox 960 2176 1119 2218; x_wconf 87' lang='lat' dir='ltr'><strong>efficere,</strong></span> <span class='ocrx_word' id='word_1_248' title='bbox 1146 2179 1189 2212; x_wconf 89' lang='lat' dir='ltr'><strong>ut</strong></span> <span class='ocrx_word' id='word_1_249' title='bbox 1205 2177 1327 2214; x_wconf 84' lang='lat' dir='ltr'><strong>hieme</strong></span> <span class='ocrx_word' id='word_1_250' title='bbox 1351 2178 1475 2214; x_wconf 85' lang='lat' dir='ltr'><strong>subito</strong></span> <span class='ocrx_word' id='word_1_251' title='bbox 1499 2179 1623 2215; x_wconf 87' lang='lat' dir='ltr'><strong>undae</strong></span> 
     </span>
     <span class='ocr_line' id='line_1_32' title="bbox 142 2234 1624 2283; baseline 0.002 -13"><span class='ocrx_word' id='word_1_252' title='bbox 142 2234 288 2280; x_wconf 82' lang='lat' dir='ltr'><strong>paludis</strong></span> <span class='ocrx_word' id='word_1_253' title='bbox 311 2234 510 2270; x_wconf 81' lang='lat' dir='ltr'><strong>Maeotidis</strong></span> <span class='ocrx_word' id='word_1_254' title='bbox 536 2235 757 2280; x_wconf 82' lang='lat' dir='ltr'><strong>congelatae</strong></span> <span class='ocrx_word' id='word_1_255' title='bbox 779 2235 987 2281; x_wconf 80' lang='lat' dir='ltr'><strong>liquefiant,</strong></span> <span class='ocrx_word' id='word_1_256' title='bbox 1014 2247 1098 2271; x_wconf 92' lang='lat' dir='ltr'><strong>cum</strong></span> <span class='ocrx_word' id='word_1_257' title='bbox 1121 2236 1288 2272; x_wconf 83' lang='lat' dir='ltr'><strong>homines</strong></span> <span class='ocrx_word' id='word_1_258' title='bbox 1312 2236 1488 2282; x_wconf 86' lang='lat' dir='ltr'><strong>plaustris</strong></span> <span class='ocrx_word' id='word_1_259' title='bbox 1514 2249 1624 2283; x_wconf 87' lang='lat' dir='ltr'><strong>super</strong></span> 
     </span>
     <span class='ocr_line' id='line_1_33' title="bbox 145 2294 1622 2341; baseline 0.002 -12"><span class='ocrx_word' id='word_1_260' title='bbox 145 2304 209 2329; x_wconf 85' lang='lat' dir='ltr'><strong>eas</strong></span> <span class='ocrx_word' id='word_1_261' title='bbox 243 2294 445 2336; x_wconf 79' lang='lat' dir='ltr'><strong>vehuntur3</strong></span> <span class='ocrx_word' id='word_1_262' title='bbox 477 2295 656 2338; x_wconf 71' lang='lat' dir='ltr'><strong>plaustris</strong></span> <span class='ocrx_word' id='word_1_263' title='bbox 692 2296 749 2330; x_wconf 88' lang='lat' dir='ltr'><strong>est</strong></span> <span class='ocrx_word' id='word_1_264' title='bbox 785 2294 943 2336; x_wconf 83' lang='lat' dir='ltr'><strong>dativus,</strong></span> <span class='ocrx_word' id='word_1_265' title='bbox 981 2295 1042 2341; x_wconf 87' lang='lat' dir='ltr'><strong>qui</strong></span> <span class='ocrx_word' id='word_1_266' title='bbox 1075 2307 1098 2330; x_wconf 92' lang='lat' dir='ltr'><strong>a</strong></span> <span class='ocrx_word' id='word_1_267' title='bbox 1128 2296 1381 2341; x_wconf 87' lang='lat' dir='ltr'><strong>grammaticis</strong></span> <span class='ocrx_word' id='word_1_268' title='bbox 1408 2296 1543 2332; x_wconf 87' lang='lat' dir='ltr'><strong>dicitur</strong></span> <span class='ocrx_word' id='word_1_269' title='bbox 1567 2296 1622 2331; x_wconf 88' lang='lat' dir='ltr'><strong>in—</strong></span> 
     </span>
     <span class='ocr_line' id='line_1_34' title="bbox 146 2353 1621 2400; baseline 0.002 -12"><span class='ocrx_word' id='word_1_270' title='bbox 146 2353 339 2394; x_wconf 86' lang='lat' dir='ltr'><strong>commodi,</strong></span> <span class='ocrx_word' id='word_1_271' title='bbox 375 2354 514 2398; x_wconf 73' lang='lat' dir='ltr'><strong>trepida</strong></span> <span class='ocrx_word' id='word_1_272' title='bbox 551 2355 677 2388; x_wconf 83' lang='lat' dir='ltr'><strong>autem</strong></span> <span class='ocrx_word' id='word_1_273' title='bbox 704 2353 795 2399; x_wconf 83' lang='lat' dir='ltr'><strong>,ipsa</strong></span> <span class='ocrx_word' id='word_1_274' title='bbox 818 2353 989 2400; x_wconf 84' lang='lat' dir='ltr'><strong>plaustra</strong></span> <span class='ocrx_word' id='word_1_275' title='bbox 1013 2354 1186 2389; x_wconf 89' lang='lat' dir='ltr'><strong>dicuntur</strong></span> <span class='ocrx_word' id='word_1_276' title='bbox 1221 2366 1290 2400; x_wconf 90' lang='lat' dir='ltr'><strong>pro</strong></span> <span class='ocrx_word' id='word_1_277' title='bbox 1315 2355 1537 2400; x_wconf 87' lang='lat' dir='ltr'><strong>hominibus,</strong></span> <span class='ocrx_word' id='word_1_278' title='bbox 1574 2356 1621 2391; x_wconf 88' lang='lat' dir='ltr'><strong>de</strong></span> 
     </span>
     <span class='ocr_line' id='line_1_35' title="bbox 145 2411 1622 2460; baseline 0.001 -13"><span class='ocrx_word' id='word_1_279' title='bbox 145 2422 219 2457; x_wconf 84' lang='lat' dir='ltr'><strong>qua</strong></span> <span class='ocrx_word' id='word_1_280' title='bbox 242 2411 361 2456; x_wconf 74' lang='lat' dir='ltr'><strong>figura</strong></span> <span class='ocrx_word' id='word_1_281' title='bbox 387 2411 453 2447; x_wconf 83' lang='lat' dir='ltr'><strong>cfr.</strong></span> <span class='ocrx_word' id='word_1_282' title='bbox 480 2412 529 2447; x_wconf 89' lang='lat' dir='ltr'><strong>ad</strong></span> <span class='ocrx_word' id='word_1_283' title='bbox 554 2412 583 2453; x_wconf 93' lang='lat' dir='ltr'><strong>I,</strong></span> <span class='ocrx_word' id='word_1_284' title='bbox 610 2412 688 2446; x_wconf 83' lang='lat'><strong>109.</strong></span> <span class='ocrx_word' id='word_1_285' title='bbox 737 2412 821 2448; x_wconf 90' lang='lat' dir='ltr'><strong>Non</strong></span> <span class='ocrx_word' id='word_1_286' title='bbox 845 2414 948 2449; x_wconf 86' lang='lat' dir='ltr'><strong>recte</strong></span> <span class='ocrx_word' id='word_1_287' title='bbox 979 2413 1100 2449; x_wconf 91' lang='lat' dir='ltr'><strong>locum</strong></span> <span class='ocrx_word' id='word_1_288' title='bbox 1124 2414 1310 2459; x_wconf 88' lang='lat' dir='ltr'><strong>intellegit</strong></span> <span class='ocrx_word' id='word_1_289' title='bbox 1334 2414 1511 2460; x_wconf 84' lang='lat' dir='ltr'><strong>Wagner,</strong></span> <span class='ocrx_word' id='word_1_290' title='bbox 1540 2426 1622 2449; x_wconf 86' lang='lat' dir='ltr'><strong>cum</strong></span> 
     </span>
     <span class='ocr_line' id='line_1_36' title="bbox 144 2470 1624 2518; baseline 0.003 -13"><span class='ocrx_word' id='word_1_291' title='bbox 144 2471 265 2516; x_wconf 84' lang='lat' dir='ltr'><strong>putat,</strong></span> <span class='ocrx_word' id='word_1_292' title='bbox 287 2470 386 2516; x_wconf 82' lang='lat' dir='ltr'><strong>ipsos</strong></span> <span class='ocrx_word' id='word_1_293' title='bbox 414 2470 595 2514; x_wconf 80' lang='lat' dir='ltr'><strong>Choatras</strong></span> <span class='ocrx_word' id='word_1_294' title='bbox 620 2482 732 2516; x_wconf 86' lang='lat' dir='ltr'><strong>agere</strong></span> <span class='ocrx_word' id='word_1_295' title='bbox 757 2471 926 2517; x_wconf 85' lang='lat' dir='ltr'><strong>plaustra</strong></span> <span class='ocrx_word' id='word_1_296' title='bbox 950 2483 1060 2518; x_wconf 89' lang='lat' dir='ltr'><strong>super</strong></span> <span class='ocrx_word' id='word_1_297' title='bbox 1085 2473 1261 2518; x_wconf 83' lang='lat' dir='ltr'><strong>glaciem3</strong></span> <span class='ocrx_word' id='word_1_298' title='bbox 1301 2473 1461 2518; x_wconf 88' lang='lat' dir='ltr'><strong>denique</strong></span> <span class='ocrx_word' id='word_1_299' title='bbox 1484 2474 1624 2509; x_wconf 65' lang='lat' dir='ltr'><strong>subitus</strong></span> 
     </span>
     <span class='ocr_line' id='line_1_37' title="bbox 146 2529 1622 2577; baseline 0.001 -12"><span class='ocrx_word' id='word_1_300' title='bbox 146 2529 371 2565; x_wconf 71' lang='lat' dir='ltr'><strong>adieetiwm</strong></span> <span class='ocrx_word' id='word_1_301' title='bbox 394 2530 539 2566; x_wconf 85' lang='lat' dir='ltr'><strong>ratione</strong></span> <span class='ocrx_word' id='word_1_302' title='bbox 574 2530 695 2575; x_wconf 84' lang='lat' dir='ltr'><strong>poetis</strong></span> <span class='ocrx_word' id='word_1_303' title='bbox 728 2542 802 2566; x_wconf 92' lang='lat' dir='ltr'><strong>non</strong></span> <span class='ocrx_word' id='word_1_304' title='bbox 826 2530 976 2566; x_wconf 85' lang='lat' dir='ltr'><strong>insolita</strong></span> <span class='ocrx_word' id='word_1_305' title='bbox 1001 2532 1151 2577; x_wconf 87' lang='lat' dir='ltr'><strong>ponitur</strong></span> <span class='ocrx_word' id='word_1_306' title='bbox 1175 2544 1243 2577; x_wconf 86' lang='lat' dir='ltr'><strong>pro</strong></span> <span class='ocrx_word' id='word_1_307' title='bbox 1275 2532 1454 2568; x_wconf 85' lang='lat' dir='ltr'><strong>adverbio</strong></span> <span class='ocrx_word' id='word_1_308' title='bbox 1478 2532 1527 2567; x_wconf 89' lang='lat' dir='ltr'><strong>ad</strong></span> <span class='ocrx_word' id='word_1_309' title='bbox 1552 2533 1622 2568; x_wconf 86' lang='lat' dir='ltr'><strong>sol-</strong></span> 
     </span>
     <span class='ocr_line' id='line_1_38' title="bbox 145 2587 1620 2636; baseline 0.002 -13"><span class='ocrx_word' id='word_1_310' title='bbox 145 2587 256 2623; x_wconf 86' lang='lat' dir='ltr'><strong>vendi</strong></span> <span class='ocrx_word' id='word_1_311' title='bbox 279 2588 435 2624; x_wconf 82' lang='lat' dir='ltr'><strong>verbum</strong></span> <span class='ocrx_word' id='word_1_312' title='bbox 458 2588 666 2630; x_wconf 76' lang='lat' dir='ltr'><strong>referendo,</strong></span> <span class='ocrx_word' id='word_1_313' title='bbox 693 2588 760 2625; x_wconf 85' lang='lat' dir='ltr'><strong>cfr.</strong></span> <span class='ocrx_word' id='word_1_314' title='bbox 785 2588 833 2630; x_wconf 93' lang='grc' dir='ltr'><strong>Π,</strong></span> <span class='ocrx_word' id='word_1_315' title='bbox 866 2589 928 2631; x_wconf 88' lang='grc'><strong>51;</strong></span> <span class='ocrx_word' id='word_1_316' title='bbox 967 2590 1026 2626; x_wconf 83' lang='lat' dir='ltr'><strong>vel</strong></span> <span class='ocrx_word' id='word_1_317' title='bbox 1056 2591 1095 2625; x_wconf 90' lang='lat' dir='ltr'><strong>in</strong></span> <span class='ocrx_word' id='word_1_318' title='bbox 1119 2602 1230 2636; x_wconf 89' lang='lat' dir='ltr'><strong>prosa</strong></span> <span class='ocrx_word' id='word_1_319' title='bbox 1256 2591 1424 2626; x_wconf 85' lang='lat' dir='ltr'><strong>oratione</strong></span> <span class='ocrx_word' id='word_1_320' title='bbox 1450 2591 1509 2626; x_wconf 85' lang='lat' dir='ltr'><strong>hic</strong></span> <span class='ocrx_word' id='word_1_321' title='bbox 1535 2603 1620 2626; x_wconf 88' lang='lat' dir='ltr'><strong>usus</strong></span> 
     </span>
     <span class='ocr_line' id='line_1_39' title="bbox 146 2645 339 2691; baseline 0.01 -11"><span class='ocrx_word' id='word_1_322' title='bbox 146 2645 339 2691; x_wconf 82' lang='lat' dir='ltr'><strong>reperitur.</strong></span> 
     </span>
    </p>

    <p class='ocr_par' dir='ltr' id='par_1_16' title="bbox 241 2705 1618 2755">
     <span class='ocr_line' id='line_1_40' title="bbox 241 2705 1618 2755; baseline 0.004 -16"><span class='ocrx_word' id='word_1_323' title='bbox 241 2705 320 2742; x_wconf 84' lang='lat'><strong>155.</strong></span> <span class='ocrx_word' id='word_1_324' title='bbox 369 2706 621 2751; x_wconf 73' lang='lat' dir='ltr'><strong>Styyia-arte</strong></span> <span class='ocrx_word' id='word_1_325' title='bbox 644 2707 666 2742; x_wconf 92' lang='lat' dir='ltr'><strong>i.</strong></span> <span class='ocrx_word' id='word_1_326' title='bbox 695 2718 724 2742; x_wconf 83' lang='lat' dir='ltr'><strong>e.</strong></span> <span class='ocrx_word' id='word_1_327' title='bbox 755 2707 911 2752; x_wconf 86' lang='lat' dir='ltr'><strong>magica,</strong></span> <span class='ocrx_word' id='word_1_328' title='bbox 936 2710 978 2743; x_wconf 88' lang='lat' dir='ltr'><strong>ut</strong></span> <span class='ocrx_word' id='word_1_329' title='bbox 1002 2719 1141 2744; x_wconf 84' lang='lat' dir='ltr'><strong>carmen</strong></span> <span class='ocrx_word' id='word_1_330' title='bbox 1168 2709 1327 2755; x_wconf 68' lang='lat' dir='ltr'><strong>Stygium</strong></span> <span class='ocrx_word' id='word_1_331' title='bbox 1357 2709 1440 2744; x_wconf 87' lang='lat' dir='ltr'><strong>Luc.</strong></span> <span class='ocrx_word' id='word_1_332' title='bbox 1460 2709 1520 2754; x_wconf 87' lang='lat' dir='ltr'><strong>VI,</strong></span> <span class='ocrx_word' id='word_1_333' title='bbox 1540 2708 1618 2744; x_wconf 81' lang='lat'><strong>766.</strong></span> 
     </span>
    </p>
   </div>
   <div class='ocr_carea' id='block_1_6' title="bbox 0 2008 67 3100">
    <p class='ocr_par' dir='ltr' id='par_1_17' title="bbox 0 2008 67 3100">
     <span class='ocr_line' id='line_1_41' title="bbox 0 2008 67 3100; baseline 0 0"><span class='ocrx_word' id='word_1_334' title='bbox 0 2008 67 3100; x_wconf 95' lang='lat' dir='ltr'><strong> </strong></span> 
     </span>
    </p>
   </div>
  </div>
 </body>
</html>
