1890 3100
568 259 956 296 ARGONAVTICON
981 259 1128 294 LIBER
1153 259 1222 296 ΠΙ,
1540 262 1625 305 257

251 380 342 432 ipsa
369 380 576 418 citatarum
603 379 723 417 tellus
752 378 855 430 pede
883 378 1026 430 plausa
1054 391 1233 416 sororum

251 451 440 497 personat
467 451 509 484 et
534 444 684 483 teneris
713 443 921 482 summittit
949 444 1129 494 gramina
1155 443 1315 495 plantis.

254 523 276 549 e
306 511 449 562 quibus
477 509 680 548 Herculeo
708 509 876 560 Dryope
905 521 1098 560 percussa
1125 508 1298 560 fragore,

255 589 344 613 cum
371 575 558 626 fugerent
583 575 664 613 iam
691 574 775 612 tela
802 574 925 621 ferae,
954 579 1206 626 processerat
1234 573 1339 612 ultra
1630 579 1685 608 530

252 640 454 678 turbatum
480 640 616 678 visura
642 652 795 686 nemus,
824 639 1056 691 fontemque
1084 638 1251 691 petebat

252 718 388 744 rursus
417 710 458 744 et
485 705 674 743 attonitos
702 704 906 743 referebat
935 704 986 742 ab
1014 704 1193 743 Hercule
1221 704 1370 743 vultus.

252 770 356 808 hanc
385 769 551 822 delapsa
576 769 669 822 polo
698 770 921 822 piceaeque
950 769 1118 808 adclinis
1149 783 1299 822 opacae

253 835 355 873 Iuno
382 841 501 885 vocat
527 848 754 887 prensaque
783 849 904 873 manu
932 836 989 873 sic
1016 835 1166 873 blanda
1196 835 1392 886 profatur:

255 905 387 952 ‘quem
414 900 486 939 tibi
514 900 699 951 coniugio
726 905 786 938 tot
815 899 1033 952 dedignata
1060 899 1200 947 dicavi,
1632 911 1687 942 535

254 965 452 1016 Nympha,
482 978 636 1017 procos,
667 978 719 1004 en
746 966 971 1004 Haemonia
998 978 1098 1017 puer
1127 965 1282 1017 appulit
1310 965 1414 1012 alno,

257 1030 387 1069 clarus
415 1030 559 1082 Hylas,
590 1031 797 1083 saltusque
826 1037 917 1069 tuos
946 1036 1183 1083 montesque
1212 1037 1403 1082 pererrat.

256 1095 390 1134 vidisti
417 1096 542 1135 roseis
570 1096 671 1135 haec
699 1110 772 1148 per
801 1096 891 1135 loca
918 1097 1102 1135 Bacchus
1132 1096 1300 1134 habenis

257 1174 346 1199 cum
374 1160 542 1199 domitas
572 1162 678 1200 acies
709 1167 749 1200 et
779 1162 858 1200 Eoi
886 1162 1038 1200 fercula
1065 1162 1181 1213 regni

256 1225 422 1264 duceret
451 1240 497 1264 ac
524 1240 660 1264 rursus
690 1227 842 1265 thiasos
872 1232 912 1265 et
942 1240 1057 1265 sacra
1083 1232 1329 1274 moventem3
1632 1249 1688 1279 540

255 1291 362 1329 hunc
390 1291 463 1329 tibi
490 1291 557 1330 vel
583 1292 713 1343 posito
741 1298 957 1330 venantem
984 1293 1144 1344 pectine
1173 1291 1381 1330 Phoebum

258 1355 376 1394 crede
406 1355 500 1394 dari.
558 1370 661 1408 quae
692 1370 783 1408 spes
811 1357 1010 1408 Nymphis
1040 1357 1218 1396 aufertur
1245 1357 1438 1395 Achaeis!

256 1426 510 1472 praereptum
539 1427 687 1473 quanto
716 1421 849 1473 proles
878 1422 1057 1460 Boebeia
1085 1428 1231 1474 questu

244 1527 325 1563 527.
374 1529 476 1563 tellus
507 1527 598 1571 pede
625 1528 776 1572 plau-scu
815 1527 867 1562 sic
899 1527 993 1562 Stat.
1025 1528 1106 1564 silv.
1132 1528 1160 1569 Ι,
1187 1528 1220 1569 3,
1247 1528 1294 1563 74
1329 1533 1458 1564 natatu
1488 1529 1635 1573 plaudit

149 1598 265 1632 aquas
301 1589 449 1634 (Auson.
482 1587 574 1622 Mos.
606 1587 675 1622 344
701 1587 892 1631 plaudenti
921 1588 1073 1632 yelidum
1104 1589 1234 1631 flumen
1259 1589 1441 1633 pepulisse
1477 1590 1632 1635 natatu);

151 1646 233 1682 Tib.
257 1646 288 1688 Ι,
313 1646 348 1688 2,
372 1646 419 1680 66
450 1647 624 1690 applausu
661 1647 787 1691 batem
820 1646 931 1691 Verg.
970 1658 1097 1692 georg.
1123 1647 1192 1689 ΠΙ,
1220 1647 1289 1683 186
1314 1649 1468 1692 plausae
1496 1649 1635 1684 sonitus

150 1706 315 1750 cervicis,-
344 1705 446 1741 idem
471 1707 528 1741 est
553 1705 651 1750 quod
677 1705 768 1740 dicit
793 1705 890 1742 Stat.
907 1705 1022 1741 Theb.
1050 1706 1110 1747 IV,
1139 1708 1182 1741 11
1203 1707 1348 1751 plaudit
1373 1718 1478 1752 equos
1502 1709 1541 1743 et
1567 1707 1634 1743 Ov.

150 1765 238 1800 met.
265 1763 313 1806 Π,
338 1764 409 1799 866
439 1769 589 1809 pectora
606 1765 755 1809 praebet
786 1765 952 1810 Virginea
970 1766 1180 1810 plaudenda
1215 1778 1342 1808 mamm
1381 1766 1443 1802 Sil.
1469 1767 1537 1807 ΙΙΙ,
1564 1767 1634 1802 348

151 1834 296 1859 resonas
318 1823 493 1868 plaudere
515 1828 662 1859 caetras.
715 1823 788 1860 Cfr.
814 1824 896 1860 Val.
922 1824 984 1866 IV,
1011 1825 1090 1860 358.

249 1882 330 1918 528.
381 1881 455 1918 Cfr.
474 1882 580 1920 Lucr.
598 1882 625 1924 L
641 1883 661 1917 7
688 1894 763 1928 seq.
789 1884 854 1919 tibi
878 1885 999 1919 suavis
1023 1885 1175 1920 daedala
1190 1886 1292 1921 tellus
1314 1886 1501 1921 summittit
1518 1887 1634 1928 flores.

245 1941 326 1977 529.
374 1941 548 1987 Dryopen
577 1942 683 1976 finxit
715 1942 795 1987 ipse
820 1942 999 1984 Valerius,
1035 1954 1172 1979 nomen
1204 1944 1363 1980 fortasse
1398 1945 1555 1990 sumpsit
1590 1956 1635 1980 ex

151 2000 261 2046 Verg.
287 2000 378 2036 Aen.
403 2000 447 2042 X,
474 2000 552 2035 551.

245 2059 324 2094 531.
368 2059 511 2104 petebat
546 2059 768 2105 imperfecto
793 2060 911 2095 utitur
942 2063 1066 2106 poeta⁷
1094 2062 1180 2106 quia
1205 2063 1370 2108 nympha
1404 2065 1581 2099 revocata
1613 2075 1635 2098 a

150 2117 292 2154 Iunone
315 2130 391 2154 non
415 2118 464 2153 ad
489 2118 635 2154 fontem
657 2119 840 2164 pervenit.

245 2177 325 2214 537.
372 2177 554 2222 fontesque
578 2177 673 2219 Vat„
699 2183 899 2223 monte-sque
922 2178 1125 2216 Baehrens.

247 2236 325 2271 539.
373 2237 510 2279 fercula
535 2258 580 2263 —
604 2237 742 2272 duceret
767 2249 817 2273 sc.
843 2238 881 2272 in
906 2250 1043 2283 pompa
1077 2239 1306 2285 triumphali⁷
1345 2242 1387 2275 ut
1412 2240 1496 2277 Sen.
1522 2242 1631 2278 Herc,

153 2294 234 2331 Oet.
261 2295 344 2341 110;
370 2295 464 2332 Stat.
490 2295 607 2332 Theb.
633 2296 714 2332 XII.
739 2297 826 2341 5243
852 2297 963 2334 Prud.
994 2298 1034 2332 in
1069 2298 1206 2343 Symm.
1238 2299 1281 2341 Π,
1316 2299 1383 2334 581
1417 2301 1456 2335 et
1487 2301 1633 2346 saepius

152 2354 253 2400 apud
277 2355 476 2400 scriptores
499 2355 698 2401 prosaicos.

245 2413 324 2448 540.
373 2418 577 2460 moventem3
611 2415 763 2451 consilio
795 2416 1108 2452 constructionem
1138 2418 1300 2452 mutavit
1332 2420 1466 2463 poeta:
1498 2418 1635 2454 ‘vidisti

150 2483 237 2509 cum
260 2472 414 2509 duceret
440 2475 478 2509 et
501 2463 628 2508 vidisti
652 2475 887 2517 moventem’,
912 2476 954 2510 ut
978 2476 1163 2512 indicaret
1196 2488 1270 2512 non
1303 2477 1434 2513 eodem
1464 2479 1634 2524 tempore

153 2531 221 2566 has
244 2542 304 2567 res
329 2531 420 2567 duas
443 2531 565 2568 factas
598 2543 687 2574 esse⁷
720 2533 787 2569 sed
818 2534 913 2569 vidit
948 2535 1097 2581 Dryope
1121 2535 1311 2572 Bacchum
1341 2537 1563 2572 bessatorem
1595 2538 1634 2572 et

153 2589 333 2626 victorem
358 2601 403 2626 ex
427 2590 534 2626 India
559 2592 789 2633 redeuntem.
815 2594 896 2628 tum
919 2595 1052 2639 postea
1079 2606 1163 2630 eum
1187 2595 1329 2631 thiasos
1356 2597 1393 2631 et
1420 2607 1526 2631 sacra
1557 2608 1633 2632 mo-

39 2647 42 2654 '
62 2638 78 2698 'fl
154 2650 320 2691 ventem;
346 2649 392 2685 de
417 2650 487 2685 hac
511 2650 593 2696 ipsa
617 2650 804 2687 locutione
830 2651 898 2693 cfr.
923 2653 972 2688 ad
995 2653 1075 2688 232.

55 2703 75 2725 Ἀ
249 2706 329 2744 543.
372 2709 493 2753 proles
517 2709 671 2746 Boebeia
695 2712 781 2745 sunt
805 2712 992 2757 nymphae
1018 2712 1216 2749 Boebeidis
1241 2714 1387 2759 paludis
1417 2713 1630 2748 Thessaliae

1355 2773 1396 2806 17
