1890 3100
268 204 354 247 486
784 204 820 240 c.
847 205 1026 240 VALERI
1051 206 1225 242 FLAOCI

376 327 496 374 atque
525 323 668 361 iterum
698 323 819 363 durae
849 338 969 376 cogar
998 338 1129 363 comes
1158 326 1215 364 ire
1245 326 1397 365 sorori?

377 393 416 426 et
446 401 551 426 nunc
579 388 648 427 ille
680 402 751 427 sua
779 403 859 428 non
889 403 1130 442 quemquam
1160 397 1266 430 sorte
1295 394 1458 440 moveri,

372 466 452 490 non
480 453 606 492 ullum
634 455 862 493 meminisse
891 461 1014 507 putat,
1046 470 1214 508 cumque
1245 458 1426 496 omnibus
1456 458 1537 497 odit

371 531 435 557 me
466 532 636 571 quoque.
694 520 887 572 siquando
916 521 1036 559 fuerit
1064 527 1198 559 tamen
1227 521 1311 559 ulla
1337 528 1528 574 potestas,
1750 549 1805 579 205

371 583 483 622 illum
513 597 599 635 ego,
631 585 699 636 qui
727 584 820 623 diris
851 586 948 624 cinis
977 587 1138 624 ultimus
1169 587 1344 625 haeserit
1373 588 1491 635 arvis,

375 662 557 701 ossaque,
589 650 676 701 quis
705 651 806 688 tauri
837 664 1062 703 saevusque
1091 653 1315 703 pepercerit
1343 653 1458 704 ignis,

373 727 604 766 componam
634 715 850 767 sedemque
881 715 995 755 dabo.
1026 717 1085 754 fas
1115 723 1209 755 tunc
1239 718 1334 756 mihi
1361 731 1499 757 manes

370 779 560 818 dilexisse
589 781 663 817 viri
691 780 925 833 tumuloque
954 782 1026 819 has
1055 782 1224 821 reddere
1254 783 1395 821 curas’.

416 845 597 883 Dixerat.
655 859 750 883 ecce
778 851 863 884 toro
893 847 1029 884 Venus
1058 847 1272 899 improvisa
1299 848 1458 896 resedit,
1747 868 1802 898 210

369 910 472 948 sicut
501 916 586 948 erat
613 915 766 948 mutata
795 910 909 948 deam
939 912 1184 964 mentitaque
1214 914 1329 964 pictis

374 975 554 1012 vestibus
585 980 624 1012 et
652 976 808 1026 magica
837 975 982 1014 Circen
1010 977 1196 1015 Titanida
1224 978 1347 1029 virga.

366 1039 436 1077 illa
464 1039 576 1078 velut
604 1039 703 1078 lenti
731 1040 893 1078 fallatur
920 1041 1094 1092 imagine
1125 1043 1262 1090 somni,

365 1105 429 1143 hic
459 1105 595 1143 oculos
624 1106 777 1143 incerta
804 1111 916 1144 tenet
944 1107 1157 1158 magnique
1188 1121 1363 1146 sororem

363 1170 554 1221 paulatim
583 1176 696 1222 putat
725 1184 815 1209 esse
844 1171 984 1222 patris3
1014 1178 1098 1209 tum
1125 1172 1258 1210 flebile
1289 1173 1468 1224 gaudens
1744 1189 1800 1219 215

362 1235 545 1286 prosiluit
574 1249 801 1287 saevaeque
830 1237 933 1274 ultro
962 1237 1053 1274 tulit
1082 1237 1218 1275 oscula
1246 1237 1374 1285 divae,

365 1314 411 1338 ac
439 1300 561 1352 prior:
594 1305 628 1339 ‘o
657 1301 832 1348 tandem,
860 1302 928 1339 vix
957 1301 1119 1340 tandem
1147 1302 1304 1341 reddita
1333 1303 1450 1342 Circe

363 1365 463 1404 dura
490 1366 580 1414 tuis,
613 1380 715 1418 quae
744 1373 784 1405 te
814 1367 958 1418 biiugis
989 1368 1239 1419 serpentibus
1271 1369 1353 1420 egit

362 1431 454 1469 hinc
484 1431 607 1482 fuga?
636 1445 791 1484 quaeve
820 1432 895 1470 fuit
922 1433 1059 1484 patriis
1089 1446 1199 1471 mora
1227 1434 1376 1484 gratior
1405 1434 1511 1473 oris?

353 1532 432 1566 202.
484 1533 610 1567 iterum
634 1553 679 1558 —
705 1544 816 1568 comes
841 1533 907 1575 ἱνα
934 1533 1008 1568 vid.
1036 1533 1096 1573 VI,
1124 1534 1193 1568 482
1219 1546 1321 1580 seqq.

353 1591 432 1628 209.
481 1592 625 1626 reddere
649 1603 770 1633 curas,
797 1594 977 1637 tanquam
1003 1592 1150 1628 debitas
1175 1593 1399 1638 impendere.

349 1651 429 1687 211.
479 1652 570 1686 sicul
595 1656 671 1686 erat
697 1653 717 1686 i.
745 1663 775 1687 e.
805 1658 848 1687 ea
874 1651 993 1687 forma
1018 1663 1090 1697 qua
1120 1652 1309 1695 intrabat3
1347 1657 1486 1689 mutata
1524 1654 1634 1696 deam,
1666 1654 1741 1691 vid.

255 1710 375 1755 praef.
403 1721 482 1756 cap.
510 1710 577 1746 III.

347 1770 502 1811 mentita,
531 1770 663 1806 eadem
688 1770 971 1815 significatione,
998 1771 1064 1806 sed
1089 1770 1237 1816 passive
1263 1783 1375 1817 supra
1400 1784 1435 1808 v.
1462 1771 1542 1810 155,

347 1829 427 1867 212.
482 1830 622 1865 Titanis
649 1829 752 1865 Circe
777 1829 990 1865 nominatur
1014 1831 1057 1864 ut
1082 1830 1157 1864 filia
1175 1829 1280 1875 Solis,
1307 1830 1353 1866 de
1371 1842 1443 1877 qua
1458 1843 1500 1867 re
1517 1831 1597 1867 fere
1615 1843 1741 1868 omnes

252 1888 452 1934 scriptores
490 1889 577 1924 inde
604 1889 648 1924 ab
673 1889 833 1924 Homero
860 1889 1108 1934 consentiunt,
1147 1890 1189 1924 ut
1216 1889 1282 1926 Od.
1323 1890 1365 1936 X,
1392 1890 1460 1925 136
1497 1902 1615 1936 seqq.;
1653 1891 1738 1927 Hes.

252 1949 382 1993 theog.
409 1948 495 1992 9563
535 1949 631 1993 Hyg.
670 1948 747 1984 fab.
784 1961 821 1994 p.
861 1949 905 1983 12
931 1950 968 1984 et
1006 1948 1079 1983 fab.
1120 1948 1211 1995 1993
1248 1949 1369 1994 Apoll.
1406 1949 1469 1991 IV,
1502 1950 1592 1992 589;
1629 1951 1738 1989 Mart.

252 2006 355 2047 VIII,
382 2007 438 2048 36,
465 2007 510 2042 10
536 2007 582 2043 al.
609 2007 742 2042 Mirum
767 2007 891 2052 igitur,
931 2008 1030 2052 quod
1056 2008 1155 2053 apud
1179 2008 1286 2044 Diod.
1313 2008 1374 2050 IV,
1401 2008 1448 2043 45
1475 2020 1557 2045 eam
1581 2009 1738 2054 legimus

253 2077 333 2102 esse
358 2067 474 2102 filiam
511 2067 653 2102 Aeetae
691 2068 730 2102 et
767 2067 937 2110 Hecates,
986 2067 1086 2102 cuius
1125 2067 1351 2103 narrationis
1395 2069 1586 2104 auctorem
1625 2067 1737 2104 affert

251 2125 468 2170 Dionysium
493 2126 677 2161 Milesium
702 2126 816 2162 schol.
842 2126 963 2171 Apoll.
990 2126 1056 2167 III,
1084 2126 1175 2169 200;
1202 2127 1282 2163 242.

345 2185 425 2219 214.
475 2186 594 2220 oeulos
617 2207 653 2211 -*
688 2189 789 2227 tenet,
815 2185 901 2221 vide
928 2186 976 2221 ad
1000 2197 1034 2220 v.
1061 2185 1115 2220 30.

345 2243 425 2278 215.
469 2245 661 2288 paullatim
682 2248 813 2288 putat:
841 2245 940 2289 quod
966 2244 1045 2281 fere
1069 2245 1122 2286 fit,
1150 2257 1234 2281 cum
1260 2256 1304 2281 ex
1330 2245 1435 2291 gravi
1451 2257 1580 2283 somno
1605 2256 1734 2291 exper-

254 2302 438 2348 giscimur,
464 2304 506 2337 ut
531 2314 605 2338 non
631 2303 755 2339 statim
788 2304 922 2349 omnia,
949 2315 1043 2348 quae
1070 2304 1205 2339 circum
1230 2316 1297 2340 nos
1323 2305 1419 2347 sunt,
1444 2304 1555 2350 plane
1581 2315 1734 2349 cognos-

251 2373 388 2397 camus.

338 2422 449 2464 flebile
471 2422 651 2467 qaudens:
697 2423 803 2458 Hom.
831 2422 873 2458 Il.
904 2422 962 2464 VI,
989 2423 1059 2458 484
1085 2424 1244 2469 δακρυόεν
1269 2425 1436 2469 γελάσασα
1444 2436 1453 2465 ;
1491 2422 1585 2458 Stat.
1613 2423 1731 2460 Theb.

246 2480 330 2522 XII,
356 2481 427 2516 426
449 2482 561 2524 flebile
583 2483 736 2526 yavisae.

341 2540 422 2577 219.
470 2541 592 2586 Apoll.
617 2540 686 2582 ΙΙΙ,
713 2540 782 2576 309
821 2541 965 2576 Circam
1003 2553 1110 2577 curru
1143 2541 1235 2577 Solis
1259 2541 1377 2587 patris
1413 2541 1451 2576 in
1489 2541 1731 2586 Tyrrheniam

247 2604 416 2636 avectam
434 2611 513 2636 esse
532 2600 852 2642 commemoravit3
879 2600 985 2635 huius
1005 2600 1156 2636 fabulae
1174 2602 1361 2636 auctorem
1379 2601 1492 2636 schol.
1518 2601 1541 2636 1.
1559 2601 1582 2636 l.
1603 2600 1731 2637 Hesio-

249 2660 337 2694 dum
362 2659 547 2703 nominat;
575 2659 640 2696 cfr.
666 2659 774 2695 Diod.
801 2659 862 2700 IV,
889 2660 964 2706 45.ῥ
