1890 3100
209 216 296 260 350
735 213 772 249 c.
798 213 980 248 VALERI
1005 212 1180 248 FLACCI

316 339 439 385 teque
471 334 549 371 cita
575 333 736 384 penitus
766 332 953 380 condunt,
982 332 1169 384 Erythia,
1200 332 1344 371 carina.

314 399 474 451 iamque
504 398 724 437 reducebat
752 404 910 436 noctem
938 398 1073 450 polus:
1105 398 1187 436 alta
1216 397 1423 437 Carambis

316 463 468 501 raditur
498 469 538 502 et
566 477 737 515 magnae
766 464 912 515 pelago
941 463 1076 501 tremit
1102 463 1243 501 umbra
1273 463 1456 514 Sinopes.

313 529 504 580 Assyrios
536 528 745 580 complexa
774 529 883 567 sinus
915 533 994 566 stat
1022 529 1154 580 opima
1184 528 1346 580 Sinope,

313 594 493 645 nympha
519 594 628 646 prius
653 593 908 645 ,blandosque
937 594 1044 632 Iovis
1075 607 1178 646 quae
1207 594 1359 632 luserat
1386 594 1501 644 ignes
1700 607 1753 637 110

315 659 517 697 caelicolis
546 658 709 697 immota
736 660 886 710 procis3
917 658 1110 710 deceptus
1141 664 1297 697 amatae

315 724 456 763 fraude
486 724 587 763 deae
615 737 692 762 nec
722 725 830 762 solus
858 724 991 776 Halys
1020 737 1096 762 nec
1125 725 1233 763 solus
1263 723 1423 776 Apollo.

368 789 536 828 Addidit
563 790 629 828 hic
658 803 754 828 casu
785 791 949 828 comites
978 790 1156 828 Fortuna
1184 790 1359 841 benigno

314 855 562 907 Autolycum
589 855 883 907 Phlogiumque
913 861 953 894 et
979 856 1209 901 Deileonta,
1241 861 1400 894 secutos

315 920 503 959 Herculis
534 934 644 958 arma
672 921 798 969 viros;
828 933 955 971 vagus
984 921 1058 959 hos
1086 921 1142 959 ibi
1169 921 1313 959 fixerat
1343 933 1464 959 error.
1699 926 1752 955 115

315 992 360 1024 ut
390 985 552 1024 Graiam
580 985 720 1024 videre
748 999 910 1023 manum
937 999 1193 1038 puppemque
1221 985 1447 1037 Pelasgam,

245 1082 248 1088 ,
315 1052 443 1102 prima
470 1056 591 1089 ruunt
619 1050 773 1089 celeres
804 1050 855 1089 ad
883 1051 1000 1089 litora
1029 1064 1154 1103 seque
1182 1056 1397 1102 precantur

316 1116 514 1168 accipiant
543 1116 683 1154 socios.
741 1129 848 1154 nova
877 1116 958 1154 dux
987 1116 1181 1155 accedere
1211 1116 1361 1167 gaudet

314 1182 477 1220 nomina
506 1181 687 1220 desertos
718 1187 758 1220 et
786 1182 865 1219 iam
895 1182 970 1220 sibi
999 1195 1159 1221 currere
1187 1195 1332 1220 remos.

311 1246 455 1285 transit
482 1246 614 1298 Halys
643 1246 856 1299 longisque
886 1247 1014 1285 fluens
1045 1247 1300 1285 amfractibus
1329 1247 1404 1285 Iris

301 1377 380 1412 106.
431 1378 597 1419 condunt,
625 1377 692 1412 cfr.
719 1377 768 1419 Π,
794 1377 875 1414 443.

301 1437 381 1473 107.
430 1438 506 1472 alta
532 1436 725 1472 Carambis
750 1437 975 1482 nominatur,
1002 1436 1087 1482 quia
1107 1438 1163 1473 est
1179 1436 1485 1482 promontorium,
1509 1436 1584 1473 vid.
1602 1436 1695 1471 Plin.

207 1498 287 1533 nat.
313 1497 398 1532 hist.
425 1496 469 1537 II,
496 1497 582 1539 2453
609 1496 653 1540 X,
680 1497 737 1533 60.

304 1556 382 1591 108.
436 1556 620 1591 Carambis
644 1556 804 1599 raditum
830 1557 940 1592 notus
966 1556 1027 1591 hic
1052 1568 1139 1591 usus
1164 1555 1271 1591 verbi
1295 1555 1455 1591 radendi
1481 1555 1527 1591 de
1559 1555 1693 1597 nautis,

206 1615 270 1661 qui
293 1617 437 1651 terram
460 1616 813 1661 praetervehuntur,
847 1627 892 1651 ex
918 1618 1028 1661 Verg.
1055 1616 1147 1651 Aen.
1173 1614 1241 1657 III,
1269 1614 1354 1657 700;
1392 1614 1475 1656 VII,
1505 1614 1569 1657 10;
1608 1615 1696 1650 Luc.

210 1674 311 1720 VIII,
349 1675 436 1719 2463
474 1674 578 1709 Paul.
617 1674 683 1710 vit.
722 1675 832 1709 Mart.
860 1674 907 1716 II,
941 1675 979 1717 53
1016 1675 1131 1710 etiam
1169 1674 1304 1710 dicitur
1339 1674 1386 1710 de
1423 1673 1552 1710 fluvio:
1591 1674 1695 1712 Lucr.

205 1734 247 1776 V,
274 1734 363 1776 2563
391 1733 474 1769 Seu.
500 1734 660 1769 Phaedr.
688 1733 752 1776 16;
780 1734 867 1770 Luc.
894 1733 941 1775 II,
967 1734 1048 1769 425.
1081 1734 1243 1769 Pulchra
1268 1733 1432 1778 imagine
1451 1733 1585 1778 Sinope
1608 1733 1697 1769 urbs

206 1793 302 1828 mari
326 1793 524 1829 imminens
551 1793 785 1835 describitur,
811 1793 980 1838 pluribus
1005 1793 1140 1834 verbis,
1174 1793 1240 1829 sed
1270 1793 1391 1828 minus
1416 1794 1574 1829 venuste
1599 1792 1697 1828 simi-

205 1852 281 1888 lem
305 1852 428 1898 pingit
457 1852 661 1898 Maginem
686 1852 823 1888 Auson.
850 1853 938 1889 Mos.
969 1852 1036 1887 194
1062 1864 1163 1898 seqq.

301 1911 382 1949 109.
431 1913 602 1958 Assyrios
628 1933 670 1938 -
698 1913 815 1955 sinum
848 1911 1018 1958 Assyrios
1050 1912 1242 1948 habitasse
1266 1911 1372 1947 iuxta
1397 1911 1494 1948 ostia
1519 1911 1697 1947 Thermo-

207 1971 330 2006 dontis
355 1971 474 2006 tradit
499 1971 662 2007 Avienus
689 1971 768 2007 orb.
795 1971 904 2016 11533
932 1971 999 2008 cfr.
1017 1972 1137 2017 Apoll.
1157 1966 1205 2012 11,
1224 1971 1293 2006 948
1312 1983 1395 2006 cum
1412 1970 1543 2013 schol.;
1568 1970 1697 2016 paullo

208 2030 418 2066 accuratius
456 2031 502 2066 de
539 2031 738 2076 Nymphae
777 2031 871 2066 dolis
910 2030 988 2076 egit
1012 2031 1133 2077 Apoll.
1172 2031 1195 2067 1.
1233 2031 1267 2072 l.‚
1308 2042 1418 2076 quem
1454 2030 1602 2066 secutus
1641 2031 1698 2065 est

206 2089 393 2132 Valerius3
432 2090 544 2125 aliam
581 2090 838 2126 narrationem
875 2090 1020 2126 habent
1056 2090 1171 2126 schol.
1208 2090 1232 2126 l.
1263 2090 1287 2125 l.
1327 2091 1366 2126 et
1393 2090 1500 2126 Diod.
1531 2090 1593 2132 IV,
1634 2091 1695 2133 72;

205 2149 435 2184 mentionem
451 2150 602 2184 tantum
615 2150 811 2195 Nymphae
829 2149 972 2184 faciunt
984 2149 1098 2186 Prisc.
1111 2149 1253 2195 perieg.
1268 2149 1354 2192 750;
1373 2149 1503 2186 Avien.
1522 2149 1599 2185 orb.
1615 2149 1695 2186 953.

304 2208 380 2244 113.
433 2208 490 2244 De
515 2208 572 2243 his
598 2208 768 2244 Herculis
800 2209 997 2244 comitibus
1029 2208 1096 2244 cfr.
1123 2209 1242 2254 Apoll.
1269 2209 1318 2250 II,
1352 2208 1421 2244 958
1447 2219 1559 2254 seqq„
1586 2220 1697 2253 quem

205 2268 353 2303 secutus
381 2269 438 2302 est
462 2267 632 2303 Valerius
641 2282 649 2310 ;
676 2268 749 2304 vid.
778 2268 893 2304 etiam
918 2268 1032 2304 schol.
1059 2268 1179 2313 Apoll.
1208 2269 1246 2303 et
1272 2269 1366 2314 Hyg.
1394 2268 1468 2304 fab.
1497 2269 1550 2302 14.

302 2326 380 2361 116.
430 2338 542 2372 vayus
567 2348 611 2353 ——
638 2339 752 2362 error:
781 2327 847 2364 Ov.
873 2329 963 2364 met.
989 2328 1050 2370 IV,
1080 2328 1161 2364 502.

303 2386 382 2422 119.
433 2397 525 2422 nova
551 2410 582 2415 -
620 2388 775 2429 nomina,
802 2387 877 2423 vid.
904 2399 1016 2433 supra
1040 2400 1074 2422 v.
1101 2388 1157 2424 61.

299 2456 439 2481 currere
469 2457 598 2481 remos:
638 2447 727 2491 apte
759 2447 907 2491 quidem
934 2447 984 2481 ad
1008 2458 1088 2482 rem
1113 2448 1183 2482 hoc
1215 2447 1361 2488 dicitur,
1401 2447 1468 2482 sed
1498 2446 1693 2490 inusitate;

203 2507 281 2541 tres
306 2505 375 2540 viri
401 2505 584 2541 accedunt
611 2506 653 2540 ad
679 2517 800 2541 remos
826 2508 903 2541 tres
929 2506 1079 2542 relictos
1106 2507 1154 2541 ab
1184 2506 1344 2542 Hercule
1367 2505 1525 2542 Idmone
1543 2506 1693 2552 Ergino.

299 2565 377 2600 120.
428 2564 580 2600 Poetica
598 2566 656 2600 est
681 2565 882 2610 descriptio
907 2565 1022 2600 trium
1046 2565 1258 2613 fluviorum&
1284 2577 1372 2600 nam
1388 2565 1492 2611 longi
1509 2567 1694 2601 anfractus

204 2624 324 2667 magis
347 2624 619 2660 accommodati
637 2626 762 2660 essent
779 2624 827 2659 ad
845 2624 968 2669 Halyn
986 2636 1097 2669 quam
1115 2625 1164 2659 ad
1188 2624 1289 2666 Irim,
1312 2627 1349 2660 et
1361 2624 1609 2667 Thermodon,
1635 2625 1693 2660 cui

205 2686 330 2718 vastus
356 2683 518 2728 impetus
543 2683 733 2728 tribuitur,
758 2683 870 2728 longe
895 2683 1068 2718 minimus
1096 2685 1153 2719 est
1179 2695 1223 2719 ex
1242 2683 1298 2718 his
1324 2683 1461 2726 tribus;
1488 2684 1550 2720 sed
1573 2688 1696 2719 vastus

1700 1245 1753 1275 120
