1890 3100
523 242 526 246 ’
560 259 946 296 ARGONAVTIOON
972 259 1119 295 LIBER
1144 260 1186 294 V.
1446 314 1449 316 -
1535 261 1622 304 359

245 379 410 426 dixerat,
441 385 561 431 atque
589 379 649 416 illi
677 378 817 417 dextra
846 379 931 417 sine
959 392 1078 417 versa
1105 379 1283 429 magistri
1621 389 1678 419 210

243 445 421 496 protinus
449 445 491 482 in
518 445 681 496 puppim
709 443 826 482 rediit
853 444 949 481 ratis
978 444 1109 481 omine
1140 449 1247 481 certo

244 509 415 547 fluminis
445 523 488 548 os
518 516 762 561 pontumque
790 515 920 548 tuens.
978 508 1183 560 ‘promittis
1213 514 1256 546 ut
1287 521 1381 547 ecce

245 580 368 626 utque
393 573 791 630 vocasvrevehemur'
821 574 887 612 ait.
944 573 1000 611 sic
1029 572 1174 611 deinde
1203 579 1390 624 precatus

246 653 355 678 arma
382 639 494 678 iubet
511 631 631 678 'celsa
658 639 787 677 socios
817 637 1050 690 depromere
1079 652 1224 690 puppe.

246 704 350 742 dona
378 704 522 743 dehinc
549 704 698 742 Bacchi
727 716 923 755 casusque
952 709 996 741 ut
1022 703 1152 741 firmet
1179 704 1220 741 in
1249 717 1386 742 omnes
1621 709 1677 740 215

245 776 358 821 rapta
387 769 526 816 Ceres,
554 768 781 820 viridesque
811 774 995 820 premunt
1023 767 1144 819 longo
1174 768 1311 807 ordine
1339 770 1459 821 ripas.

298 834 436 886 Incipe
465 847 569 872 nunc
599 840 738 872 cantus
768 834 878 880 alios,
909 832 997 880 dea,
1027 833 1194 885 visaque
1223 834 1336 872 vobis

245 899 470 938 Thessalici
499 898 550 937 da
577 898 686 938 bella
713 898 836 937 ducis.
892 912 973 937 non
1001 911 1113 937 mens
1141 899 1248 946 mihi,
1278 913 1359 938 non
1386 899 1487 938 haec

141 1005 224 1040 118:
247 1006 436 1048 fluviorum
455 1005 580 1040 ductor
593 1005 776 1046 Achivum,
798 1004 862 1039 ubi
881 1004 992 1041 schol.
1014 1006 1146 1048 fluvius
1161 1005 1282 1051 inquit
1308 1010 1359 1040 est
1380 1007 1557 1041 ”taz-imus
1579 1006 1620 1041 in

142 1064 309 1108 Graecia3
345 1066 469 1110 ingens
499 1064 711 1100 nominatur
735 1064 797 1102 IV,
825 1063 910 1105 711;
937 1065 1018 1100 vide
1045 1065 1160 1100 etiam
1177 1065 1287 1110 Verg.
1313 1066 1404 1100 Aen.
1431 1065 1514 1111 VH,
1540 1064 1622 1101 792.

233 1123 314 1160 210.
362 1124 442 1159 Hoc
467 1135 577 1159 omen
603 1123 648 1159 de
673 1135 739 1158 suo
765 1123 906 1158 addidit
932 1123 1111 1159 Valerius.

234 1183 358 1218 deam-a
381 1184 467 1229 δέπᾳ
492 1183 563 1218 vid.
589 1183 636 1218 ad
662 1183 688 1227 Ι,
715 1182 794 1217 765.

233 1242 315 1278 211.
356 1253 505 1286 proram
531 1242 626 1283 Vat„
654 1241 753 1286 quod
778 1241 954 1287 explicari
979 1254 1054 1278 non
1078 1243 1222 1288 potest;
1260 1244 1416 1287 puppim
1441 1243 1572 1288 scripsi
1597 1243 1621 1278 i.

144 1313 176 1337 e.
201 1301 311 1336 rediit
336 1302 427 1336 ratis
454 1313 508 1342 eo,
535 1313 607 1346 quo
630 1301 765 1347 puppis
799 1302 888 1346 erat,
915 1303 1156 1346 convertitur,
1183 1302 1249 1337 cfr.
1276 1302 1362 1338 Luc.
1395 1302 1461 1342 HL
1488 1302 1558 1337 545
1583 1303 1624 1338 in

136 1361 292 1406 puppim
315 1361 450 1396 rediere*
471 1365 576 1396 rates.
628 1360 798 1396 Ceterum
822 1361 888 1396 hoc
924 1360 995 1395 nisi
1031 1361 1205 1396 miraculo
1236 1361 1308 1396 iam
1339 1363 1479 1397 factum
1514 1362 1623 1404 esset,

0 1461 6 1470 .
141 1420 369 1466 gubernator
394 1419 579 1456 effecisset
610 1421 692 1455 arte
717 1431 794 1460 sua,
822 1421 887 1456 cfr.
915 1421 1026 1465 Verg.
1052 1421 1143 1456 Aen.
1170 1420 1233 1466 VI,
1260 1421 1282 1455 3
1306 1432 1379 1466 seq.

0 1484 7 1530 ξ’
235 1478 316 1515 215.
364 1489 469 1514 casus
491 1479 555 1524 qui
580 1479 675 1519 Vat„
702 1489 874 1523 casusque
896 1483 937 1514 ut
960 1478 1086 1514 Heius.

0 1534 7 1550 ’¹
235 1537 317 1574 216.
364 1542 473 1582 rapta
499 1537 599 1573 Ceres
623 1539 644 1574 i.
671 1549 702 1573 e.
729 1537 954 1573 frumentum
985 1538 1156 1574 celeriter
1189 1550 1233 1575 ex
1271 1540 1356 1575 navi
1393 1539 1622 1585 depromitur

141 1588 317 1642 cibusque
341 1599 510 1642 paratum
537 1597 584 1633 cf.
611 1597 660 1632 ad
683 1609 716 1632 v.
743 1597 811 1632 271
839 1598 878 1632 et
901 1597 970 1638 111,
997 1598 1077 1633 341.

235 1656 316 1692 217.
365 1656 611 1702 Quaecunque
635 1656 730 1691 infra
756 1656 802 1692 de
830 1656 923 1692 bello
948 1656 1048 1693 inter
1074 1657 1232 1693 Aeetam
1269 1659 1308 1693 et
1344 1658 1483 1694 Persen
1514 1661 1623 1704 gesto

141 1714 308 1751 Valerius
333 1717 399 1750 aut
422 1715 544 1760 tangit
568 1717 632 1750 aut
657 1715 865 1751 accuratius
891 1718 1028 1757 narrat,
1055 1716 1134 1762 ipse
1161 1716 1320 1759 addidit;
1350 1718 1451 1763 apud
1475 1719 1624 1764 Apollo-

70 1806 71 1809 ,
140 1774 244 1809 nium
273 1774 319 1810 de
347 1775 415 1810 hoc
439 1774 537 1810 bello
572 1774 721 1810 omnino
752 1775 842 1810 nihii
875 1775 1024 1820 legitur.
1074 1775 1256 1811 Nimirum
1291 1778 1429 1822 poetae
1454 1778 1622 1814 Romano

19 1869 22 1870 γ
142 1845 215 1869 non
238 1833 329 1868 satis
356 1835 437 1869 erat
461 1845 622 1874 narrare,
649 1835 709 1869 tot
726 1833 944 1869 fortissimos
964 1834 1064 1870 viros
1081 1834 1170 1869 nihil
1189 1835 1318 1880 egisse,
1346 1835 1416 1871 nisi
1441 1837 1486 1872 ut
1500 1848 1623 1873 remos

8 1892 11 1894 ’
60 1908 66 1914 ⁴
140 1893 349 1928 moverent:
374 1893 575 1938 propterea
601 1896 637 1928 et
661 1891 776 1927 fusius
812 1905 977 1938 pugnam
1013 1893 1118 1928 illam
1142 1895 1362 1929 nocturnam
1385 1895 1481 1931 inter
1505 1900 1624 1941 Argo-
1675 1899 1678 1902 '

140 1951 271 1986 nautas
309 1953 348 1987 et
379 1951 575 1996 Cyzicenos
614 1952 846 1987 commissam
883 1953 1055 1998 exposuit
1087 1954 1126 1988 et
1150 1953 1229 1998 ipse
1256 1954 1483 1999 excogitavit
1507 1966 1623 2000 grave

140 2010 286 2053 bellum,
311 2011 410 2056 quod
426 2011 568 2052 Perses,
585 2023 655 2056 quo
681 2016 848 2057 tempore
866 2012 1094 2057 Argonautae
1112 2013 1162 2047 ad
1181 2012 1335 2048 Colchos
1361 2013 1622 2055 adveniebant,

140 2081 223 2105 cum
247 2070 366 2106 fratre
389 2072 560 2115 gesturus
587 2072 679 2111 erat,
706 2082 776 2116 quo
807 2071 941 2106 clarius
976 2072 1284 2117 explendesceret
1308 2072 1426 2108 virtus
1457 2074 1623 2118 heroum,

141 2129 204 2175 qui
229 2129 368 2165 Aeetae
392 2129 430 2164 iu
455 2129 622 2175 angustis
647 2130 758 2165 rebus
785 2129 963 2164 auxilium
988 2129 1143 2166 ferrent.
1193 2131 1367 2167 Fortasse
1402 2132 1516 2168 etiam
1540 2133 1624 2169 loco

141 2187 309 2233 Apollon.
333 2187 403 2229 ΠΙ,
430 2187 500 2223 393
525 2199 626 2233 seqq.
653 2188 818 2223 Valerius
844 2188 1080 2234 aliquomodo
1106 2190 1228 2225 motus
1254 2191 1320 2231 est,
1340 2191 1438 2236 quod
1464 2191 1622 2227 coniecit

141 2245 327 2282 Summers
353 2255 386 2282 ‘a
410 2247 522 2292 study
547 2247 590 2283 of
609 2248 675 2282 the
700 2246 955 2292 Argonautica
982 2247 1024 2283 of
1045 2248 1126 2285 Val.
1154 2249 1315 2284 Flaccus’
1340 2262 1376 2296 p.
1404 2250 1461 2286 22.

234 2306 314 2342 217.
364 2306 472 2351 Apud
503 2306 742 2352 Apollonium
778 2307 891 2342 Erato
926 2307 1132 2349 invocatur,
1170 2311 1213 2343 ut
1249 2311 1387 2350 narret,
1435 2310 1621 2354 quomodo

141 2363 252 2400 Iason
276 2376 427 2401 aureum
453 2365 571 2401 vellus
595 2365 862 2411 reportaverit3
913 2366 1081 2402 Valerius
1121 2366 1236 2403 etiam
1259 2368 1322 2407 VI,
1360 2368 1406 2403 34
1437 2369 1618 2405 maiorum

141 2433 263 2459 rerum
289 2423 457 2459 ordinem
483 2426 721 2460 enarraturus
747 2425 892 2460 Musam
916 2425 1076 2461 invocat.

234 2483 335 2518 vobis
370 2482 393 2518 i.
427 2494 457 2519 e.
482 2483 553 2518 tibi
579 2483 786 2528 ceterisque
812 2484 943 2525 Musis;
983 2484 1052 2520 cfr.
1078 2485 1139 2524 VI,
1166 2486 1214 2520 34
1239 2487 1278 2521 et
1301 2486 1364 2528 41;
1391 2485 1501 2532 Verg.
1529 2489 1620 2522 Aen.

143 2538 205 2586 IX,
222 2541 292 2576 525
315 2552 387 2585 vos,
413 2553 433 2578 o
460 2542 625 2587 Calliope,
646 2553 786 2587 precor,
811 2543 995 2588 adspirate
1018 2546 1160 2580 canenti
1167 2558 1175 2586 ;
1203 2545 1271 2581 cfr.
1290 2545 1339 2580 ad
1363 2545 1464 2587 VIII,
1493 2546 1571 2581 178.

236 2599 316 2636 218.
365 2601 413 2636 da
436 2602 525 2637 bella
549 2601 571 2636 i.
600 2613 631 2638 e.
663 2613 793 2639 narra:
827 2603 913 2638 Hor.
940 2605 1008 2639 sat.
1035 2603 1084 2646 11,
1110 2603 1143 2643 8,
1176 2604 1216 2647 43
1252 2604 1364 2639 Lucil.
1399 2604 1535 2645 XXIX,
1575 2605 1623 2640 39

144 2658 202 2694 ed.
227 2659 292 2702 M.;
318 2660 467 2697 Terent.
493 2661 603 2697 Haut.
629 2662 722 2707 prol.
752 2662 811 2709 103
850 2663 959 2708 Verg.
987 2663 1104 2708 eclog.
1130 2664 1159 2704 Ι,
1187 2664 1247 2706 19;
1275 2665 1390 2700 etiam
1414 2665 1452 2699 in
1477 2665 1622 2710 passivo

143 2728 298 2762 genere:
349 2719 412 2755 Ov.
439 2720 524 2755 fast.
550 2721 612 2762 VI,
649 2721 719 2756 434
744 2721 883 2756 Aeneas
908 2723 1079 2766 eripuisse
1103 2723 1232 2769 datum
1272 2722 1366 2758 Stat.
1395 2723 1512 2759 Theb.
1539 2723 1622 2764 vn,
