<?xml version="1.0" encoding="UTF-8"?>
<!DOCTYPE html PUBLIC "-//W3C//DTD XHTML 1.0 Transitional//EN"
    "http://www.w3.org/TR/xhtml1/DTD/xhtml1-transitional.dtd">
<html xmlns="http://www.w3.org/1999/xhtml" xml:lang="en" lang="en">
 <head>
  <title>
</title>
<meta http-equiv="Content-Type" content="text/html;charset=utf-8" />
  <meta name='ocr-system' content='tesseract 3.04.00' />
  <meta name='ocr-capabilities' content='ocr_page ocr_carea ocr_par ocr_line ocrx_word'/>
</head>
<body>
  <div class='ocr_page' id='page_1' title='image "argonauticonlibr00valeuoft_0321.png"; bbox 0 0 1890 3100; ppageno 0'>
   <div class='ocr_carea' id='block_1_1' title="bbox 644 189 1712 232">
    <p class='ocr_par' dir='ltr' id='par_1_1' title="bbox 644 189 1712 232">
     <span class='ocr_line' id='line_1_1' title="bbox 644 189 1712 232; baseline -0.001 -6"><span class='ocrx_word' id='word_1_1' title='bbox 644 189 1032 227; x_wconf 80' lang='lat' dir='ltr'><strong>ARGONAVTICON</strong></span> <span class='ocrx_word' id='word_1_2' title='bbox 1056 189 1203 224; x_wconf 80' lang='lat' dir='ltr'><strong>LIBER</strong></span> <span class='ocrx_word' id='word_1_3' title='bbox 1227 189 1291 224; x_wconf 88' lang='lat' dir='ltr'><strong>IV.</strong></span> <span class='ocrx_word' id='word_1_4' title='bbox 1626 189 1712 232; x_wconf 84' lang='lat'><strong>303</strong></span> 
     </span>
    </p>
   </div>
   <div class='ocr_carea' id='block_1_2' title="bbox 335 307 1813 1011">
    <p class='ocr_par' dir='ltr' id='par_1_2' title="bbox 335 307 1813 1011">
     <span class='ocr_line' id='line_1_2' title="bbox 335 307 1768 361; baseline -0.004 -12"><span class='ocrx_word' id='word_1_5' title='bbox 335 310 444 350; x_wconf 90' lang='lat' dir='ltr'><strong>haud</strong></span> <span class='ocrx_word' id='word_1_6' title='bbox 473 323 663 349; x_wconf 86' lang='lat' dir='ltr'><strong>revocare</strong></span> <span class='ocrx_word' id='word_1_7' title='bbox 692 309 859 361; x_wconf 84' lang='lat' dir='ltr'><strong>gradum</strong></span> <span class='ocrx_word' id='word_1_8' title='bbox 885 309 1044 360; x_wconf 87' lang='lat' dir='ltr'><strong>patitur,</strong></span> <span class='ocrx_word' id='word_1_9' title='bbox 1074 308 1287 359; x_wconf 82' lang='lat' dir='ltr'><strong>turbatque</strong></span> <span class='ocrx_word' id='word_1_10' title='bbox 1315 307 1541 358; x_wconf 80' lang='lat' dir='ltr'><strong>premitque</strong></span> <span class='ocrx_word' id='word_1_11' title='bbox 1712 321 1768 351; x_wconf 85' lang='lat'><strong>305</strong></span> 
     </span>
     <span class='ocr_line' id='line_1_3' title="bbox 338 373 1279 428; baseline -0.004 -14"><span class='ocrx_word' id='word_1_12' title='bbox 338 376 551 428; x_wconf 85' lang='lat' dir='ltr'><strong>ancipitem</strong></span> <span class='ocrx_word' id='word_1_13' title='bbox 579 375 740 414; x_wconf 85' lang='lat' dir='ltr'><strong>crebros</strong></span> <span class='ocrx_word' id='word_1_14' title='bbox 770 379 811 413; x_wconf 88' lang='lat' dir='ltr'><strong>et</strong></span> <span class='ocrx_word' id='word_1_15' title='bbox 837 374 941 412; x_wconf 90' lang='lat' dir='ltr'><strong>liber</strong></span> <span class='ocrx_word' id='word_1_16' title='bbox 969 373 1150 424; x_wconf 80' lang='lat' dir='ltr'>congerit</span> <span class='ocrx_word' id='word_1_17' title='bbox 1176 373 1279 410; x_wconf 88' lang='lat' dir='ltr'><strong>ictus</strong></span> 
     </span>
     <span class='ocr_line' id='line_1_4' title="bbox 337 437 1344 492; baseline -0.005 -13"><span class='ocrx_word' id='word_1_18' title='bbox 337 440 511 492; x_wconf 79' lang='lat' dir='ltr'><strong>desuper</strong></span> <span class='ocrx_word' id='word_1_19' title='bbox 539 453 698 487; x_wconf 81' lang='lat' dir='ltr'><strong>averso3</strong></span> <span class='ocrx_word' id='word_1_20' title='bbox 730 445 845 478; x_wconf 88' lang='lat' dir='ltr'><strong>sonat</strong></span> <span class='ocrx_word' id='word_1_21' title='bbox 873 439 979 477; x_wconf 90' lang='lat' dir='ltr'><strong>omni</strong></span> <span class='ocrx_word' id='word_1_22' title='bbox 1006 437 1174 476; x_wconf 80' lang='lat' dir='ltr'><strong>vulnere</strong></span> <span class='ocrx_word' id='word_1_23' title='bbox 1202 442 1344 475; x_wconf 81' lang='lat' dir='ltr'><strong>vertex</strong></span> 
     </span>
     <span class='ocr_line' id='line_1_5' title="bbox 339 503 1403 557; baseline -0.006 -13"><span class='ocrx_word' id='word_1_24' title='bbox 339 505 498 544; x_wconf 86' lang='lat' dir='ltr'><strong>inclinis</strong></span> <span class='ocrx_word' id='word_1_25' title='bbox 528 505 713 557; x_wconf 75' lang='lat' dir='ltr'><strong>ceditque</strong></span> <span class='ocrx_word' id='word_1_26' title='bbox 741 503 869 542; x_wconf 84' lang='lat' dir='ltr'><strong>malis.</strong></span> <span class='ocrx_word' id='word_1_27' title='bbox 924 504 1004 542; x_wconf 83' lang='lat' dir='ltr'><strong>iam</strong></span> <span class='ocrx_word' id='word_1_28' title='bbox 1031 508 1212 554; x_wconf 88' lang='lat' dir='ltr'><strong>tempora</strong></span> <span class='ocrx_word' id='word_1_29' title='bbox 1239 507 1403 540; x_wconf 85' lang='lat' dir='ltr'><strong>manant</strong></span> 
     </span>
     <span class='ocr_line' id='line_1_6' title="bbox 338 566 1289 622; baseline -0.006 -12"><span class='ocrx_word' id='word_1_30' title='bbox 338 571 663 622; x_wconf 87' lang='lat' dir='ltr'><strong>sanguineaeque</strong></span> <span class='ocrx_word' id='word_1_31' title='bbox 691 569 818 608; x_wconf 88' lang='lat' dir='ltr'><strong>latent</strong></span> <span class='ocrx_word' id='word_1_32' title='bbox 837 581 966 615; x_wconf 88' lang='lat' dir='ltr'><strong>aures,</strong></span> <span class='ocrx_word' id='word_1_33' title='bbox 995 567 1134 605; x_wconf 85' lang='lat' dir='ltr'><strong>vitalia</strong></span> <span class='ocrx_word' id='word_1_34' title='bbox 1162 566 1289 605; x_wconf 90' lang='lat' dir='ltr'><strong>donec</strong></span> 
     </span>
     <span class='ocr_line' id='line_1_7' title="bbox 336 633 1769 687; baseline -0.004 -13"><span class='ocrx_word' id='word_1_35' title='bbox 336 635 509 682; x_wconf 85' lang='lat' dir='ltr'><strong>vincula,</strong></span> <span class='ocrx_word' id='word_1_36' title='bbox 539 648 619 687; x_wconf 89' lang='lat' dir='ltr'><strong>qua</strong></span> <span class='ocrx_word' id='word_1_37' title='bbox 644 635 770 686; x_wconf 90' lang='lat' dir='ltr'><strong>primo</strong></span> <span class='ocrx_word' id='word_1_38' title='bbox 799 633 936 672; x_wconf 80' lang='lat' dir='ltr'><strong>cervix</strong></span> <span class='ocrx_word' id='word_1_39' title='bbox 964 633 1221 671; x_wconf 89' lang='lat' dir='ltr'><strong>committitur</strong></span> <span class='ocrx_word' id='word_1_40' title='bbox 1248 638 1348 675; x_wconf 88' lang='lat' dir='ltr'><strong>artu,</strong></span> <span class='ocrx_word' id='word_1_41' title='bbox 1714 640 1769 668; x_wconf 86' lang='lat'><strong>310</strong></span> 
     </span>
     <span class='ocr_line' id='line_1_8' title="bbox 339 697 1407 750; baseline -0.004 -11"><span class='ocrx_word' id='word_1_42' title='bbox 339 701 457 740; x_wconf 86' lang='lat' dir='ltr'><strong>solvit</strong></span> <span class='ocrx_word' id='word_1_43' title='bbox 486 699 627 739; x_wconf 83' lang='lat' dir='ltr'><strong>dextra</strong></span> <span class='ocrx_word' id='word_1_44' title='bbox 653 699 800 750; x_wconf 86' lang='lat' dir='ltr'><strong>gravis.</strong></span> <span class='ocrx_word' id='word_1_45' title='bbox 856 698 1059 737; x_wconf 88' lang='lat' dir='ltr'><strong>labentem</strong></span> <span class='ocrx_word' id='word_1_46' title='bbox 1087 697 1262 749; x_wconf 85' lang='lat' dir='ltr'><strong>propulit</strong></span> <span class='ocrx_word' id='word_1_47' title='bbox 1289 697 1407 735; x_wconf 87' lang='lat' dir='ltr'><strong>heros</strong></span> 
     </span>
     <span class='ocr_line' id='line_1_9' title="bbox 336 762 1420 816; baseline -0.004 -12"><span class='ocrx_word' id='word_1_48' title='bbox 336 779 382 804; x_wconf 89' lang='lat' dir='ltr'><strong>ac</strong></span> <span class='ocrx_word' id='word_1_49' title='bbox 411 779 532 816; x_wconf 86' lang='lat' dir='ltr'><strong>super</strong></span> <span class='ocrx_word' id='word_1_50' title='bbox 558 765 746 803; x_wconf 86' lang='lat' dir='ltr'><strong>insistens</strong></span> <span class='ocrx_word' id='word_1_51' title='bbox 777 763 934 802; x_wconf 79' lang='lat' dir='ltr'><strong>‘Pollux</strong></span> <span class='ocrx_word' id='word_1_52' title='bbox 962 776 1037 814; x_wconf 87' lang='lat' dir='ltr'><strong>ego</strong></span> <span class='ocrx_word' id='word_1_53' title='bbox 1066 763 1210 801; x_wconf 88' lang='lat' dir='ltr'><strong>missus</strong></span> <span class='ocrx_word' id='word_1_54' title='bbox 1239 762 1420 813; x_wconf 83' lang='lat' dir='ltr'><strong>Amyclis</strong></span> 
     </span>
     <span class='ocr_line' id='line_1_10' title="bbox 336 827 1382 875; baseline -0.004 -6"><span class='ocrx_word' id='word_1_55' title='bbox 336 836 377 870; x_wconf 90' lang='lat' dir='ltr'><strong>et</strong></span> <span class='ocrx_word' id='word_1_56' title='bbox 403 831 501 868; x_wconf 87' lang='lat' dir='ltr'><strong>Iove</strong></span> <span class='ocrx_word' id='word_1_57' title='bbox 529 829 658 868; x_wconf 86' lang='lat' dir='ltr'><strong>natus&#39;</strong></span> <span class='ocrx_word' id='word_1_58' title='bbox 689 830 755 875; x_wconf 84' lang='lat' dir='ltr'><strong>ait,</strong></span> <span class='ocrx_word' id='word_1_59' title='bbox 787 833 945 867; x_wconf 87' lang='lat' dir='ltr'><strong>‘nomen</strong></span> <span class='ocrx_word' id='word_1_60' title='bbox 971 827 1204 866; x_wconf 89' lang='lat' dir='ltr'><strong>mirantibus</strong></span> <span class='ocrx_word' id='word_1_61' title='bbox 1234 827 1382 865; x_wconf 90' lang='lat' dir='ltr'><strong>umbris</strong></span> 
     </span>
     <span class='ocr_line' id='line_1_11' title="bbox 336 892 1415 944; baseline -0.004 -10"><span class='ocrx_word' id='word_1_62' title='bbox 336 896 412 934; x_wconf 90' lang='lat' dir='ltr'><strong>hoc</strong></span> <span class='ocrx_word' id='word_1_63' title='bbox 440 894 603 942; x_wconf 89' lang='lat' dir='ltr'><strong>referes,</strong></span> <span class='ocrx_word' id='word_1_64' title='bbox 635 894 691 933; x_wconf 89' lang='lat' dir='ltr'><strong>sic</strong></span> <span class='ocrx_word' id='word_1_65' title='bbox 720 899 760 932; x_wconf 90' lang='lat' dir='ltr'><strong>et</strong></span> <span class='ocrx_word' id='word_1_66' title='bbox 788 894 953 932; x_wconf 89' lang='lat' dir='ltr'><strong>memori</strong></span> <span class='ocrx_word' id='word_1_67' title='bbox 981 906 1148 932; x_wconf 87' lang='lat' dir='ltr'><strong>noscere</strong></span> <span class='ocrx_word' id='word_1_68' title='bbox 1179 892 1415 944; x_wconf 50' lang='lat' dir='ltr'><strong>sepulchro!</strong></span> 
     </span>
     <span class='ocr_line' id='line_1_12' title="bbox 390 948 1813 1011; baseline -0.003 -13"><span class='ocrx_word' id='word_1_69' title='bbox 390 959 596 1011; x_wconf 83' lang='lat' dir='ltr'><strong>Bebrycas</strong></span> <span class='ocrx_word' id='word_1_70' title='bbox 626 958 827 1010; x_wconf 81' lang='lat' dir='ltr'><strong>extemplo</strong></span> <span class='ocrx_word' id='word_1_71' title='bbox 857 959 1008 1010; x_wconf 85' lang='lat' dir='ltr'><strong>spargit</strong></span> <span class='ocrx_word' id='word_1_72' title='bbox 1035 958 1150 1010; x_wconf 83' lang='lat' dir='ltr'><strong>fuga,·</strong></span> <span class='ocrx_word' id='word_1_73' title='bbox 1179 957 1312 996; x_wconf 89' lang='lat' dir='ltr'><strong>nullus</strong></span> <span class='ocrx_word' id='word_1_74' title='bbox 1341 956 1518 1009; x_wconf 84' lang='lat' dir='ltr'><strong>adempti</strong></span> <span class='ocrx_word' id='word_1_75' title='bbox 1716 959 1772 988; x_wconf 83' lang='lat'><strong>315</strong></span> <span class='ocrx_word' id='word_1_76' title='bbox 1810 948 1813 949; x_wconf 35' lang='lat'><em>⁷</em></span> 
     </span>
    </p>
   </div>
   <div class='ocr_carea' id='block_1_3' title="bbox 229 1034 513 1040">
    <p class='ocr_par' dir='ltr' id='par_1_3' title="bbox 229 1034 513 1040">
     <span class='ocr_line' id='line_1_13' title="bbox 229 1034 513 1040; baseline 0 0"><span class='ocrx_word' id='word_1_77' title='bbox 229 1034 513 1040; x_wconf 95' lang='lat' dir='ltr'><strong> </strong></span> 
     </span>
    </p>
   </div>
   <div class='ocr_carea' id='block_1_4' title="bbox 223 1056 1724 2702">
    <p class='ocr_par' dir='ltr' id='par_1_4' title="bbox 233 1056 1717 1224">
     <span class='ocr_line' id='line_1_14' title="bbox 323 1056 1717 1105; baseline -0.004 -9"><span class='ocrx_word' id='word_1_78' title='bbox 323 1061 403 1096; x_wconf 86' lang='lat'><strong>305.</strong></span> <span class='ocrx_word' id='word_1_79' title='bbox 450 1070 618 1095; x_wconf 78' lang='lat' dir='ltr'><strong>revocare·</strong></span> <span class='ocrx_word' id='word_1_80' title='bbox 645 1059 797 1105; x_wconf 73' lang='lat' dir='ltr'><strong>yradum</strong></span> <span class='ocrx_word' id='word_1_81' title='bbox 832 1059 855 1094; x_wconf 91' lang='lat' dir='ltr'><strong>i.</strong></span> <span class='ocrx_word' id='word_1_82' title='bbox 883 1070 911 1094; x_wconf 90' lang='lat' dir='ltr'><strong>e.</strong></span> <span class='ocrx_word' id='word_1_83' title='bbox 938 1059 1167 1100; x_wconf 78' lang='lat' dir='ltr'><strong>convertere,</strong></span> <span class='ocrx_word' id='word_1_84' title='bbox 1205 1060 1247 1093; x_wconf 88' lang='lat' dir='ltr'><strong>ut</strong></span> <span class='ocrx_word' id='word_1_85' title='bbox 1271 1058 1384 1103; x_wconf 83' lang='lat' dir='ltr'><strong>Verg.</strong></span> <span class='ocrx_word' id='word_1_86' title='bbox 1410 1058 1502 1093; x_wconf 88' lang='lat' dir='ltr'><strong>Aen.</strong></span> <span class='ocrx_word' id='word_1_87' title='bbox 1527 1057 1590 1099; x_wconf 81' lang='lat' dir='ltr'><strong>VI,</strong></span> <span class='ocrx_word' id='word_1_88' title='bbox 1631 1056 1717 1100; x_wconf 75' lang='lat'>1283</span> 
     </span>
     <span class='ocr_line' id='line_1_15' title="bbox 234 1115 1717 1163; baseline -0.004 -6"><span class='ocrx_word' id='word_1_89' title='bbox 234 1121 282 1157; x_wconf 89' lang='lat' dir='ltr'><strong>de</strong></span> <span class='ocrx_word' id='word_1_90' title='bbox 305 1121 388 1156; x_wconf 88' lang='lat' dir='ltr'><strong>tota</strong></span> <span class='ocrx_word' id='word_1_91' title='bbox 413 1119 602 1155; x_wconf 86' lang='lat' dir='ltr'><strong>sententia</strong></span> <span class='ocrx_word' id='word_1_92' title='bbox 637 1118 702 1154; x_wconf 85' lang='lat' dir='ltr'><strong>cfr.</strong></span> <span class='ocrx_word' id='word_1_93' title='bbox 729 1118 840 1163; x_wconf 87' lang='lat' dir='ltr'><strong>Verg.</strong></span> <span class='ocrx_word' id='word_1_94' title='bbox 866 1117 958 1154; x_wconf 87' lang='lat' dir='ltr'><strong>Aen.</strong></span> <span class='ocrx_word' id='word_1_95' title='bbox 996 1118 1038 1158; x_wconf 86' lang='lat' dir='ltr'><strong>V,</strong></span> <span class='ocrx_word' id='word_1_96' title='bbox 1076 1118 1147 1152; x_wconf 87' lang='lat'><strong>456</strong></span> <span class='ocrx_word' id='word_1_97' title='bbox 1183 1128 1284 1162; x_wconf 90' lang='lat' dir='ltr'><strong>seqq.</strong></span> <span class='ocrx_word' id='word_1_98' title='bbox 1324 1118 1363 1153; x_wconf 89' lang='lat' dir='ltr'><strong>et</strong></span> <span class='ocrx_word' id='word_1_99' title='bbox 1388 1116 1482 1152; x_wconf 88' lang='lat' dir='ltr'><strong>Stat.</strong></span> <span class='ocrx_word' id='word_1_100' title='bbox 1508 1116 1626 1152; x_wconf 86' lang='lat' dir='ltr'><strong>Theb.</strong></span> <span class='ocrx_word' id='word_1_101' title='bbox 1653 1115 1717 1157; x_wconf 86' lang='lat' dir='ltr'><strong>VI,</strong></span> 
     </span>
     <span class='ocr_line' id='line_1_16' title="bbox 233 1173 426 1224; baseline -0.005 -10"><span class='ocrx_word' id='word_1_102' title='bbox 233 1179 303 1215; x_wconf 85' lang='lat'><strong>788</strong></span> <span class='ocrx_word' id='word_1_103' title='bbox 328 1173 426 1224; x_wconf 78' lang='lat' dir='ltr'><strong>seqq.</strong></span> 
     </span>
    </p>

    <p class='ocr_par' dir='ltr' id='par_1_5' title="bbox 231 1234 1720 1343">
     <span class='ocr_line' id='line_1_17' title="bbox 325 1234 1720 1280; baseline -0.003 -7"><span class='ocrx_word' id='word_1_104' title='bbox 325 1237 406 1273; x_wconf 88' lang='lat'><strong>306.</strong></span> <span class='ocrx_word' id='word_1_105' title='bbox 454 1237 612 1272; x_wconf 80' lang='lat' dir='ltr'><strong>Praeter</strong></span> <span class='ocrx_word' id='word_1_106' title='bbox 636 1235 943 1272; x_wconf 85' lang='lat' dir='ltr'><strong>consuetudinem</strong></span> <span class='ocrx_word' id='word_1_107' title='bbox 978 1247 1108 1280; x_wconf 77' lang='lat' dir='ltr'><strong>anceps</strong></span> <span class='ocrx_word' id='word_1_108' title='bbox 1145 1235 1280 1270; x_wconf 88' lang='lat' dir='ltr'><strong>dicitur</strong></span> <span class='ocrx_word' id='word_1_109' title='bbox 1315 1235 1396 1280; x_wconf 85' lang='lat' dir='ltr'><strong>ipse</strong></span> <span class='ocrx_word' id='word_1_110' title='bbox 1421 1235 1542 1273; x_wconf 86' lang='lat' dir='ltr'><strong>homo,</strong></span> <span class='ocrx_word' id='word_1_111' title='bbox 1582 1234 1646 1279; x_wconf 87' lang='lat' dir='ltr'><strong>qui</strong></span> <span class='ocrx_word' id='word_1_112' title='bbox 1680 1234 1720 1269; x_wconf 89' lang='lat' dir='ltr'><strong>in</strong></span> 
     </span>
     <span class='ocr_line' id='line_1_18' title="bbox 231 1296 609 1343; baseline -0.005 -11"><span class='ocrx_word' id='word_1_113' title='bbox 231 1296 399 1343; x_wconf 87' lang='lat' dir='ltr'><strong>periculo</strong></span> <span class='ocrx_word' id='word_1_114' title='bbox 427 1297 609 1331; x_wconf 85' lang='lat' dir='ltr'><strong>versatur.</strong></span> 
     </span>
    </p>

    <p class='ocr_par' dir='ltr' id='par_1_6' title="bbox 233 1353 1720 1459">
     <span class='ocr_line' id='line_1_19' title="bbox 327 1353 1720 1399; baseline -0.002 -8"><span class='ocrx_word' id='word_1_115' title='bbox 327 1356 414 1391; x_wconf 79' lang='lat' dir='ltr'><strong>liber</strong></span> <span class='ocrx_word' id='word_1_116' title='bbox 446 1367 499 1392; x_wconf 87' lang='lat' dir='ltr'><strong>sc.</strong></span> <span class='ocrx_word' id='word_1_117' title='bbox 537 1355 585 1390; x_wconf 81' lang='lat' dir='ltr'><strong>ab</strong></span> <span class='ocrx_word' id='word_1_118' title='bbox 623 1354 723 1390; x_wconf 88' lang='lat' dir='ltr'><strong>omni</strong></span> <span class='ocrx_word' id='word_1_119' title='bbox 746 1354 912 1399; x_wconf 85' lang='lat' dir='ltr'><strong>periculo</strong></span> <span class='ocrx_word' id='word_1_120' title='bbox 951 1354 999 1388; x_wconf 90' lang='lat' dir='ltr'><strong>ab</strong></span> <span class='ocrx_word' id='word_1_121' title='bbox 1025 1354 1165 1398; x_wconf 86' lang='lat' dir='ltr'><strong>Amyco</strong></span> <span class='ocrx_word' id='word_1_122' title='bbox 1189 1353 1418 1395; x_wconf 83' lang='lat' dir='ltr'><strong>imminente,</strong></span> <span class='ocrx_word' id='word_1_123' title='bbox 1455 1354 1511 1389; x_wconf 85' lang='lat' dir='ltr'><strong>ita</strong></span> <span class='ocrx_word' id='word_1_124' title='bbox 1547 1354 1590 1388; x_wconf 89' lang='lat' dir='ltr'><strong>ut</strong></span> <span class='ocrx_word' id='word_1_125' title='bbox 1626 1354 1720 1388; x_wconf 88' lang='lat' dir='ltr'><strong>ictus</strong></span> 
     </span>
     <span class='ocr_line' id='line_1_20' title="bbox 233 1405 799 1459; baseline -0.002 -10"><span class='ocrx_word' id='word_1_126' title='bbox 233 1405 356 1450; x_wconf 60' lang='lat' dir='ltr'><strong>ritare</strong></span> <span class='ocrx_word' id='word_1_127' title='bbox 380 1414 456 1449; x_wconf 84' lang='lat' dir='ltr'><strong>iam</strong></span> <span class='ocrx_word' id='word_1_128' title='bbox 480 1425 556 1449; x_wconf 90' lang='grc'><strong>11011</strong></span> <span class='ocrx_word' id='word_1_129' title='bbox 581 1425 672 1459; x_wconf 90' lang='lat' dir='ltr'><strong>opus</strong></span> <span class='ocrx_word' id='word_1_130' title='bbox 689 1414 799 1449; x_wconf 87' lang='lat' dir='ltr'><strong>esset.</strong></span> 
     </span>
    </p>

    <p class='ocr_par' dir='ltr' id='par_1_7' title="bbox 223 1471 1721 1637">
     <span class='ocr_line' id='line_1_21' title="bbox 338 1471 1720 1517; baseline -0.002 -8"><span class='ocrx_word' id='word_1_131' title='bbox 338 1473 422 1509; x_wconf 84' lang='lat'><strong>308.</strong></span> <span class='ocrx_word' id='word_1_132' title='bbox 468 1476 574 1509; x_wconf 72' lang='lat' dir='ltr'><strong>sonat</strong></span> <span class='ocrx_word' id='word_1_133' title='bbox 597 1474 693 1508; x_wconf 78' lang='lat' dir='ltr'><strong>omni</strong></span> <span class='ocrx_word' id='word_1_134' title='bbox 715 1473 858 1507; x_wconf 79' lang='lat' dir='ltr'><strong>vulnere</strong></span> <span class='ocrx_word' id='word_1_135' title='bbox 880 1476 1012 1514; x_wconf 78' lang='lat' dir='ltr'><strong>vertex;</strong></span> <span class='ocrx_word' id='word_1_136' title='bbox 1045 1474 1088 1507; x_wconf 90' lang='lat' dir='ltr'><strong>ut</strong></span> <span class='ocrx_word' id='word_1_137' title='bbox 1125 1471 1205 1507; x_wconf 87' lang='lat' dir='ltr'><strong>aliis</strong></span> <span class='ocrx_word' id='word_1_138' title='bbox 1242 1472 1332 1508; x_wconf 87' lang='lat' dir='ltr'><strong>locis</strong></span> <span class='ocrx_word' id='word_1_139' title='bbox 1369 1472 1501 1507; x_wconf 85' lang='lat' dir='ltr'><strong>vulnus</strong></span> <span class='ocrx_word' id='word_1_140' title='bbox 1538 1483 1606 1517; x_wconf 92' lang='lat' dir='ltr'><strong>pro</strong></span> <span class='ocrx_word' id='word_1_141' title='bbox 1642 1471 1720 1507; x_wconf 89' lang='lat' dir='ltr'><strong>telo</strong></span> 
     </span>
     <span class='ocr_line' id='line_1_22' title="bbox 231 1530 1721 1578; baseline -0.001 -11"><span class='ocrx_word' id='word_1_142' title='bbox 231 1532 385 1578; x_wconf 86' lang='lat' dir='ltr'><strong>ponitur</strong></span> <span class='ocrx_word' id='word_1_143' title='bbox 409 1543 482 1577; x_wconf 89' lang='lat' dir='ltr'><strong>quo</strong></span> <span class='ocrx_word' id='word_1_144' title='bbox 507 1531 587 1577; x_wconf 86' lang='lat' dir='ltr'><strong>quis</strong></span> <span class='ocrx_word' id='word_1_145' title='bbox 610 1531 839 1571; x_wconf 81' lang='lat' dir='ltr'><strong>vulneratur,</strong></span> <span class='ocrx_word' id='word_1_146' title='bbox 866 1531 912 1567; x_wconf 88' lang='lat' dir='ltr'><strong>de</strong></span> <span class='ocrx_word' id='word_1_147' title='bbox 938 1542 1011 1576; x_wconf 86' lang='lat' dir='ltr'><strong>qua</strong></span> <span class='ocrx_word' id='word_1_148' title='bbox 1035 1530 1188 1567; x_wconf 83' lang='lat' dir='ltr'><strong>notione</strong></span> <span class='ocrx_word' id='word_1_149' title='bbox 1205 1531 1278 1566; x_wconf 78' lang='lat' dir='ltr'><strong>vid.</strong></span> <span class='ocrx_word' id='word_1_150' title='bbox 1305 1531 1355 1566; x_wconf 83' lang='lat' dir='ltr'><strong>ad</strong></span> <span class='ocrx_word' id='word_1_151' title='bbox 1379 1530 1447 1572; x_wconf 78' lang='lat' dir='ltr'><strong>III,</strong></span> <span class='ocrx_word' id='word_1_152' title='bbox 1475 1530 1554 1573; x_wconf 81' lang='lat'><strong>197,</strong></span> <span class='ocrx_word' id='word_1_153' title='bbox 1580 1530 1636 1566; x_wconf 81' lang='lat' dir='ltr'><strong>sic</strong></span> <span class='ocrx_word' id='word_1_154' title='bbox 1650 1531 1721 1566; x_wconf 86' lang='lat' dir='ltr'><strong>hoc</strong></span> 
     </span>
     <span class='ocr_line' id='line_1_23' title="bbox 223 1587 1719 1637; baseline -0.001 -10"><span class='ocrx_word' id='word_1_155' title='bbox 223 1587 317 1627; x_wconf 34' lang='lat' dir='ltr'><strong>*loco</strong></span> <span class='ocrx_word' id='word_1_156' title='bbox 340 1602 408 1637; x_wconf 91' lang='lat' dir='ltr'><strong>pro</strong></span> <span class='ocrx_word' id='word_1_157' title='bbox 432 1591 602 1632; x_wconf 83' lang='lat' dir='ltr'><strong>verbere,</strong></span> <span class='ocrx_word' id='word_1_158' title='bbox 629 1602 700 1636; x_wconf 93' lang='lat' dir='ltr'><strong>quo</strong></span> <span class='ocrx_word' id='word_1_159' title='bbox 724 1590 885 1635; x_wconf 80' lang='lat' dir='ltr'><strong>Amycus</strong></span> <span class='ocrx_word' id='word_1_160' title='bbox 910 1590 1059 1627; x_wconf 79' lang='lat' dir='ltr'><strong>feritur:</strong></span> <span class='ocrx_word' id='word_1_161' title='bbox 1098 1590 1219 1625; x_wconf 81' lang='lat' dir='ltr'><strong>nullus</strong></span> <span class='ocrx_word' id='word_1_162' title='bbox 1251 1590 1347 1625; x_wconf 87' lang='lat' dir='ltr'><strong>ictus</strong></span> <span class='ocrx_word' id='word_1_163' title='bbox 1371 1591 1410 1625; x_wconf 88' lang='lat' dir='ltr'><strong>in</strong></span> <span class='ocrx_word' id='word_1_164' title='bbox 1437 1601 1582 1625; x_wconf 85' lang='lat' dir='ltr'><strong>cassum</strong></span> <span class='ocrx_word' id='word_1_165' title='bbox 1608 1590 1719 1625; x_wconf 89' lang='lat' dir='ltr'><strong>cadit.</strong></span> 
     </span>
    </p>

    <p class='ocr_par' dir='ltr' id='par_1_8' title="bbox 232 1650 1722 1756">
     <span class='ocr_line' id='line_1_24' title="bbox 327 1650 1722 1696; baseline -0.001 -11"><span class='ocrx_word' id='word_1_166' title='bbox 327 1650 407 1685; x_wconf 87' lang='lat'><strong>310.</strong></span> <span class='ocrx_word' id='word_1_167' title='bbox 456 1661 527 1695; x_wconf 76' lang='lat' dir='ltr'><strong>qua</strong></span> <span class='ocrx_word' id='word_1_168' title='bbox 545 1651 665 1695; x_wconf 76' lang='lat' dir='ltr'><strong>primo</strong></span> <span class='ocrx_word' id='word_1_169' title='bbox 690 1650 807 1685; x_wconf 73' lang='lat' dir='ltr'><strong>cervix</strong></span> <span class='ocrx_word' id='word_1_170' title='bbox 819 1650 1048 1685; x_wconf 80' lang='lat' dir='ltr'><strong>committitur</strong></span> <span class='ocrx_word' id='word_1_171' title='bbox 1071 1653 1155 1685; x_wconf 82' lang='lat' dir='ltr'><strong>artu</strong></span> <span class='ocrx_word' id='word_1_172' title='bbox 1167 1661 1216 1687; x_wconf 87' lang='lat' dir='ltr'><strong>sc.</strong></span> <span class='ocrx_word' id='word_1_173' title='bbox 1236 1650 1368 1696; x_wconf 83' lang='lat' dir='ltr'><strong>capiti3</strong></span> <span class='ocrx_word' id='word_1_174' title='bbox 1382 1650 1523 1695; x_wconf 88' lang='lat' dir='ltr'><strong>primus</strong></span> <span class='ocrx_word' id='word_1_175' title='bbox 1543 1651 1647 1684; x_wconf 88' lang='lat' dir='ltr'><strong>artus</strong></span> <span class='ocrx_word' id='word_1_176' title='bbox 1664 1651 1722 1685; x_wconf 88' lang='lat' dir='ltr'><strong>est</strong></span> 
     </span>
     <span class='ocr_line' id='line_1_25' title="bbox 232 1709 783 1756; baseline -0.002 -12"><span class='ocrx_word' id='word_1_177' title='bbox 232 1709 354 1756; x_wconf 83' lang='lat' dir='ltr'><strong>prima</strong></span> <span class='ocrx_word' id='word_1_178' title='bbox 377 1709 555 1745; x_wconf 82' lang='lat' dir='ltr'><strong>vertebra</strong></span> <span class='ocrx_word' id='word_1_179' title='bbox 581 1709 783 1745; x_wconf 82' lang='lat' dir='ltr'><strong>cervicalis.</strong></span> 
     </span>
    </p>

    <p class='ocr_par' dir='ltr' id='par_1_9' title="bbox 234 1768 1724 2348">
     <span class='ocr_line' id='line_1_26' title="bbox 330 1768 1721 1814; baseline -0.001 -10"><span class='ocrx_word' id='word_1_180' title='bbox 330 1768 524 1804; x_wconf 86' lang='lat' dir='ltr'><strong>Consentit</strong></span> <span class='ocrx_word' id='word_1_181' title='bbox 547 1768 716 1803; x_wconf 88' lang='lat' dir='ltr'><strong>Valerius</strong></span> <span class='ocrx_word' id='word_1_182' title='bbox 742 1780 826 1803; x_wconf 91' lang='lat' dir='ltr'><strong>cum</strong></span> <span class='ocrx_word' id='word_1_183' title='bbox 851 1768 970 1814; x_wconf 85' lang='lat' dir='ltr'><strong>Apoll.</strong></span> <span class='ocrx_word' id='word_1_184' title='bbox 996 1768 1045 1809; x_wconf 82' lang='lat' dir='ltr'><strong>n,</strong></span> <span class='ocrx_word' id='word_1_185' title='bbox 1072 1768 1133 1810; x_wconf 85' lang='lat'><strong>97;</strong></span> <span class='ocrx_word' id='word_1_186' title='bbox 1161 1769 1331 1814; x_wconf 87' lang='lat' dir='ltr'><strong>Apollod.</strong></span> <span class='ocrx_word' id='word_1_187' title='bbox 1358 1768 1388 1809; x_wconf 95' lang='lat' dir='ltr'><strong>I,</strong></span> <span class='ocrx_word' id='word_1_188' title='bbox 1416 1768 1448 1809; x_wconf 87' lang='lat'><strong>9,</strong></span> <span class='ocrx_word' id='word_1_189' title='bbox 1475 1768 1532 1813; x_wconf 83' lang='lat'><strong>20,</strong></span> <span class='ocrx_word' id='word_1_190' title='bbox 1559 1769 1598 1810; x_wconf 82' lang='lat'><strong>2;</strong></span> <span class='ocrx_word' id='word_1_191' title='bbox 1624 1768 1721 1813; x_wconf 85' lang='lat' dir='ltr'><strong>Hyg.</strong></span> 
     </span>
     <span class='ocr_line' id='line_1_27' title="bbox 234 1827 1722 1873; baseline -0.001 -10"><span class='ocrx_word' id='word_1_192' title='bbox 234 1827 312 1863; x_wconf 87' lang='lat' dir='ltr'><strong>fab.</strong></span> <span class='ocrx_word' id='word_1_193' title='bbox 338 1828 399 1869; x_wconf 83' lang='lat'><strong>17;</strong></span> <span class='ocrx_word' id='word_1_194' title='bbox 424 1828 541 1872; x_wconf 86' lang='lat' dir='ltr'><strong>myth.</strong></span> <span class='ocrx_word' id='word_1_195' title='bbox 566 1828 650 1864; x_wconf 84' lang='lat' dir='ltr'><strong>Vat.</strong></span> <span class='ocrx_word' id='word_1_196' title='bbox 683 1828 709 1869; x_wconf 81' lang='grc' dir='ltr'><strong>Ι,</strong></span> <span class='ocrx_word' id='word_1_197' title='bbox 742 1827 803 1870; x_wconf 84' lang='lat'><strong>93;</strong></span> <span class='ocrx_word' id='word_1_198' title='bbox 830 1827 877 1868; x_wconf 81' lang='lat' dir='ltr'><strong>H,</strong></span> <span class='ocrx_word' id='word_1_199' title='bbox 905 1827 989 1870; x_wconf 87' lang='lat'>140;</span> <span class='ocrx_word' id='word_1_200' title='bbox 1015 1828 1129 1863; x_wconf 90' lang='lat' dir='ltr'><strong>schol.</strong></span> <span class='ocrx_word' id='word_1_201' title='bbox 1156 1827 1250 1862; x_wconf 87' lang='lat' dir='ltr'><strong>Stat.</strong></span> <span class='ocrx_word' id='word_1_202' title='bbox 1277 1827 1345 1869; x_wconf 87' lang='lat' dir='ltr'><strong>III.</strong></span> <span class='ocrx_word' id='word_1_203' title='bbox 1382 1827 1452 1862; x_wconf 86' lang='lat'><strong>353</strong></span> <span class='ocrx_word' id='word_1_204' title='bbox 1476 1828 1515 1862; x_wconf 86' lang='lat' dir='ltr'><strong>iu</strong></span> <span class='ocrx_word' id='word_1_205' title='bbox 1542 1839 1595 1868; x_wconf 88' lang='lat' dir='ltr'><strong>eo,</strong></span> <span class='ocrx_word' id='word_1_206' title='bbox 1622 1828 1722 1873; x_wconf 91' lang='lat' dir='ltr'><strong>quod</strong></span> 
     </span>
     <span class='ocr_line' id='line_1_28' title="bbox 234 1886 1722 1932; baseline 0.001 -11"><span class='ocrx_word' id='word_1_207' title='bbox 234 1886 415 1932; x_wconf 80' lang='lat' dir='ltr'><strong>Amycum</strong></span> <span class='ocrx_word' id='word_1_208' title='bbox 447 1886 605 1922; x_wconf 84' lang='lat' dir='ltr'><strong>occisum</strong></span> <span class='ocrx_word' id='word_1_209' title='bbox 638 1898 718 1922; x_wconf 84' lang='lat' dir='ltr'><strong>esse</strong></span> <span class='ocrx_word' id='word_1_210' title='bbox 756 1888 905 1928; x_wconf 55' lang='lat' dir='ltr'><strong>nai-ram</strong></span> <span class='ocrx_word' id='word_1_211' title='bbox 938 1887 1161 1922; x_wconf 83' lang='lat' dir='ltr'><strong>Pisandrum</strong></span> <span class='ocrx_word' id='word_1_212' title='bbox 1199 1888 1238 1922; x_wconf 88' lang='lat' dir='ltr'><strong>et</strong></span> <span class='ocrx_word' id='word_1_213' title='bbox 1273 1887 1537 1932; x_wconf 84' lang='lat' dir='ltr'><strong>Epicharmum</strong></span> <span class='ocrx_word' id='word_1_214' title='bbox 1577 1899 1662 1923; x_wconf 86' lang='lat' dir='ltr'><strong>eum</strong></span> <span class='ocrx_word' id='word_1_215' title='bbox 1699 1898 1722 1922; x_wconf 88' lang='lat' dir='ltr'><strong>a</strong></span> 
     </span>
     <span class='ocr_line' id='line_1_29' title="bbox 234 1945 1720 1992; baseline -0.001 -8"><span class='ocrx_word' id='word_1_216' title='bbox 234 1946 386 1984; x_wconf 89' lang='lat' dir='ltr'><strong>Polluce</strong></span> <span class='ocrx_word' id='word_1_217' title='bbox 410 1946 578 1981; x_wconf 84' lang='lat' dir='ltr'><strong>vinctum</strong></span> <span class='ocrx_word' id='word_1_218' title='bbox 603 1957 683 1982; x_wconf 87' lang='lat' dir='ltr'><strong>esse</strong></span> <span class='ocrx_word' id='word_1_219' title='bbox 708 1946 908 1981; x_wconf 80' lang='lat' dir='ltr'><strong>tradidisse</strong></span> <span class='ocrx_word' id='word_1_220' title='bbox 926 1946 1101 1982; x_wconf 88' lang='lat' dir='ltr'><strong>docemur</strong></span> <span class='ocrx_word' id='word_1_221' title='bbox 1127 1957 1149 1981; x_wconf 87' lang='lat' dir='ltr'><strong>a</strong></span> <span class='ocrx_word' id='word_1_222' title='bbox 1166 1946 1279 1982; x_wconf 89' lang='lat' dir='ltr'><strong>schol.</strong></span> <span class='ocrx_word' id='word_1_223' title='bbox 1305 1947 1375 1992; x_wconf 92' lang='lat' dir='ltr'><strong>Ap.</strong></span> <span class='ocrx_word' id='word_1_224' title='bbox 1400 1946 1451 1991; x_wconf 88' lang='lat' dir='ltr'><strong>H,</strong></span> <span class='ocrx_word' id='word_1_225' title='bbox 1477 1945 1539 1990; x_wconf 74' lang='lat'><strong>983</strong></span> <span class='ocrx_word' id='word_1_226' title='bbox 1566 1946 1720 1982; x_wconf 87' lang='lat' dir='ltr'><strong>Theocr.</strong></span> 
     </span>
     <span class='ocr_line' id='line_1_30' title="bbox 234 2005 1724 2051; baseline 0 -10"><span class='ocrx_word' id='word_1_227' title='bbox 234 2006 286 2042; x_wconf 89' lang='lat' dir='ltr'><strong>id.</strong></span> <span class='ocrx_word' id='word_1_228' title='bbox 312 2005 430 2049; x_wconf 78' lang='lat' dir='ltr'><strong>XXII,</strong></span> <span class='ocrx_word' id='word_1_229' title='bbox 466 2006 534 2040; x_wconf 83' lang='lat'><strong>131</strong></span> <span class='ocrx_word' id='word_1_230' title='bbox 569 2017 670 2051; x_wconf 87' lang='lat' dir='ltr'><strong>seqq.</strong></span> <span class='ocrx_word' id='word_1_231' title='bbox 701 2005 830 2046; x_wconf 85' lang='lat' dir='ltr'><strong>tradit,</strong></span> <span class='ocrx_word' id='word_1_232' title='bbox 864 2005 983 2040; x_wconf 82' lang='lat' dir='ltr'><strong>vitam</strong></span> <span class='ocrx_word' id='word_1_233' title='bbox 1008 2006 1237 2041; x_wconf 81' lang='lat' dir='ltr'><strong>condonasse</strong></span> <span class='ocrx_word' id='word_1_234' title='bbox 1263 2006 1457 2041; x_wconf 83' lang='lat' dir='ltr'><strong>Pollucem</strong></span> <span class='ocrx_word' id='word_1_235' title='bbox 1476 2006 1628 2051; x_wconf 84' lang='lat' dir='ltr'><strong>Amyco,</strong></span> <span class='ocrx_word' id='word_1_236' title='bbox 1655 2006 1724 2041; x_wconf 89' lang='lat' dir='ltr'><strong>sed</strong></span> 
     </span>
     <span class='ocr_line' id='line_1_31' title="bbox 237 2064 1722 2110; baseline -0.001 -9"><span class='ocrx_word' id='word_1_237' title='bbox 237 2076 322 2101; x_wconf 86' lang='lat' dir='ltr'><strong>eum</strong></span> <span class='ocrx_word' id='word_1_238' title='bbox 347 2065 514 2110; x_wconf 83' lang='lat' dir='ltr'><strong>coegisse</strong></span> <span class='ocrx_word' id='word_1_239' title='bbox 538 2066 581 2099; x_wconf 92' lang='lat' dir='ltr'><strong>ut</strong></span> <span class='ocrx_word' id='word_1_240' title='bbox 604 2065 756 2106; x_wconf 79' lang='lat' dir='ltr'><strong>iuraret,</strong></span> <span class='ocrx_word' id='word_1_241' title='bbox 782 2076 822 2100; x_wconf 86' lang='lat' dir='ltr'><strong>se</strong></span> <span class='ocrx_word' id='word_1_242' title='bbox 842 2065 999 2110; x_wconf 86' lang='lat' dir='ltr'><strong>posthac</strong></span> <span class='ocrx_word' id='word_1_243' title='bbox 1018 2065 1228 2110; x_wconf 88' lang='lat' dir='ltr'><strong>hospitibus</strong></span> <span class='ocrx_word' id='word_1_244' title='bbox 1245 2065 1344 2100; x_wconf 87' lang='lat' dir='ltr'><strong>ultro</strong></span> <span class='ocrx_word' id='word_1_245' title='bbox 1361 2076 1551 2110; x_wconf 89' lang='lat' dir='ltr'><strong>nunquam</strong></span> <span class='ocrx_word' id='word_1_246' title='bbox 1568 2064 1722 2101; x_wconf 85' lang='lat' dir='ltr'><strong>exitium</strong></span> 
     </span>
     <span class='ocr_line' id='line_1_32' title="bbox 237 2123 1724 2170; baseline 0 -11"><span class='ocrx_word' id='word_1_247' title='bbox 237 2123 446 2166; x_wconf 67' lang='lat' dir='ltr'><strong>illaturum</strong></span> <span class='ocrx_word' id='word_1_248' title='bbox 507 2124 557 2159; x_wconf 87' lang='lat' dir='ltr'><strong>ad</strong></span> <span class='ocrx_word' id='word_1_249' title='bbox 593 2135 723 2169; x_wconf 86' lang='lat' dir='ltr'><strong>rupem</strong></span> <span class='ocrx_word' id='word_1_250' title='bbox 760 2123 935 2169; x_wconf 83' lang='lat' dir='ltr'><strong>alligatus</strong></span> <span class='ocrx_word' id='word_1_251' title='bbox 973 2124 1188 2169; x_wconf 87' lang='lat' dir='ltr'><strong>depingitur</strong></span> <span class='ocrx_word' id='word_1_252' title='bbox 1223 2124 1384 2169; x_wconf 87' lang='lat' dir='ltr'><strong>Amycus</strong></span> <span class='ocrx_word' id='word_1_253' title='bbox 1421 2124 1461 2159; x_wconf 90' lang='lat' dir='ltr'><strong>in</strong></span> <span class='ocrx_word' id='word_1_254' title='bbox 1495 2135 1585 2160; x_wconf 84' lang='lat' dir='ltr'><strong>vase</strong></span> <span class='ocrx_word' id='word_1_255' title='bbox 1623 2124 1724 2170; x_wconf 86' lang='lat' dir='ltr'><strong>apud</strong></span> 
     </span>
     <span class='ocr_line' id='line_1_33' title="bbox 239 2182 1723 2229; baseline 0.001 -11"><span class='ocrx_word' id='word_1_256' title='bbox 239 2182 410 2219; x_wconf 86' lang='lat' dir='ltr'><strong>Gerhard</strong></span> <span class='ocrx_word' id='word_1_257' title='bbox 435 2183 569 2219; x_wconf 89' lang='lat' dir='ltr'><strong>auserl.</strong></span> <span class='ocrx_word' id='word_1_258' title='bbox 586 2183 747 2218; x_wconf 89' lang='lat' dir='ltr'><strong>Vasenb.</strong></span> <span class='ocrx_word' id='word_1_259' title='bbox 774 2182 834 2218; x_wconf 92' lang='lat'><strong>111</strong></span> <span class='ocrx_word' id='word_1_260' title='bbox 857 2183 935 2218; x_wconf 91' lang='lat' dir='ltr'><strong>tab.</strong></span> <span class='ocrx_word' id='word_1_261' title='bbox 963 2183 1052 2225; x_wconf 84' lang='lat'>153;</span> <span class='ocrx_word' id='word_1_262' title='bbox 1079 2194 1102 2218; x_wconf 90' lang='lat' dir='ltr'><strong>a</strong></span> <span class='ocrx_word' id='word_1_263' title='bbox 1118 2183 1270 2219; x_wconf 87' lang='lat' dir='ltr'><strong>Polluce</strong></span> <span class='ocrx_word' id='word_1_264' title='bbox 1288 2183 1337 2218; x_wconf 87' lang='lat' dir='ltr'><strong>ad</strong></span> <span class='ocrx_word' id='word_1_265' title='bbox 1354 2184 1528 2220; x_wconf 84' lang='lat' dir='ltr'><strong>arborem</strong></span> <span class='ocrx_word' id='word_1_266' title='bbox 1545 2183 1723 2229; x_wconf 82' lang='lat' dir='ltr'><strong>alligatur</strong></span> 
     </span>
     <span class='ocr_line' id='line_1_34' title="bbox 236 2241 1720 2289; baseline 0.001 -12"><span class='ocrx_word' id='word_1_267' title='bbox 236 2241 277 2277; x_wconf 90' lang='lat' dir='ltr'><strong>in</strong></span> <span class='ocrx_word' id='word_1_268' title='bbox 301 2241 396 2277; x_wconf 87' lang='lat' dir='ltr'><strong>cista</strong></span> <span class='ocrx_word' id='word_1_269' title='bbox 411 2241 620 2278; x_wconf 67' lang='lat' dir='ltr'><strong>ficoronica</strong></span> <span class='ocrx_word' id='word_1_270' title='bbox 671 2241 867 2287; x_wconf 87' lang='lat' dir='ltr'><strong>Singulare</strong></span> <span class='ocrx_word' id='word_1_271' title='bbox 885 2243 951 2283; x_wconf 75' lang='lat' dir='ltr'><strong>est,</strong></span> <span class='ocrx_word' id='word_1_272' title='bbox 971 2242 1070 2287; x_wconf 90' lang='lat' dir='ltr'><strong>quod</strong></span> <span class='ocrx_word' id='word_1_273' title='bbox 1086 2242 1244 2278; x_wconf 88' lang='lat' dir='ltr'><strong>Ptolem.</strong></span> <span class='ocrx_word' id='word_1_274' title='bbox 1273 2254 1302 2279; x_wconf 95' lang='lat' dir='ltr'><strong>c.</strong></span> <span class='ocrx_word' id='word_1_275' title='bbox 1329 2243 1351 2278; x_wconf 88' lang='lat'>5</span> <span class='ocrx_word' id='word_1_276' title='bbox 1375 2255 1411 2289; x_wconf 91' lang='lat' dir='ltr'><strong>p.</strong></span> <span class='ocrx_word' id='word_1_277' title='bbox 1439 2242 1506 2278; x_wconf 88' lang='grc'><strong>191</strong></span> <span class='ocrx_word' id='word_1_278' title='bbox 1526 2243 1583 2280; x_wconf 89' lang='lat' dir='ltr'><strong>ed.</strong></span> <span class='ocrx_word' id='word_1_279' title='bbox 1602 2243 1720 2279; x_wconf 86' lang='lat' dir='ltr'><strong>West.</strong></span> 
     </span>
     <span class='ocr_line' id='line_1_35' title="bbox 238 2300 1456 2348; baseline 0.002 -12"><span class='ocrx_word' id='word_1_280' title='bbox 238 2312 315 2337; x_wconf 88' lang='lat' dir='ltr'><strong>non</strong></span> <span class='ocrx_word' id='word_1_281' title='bbox 338 2300 530 2337; x_wconf 85' lang='lat' dir='ltr'><strong>Pollucem</strong></span> <span class='ocrx_word' id='word_1_282' title='bbox 554 2301 622 2336; x_wconf 89' lang='lat' dir='ltr'><strong>sed</strong></span> <span class='ocrx_word' id='word_1_283' title='bbox 646 2300 818 2336; x_wconf 83' lang='lat' dir='ltr'><strong>Iasonem</strong></span> <span class='ocrx_word' id='word_1_284' title='bbox 844 2312 927 2336; x_wconf 92' lang='lat' dir='ltr'><strong>cum</strong></span> <span class='ocrx_word' id='word_1_285' title='bbox 950 2302 1091 2346; x_wconf 54' lang='lat' dir='ltr'><strong>Ammo</strong></span> <span class='ocrx_word' id='word_1_286' title='bbox 1116 2313 1302 2348; x_wconf 87' lang='lat' dir='ltr'><strong>pugnasse</strong></span> <span class='ocrx_word' id='word_1_287' title='bbox 1326 2302 1456 2338; x_wconf 88' lang='lat' dir='ltr'><strong>tradit.</strong></span> 
     </span>
    </p>

    <p class='ocr_par' dir='ltr' id='par_1_10' title="bbox 334 2360 1550 2407">
     <span class='ocr_line' id='line_1_36' title="bbox 334 2360 1550 2407; baseline 0.002 -12"><span class='ocrx_word' id='word_1_288' title='bbox 334 2360 413 2396; x_wconf 85' lang='lat'><strong>313.</strong></span> <span class='ocrx_word' id='word_1_289' title='bbox 464 2360 520 2396; x_wconf 89' lang='lat' dir='ltr'><strong>De</strong></span> <span class='ocrx_word' id='word_1_290' title='bbox 545 2361 735 2396; x_wconf 86' lang='lat' dir='ltr'><strong>sententia</strong></span> <span class='ocrx_word' id='word_1_291' title='bbox 759 2360 827 2396; x_wconf 85' lang='lat' dir='ltr'><strong>cfr.</strong></span> <span class='ocrx_word' id='word_1_292' title='bbox 851 2360 962 2406; x_wconf 81' lang='lat' dir='ltr'><strong>Vei-g.</strong></span> <span class='ocrx_word' id='word_1_293' title='bbox 987 2361 1080 2397; x_wconf 90' lang='lat' dir='ltr'><strong>Aen.</strong></span> <span class='ocrx_word' id='word_1_294' title='bbox 1106 2360 1153 2406; x_wconf 88' lang='grc' dir='ltr'><strong>ΙΙ,</strong></span> <span class='ocrx_word' id='word_1_295' title='bbox 1179 2361 1248 2396; x_wconf 83' lang='lat'><strong>547</strong></span> <span class='ocrx_word' id='word_1_296' title='bbox 1257 2378 1266 2407; x_wconf 90' lang='lat'>;</span> <span class='ocrx_word' id='word_1_297' title='bbox 1293 2361 1355 2403; x_wconf 88' lang='lat' dir='ltr'><strong>XI,</strong></span> <span class='ocrx_word' id='word_1_298' title='bbox 1382 2362 1452 2396; x_wconf 89' lang='grc'><strong>688</strong></span> <span class='ocrx_word' id='word_1_299' title='bbox 1477 2373 1550 2407; x_wconf 86' lang='lat' dir='ltr'><strong>seq.</strong></span> 
     </span>
    </p>

    <p class='ocr_par' dir='ltr' id='par_1_11' title="bbox 239 2419 1723 2583">
     <span class='ocr_line' id='line_1_37' title="bbox 338 2419 1723 2467; baseline 0.001 -13"><span class='ocrx_word' id='word_1_300' title='bbox 338 2419 419 2455; x_wconf 85' lang='lat'><strong>314.</strong></span> <span class='ocrx_word' id='word_1_301' title='bbox 466 2421 611 2455; x_wconf 82' lang='lat' dir='ltr'><strong>memori</strong></span> <span class='ocrx_word' id='word_1_302' title='bbox 635 2430 776 2455; x_wconf 76' lang='lat' dir='ltr'><strong>noscere</strong></span> <span class='ocrx_word' id='word_1_303' title='bbox 798 2421 958 2464; x_wconf 73' lang='lat' dir='ltr'><strong>sepulcro</strong></span> <span class='ocrx_word' id='word_1_304' title='bbox 990 2421 1125 2456; x_wconf 88' lang='lat' dir='ltr'><strong>acerbe</strong></span> <span class='ocrx_word' id='word_1_305' title='bbox 1160 2420 1317 2457; x_wconf 89' lang='lat' dir='ltr'><strong>dictum:</strong></span> <span class='ocrx_word' id='word_1_306' title='bbox 1350 2421 1559 2467; x_wconf 85' lang='lat' dir='ltr'><strong>sepulcrum</strong></span> <span class='ocrx_word' id='word_1_307' title='bbox 1594 2421 1723 2466; x_wconf 86' lang='lat' dir='ltr'><strong>Amyci</strong></span> 
     </span>
     <span class='ocr_line' id='line_1_38' title="bbox 239 2479 1722 2526; baseline 0 -12"><span class='ocrx_word' id='word_1_308' title='bbox 239 2489 315 2514; x_wconf 88' lang='lat' dir='ltr'><strong>non</strong></span> <span class='ocrx_word' id='word_1_309' title='bbox 353 2480 434 2514; x_wconf 87' lang='lat' dir='ltr'><strong>tam</strong></span> <span class='ocrx_word' id='word_1_310' title='bbox 469 2479 614 2524; x_wconf 84' lang='lat' dir='ltr'><strong>insigne</strong></span> <span class='ocrx_word' id='word_1_311' title='bbox 650 2479 720 2515; x_wconf 88' lang='lat' dir='ltr'><strong>erit</strong></span> <span class='ocrx_word' id='word_1_312' title='bbox 755 2481 910 2525; x_wconf 87' lang='lat' dir='ltr'><strong>propter</strong></span> <span class='ocrx_word' id='word_1_313' title='bbox 948 2479 1191 2515; x_wconf 83' lang='lat' dir='ltr'><strong>clarissimum</strong></span> <span class='ocrx_word' id='word_1_314' title='bbox 1227 2480 1393 2526; x_wconf 86' lang='lat' dir='ltr'><strong>pugilem</strong></span> <span class='ocrx_word' id='word_1_315' title='bbox 1429 2481 1482 2515; x_wconf 90' lang='lat' dir='ltr'><strong>ibi</strong></span> <span class='ocrx_word' id='word_1_316' title='bbox 1520 2480 1722 2523; x_wconf 73' lang='lat' dir='ltr'><strong>conditum,</strong></span> 
     </span>
     <span class='ocr_line' id='line_1_39' title="bbox 241 2537 984 2583; baseline 0.003 -11"><span class='ocrx_word' id='word_1_317' title='bbox 241 2547 352 2581; x_wconf 83' lang='lat' dir='ltr'><strong>quam</strong></span> <span class='ocrx_word' id='word_1_318' title='bbox 377 2537 474 2583; x_wconf 89' lang='lat' dir='ltr'><strong>quod</strong></span> <span class='ocrx_word' id='word_1_319' title='bbox 499 2549 626 2574; x_wconf 85' lang='lat' dir='ltr'><strong>caesus</strong></span> <span class='ocrx_word' id='word_1_320' title='bbox 651 2538 750 2573; x_wconf 88' lang='lat' dir='ltr'><strong>iacet</strong></span> <span class='ocrx_word' id='word_1_321' title='bbox 776 2549 798 2573; x_wconf 89' lang='lat' dir='ltr'><strong>a</strong></span> <span class='ocrx_word' id='word_1_322' title='bbox 822 2537 984 2574; x_wconf 88' lang='lat' dir='ltr'><strong>Polluce.</strong></span> 
     </span>
    </p>

    <p class='ocr_par' dir='ltr' id='par_1_12' title="bbox 241 2595 1721 2702">
     <span class='ocr_line' id='line_1_40' title="bbox 334 2595 1721 2643; baseline 0.001 -12"><span class='ocrx_word' id='word_1_323' title='bbox 334 2595 414 2633; x_wconf 81' lang='lat'><strong>315.</strong></span> <span class='ocrx_word' id='word_1_324' title='bbox 462 2597 572 2642; x_wconf 86' lang='lat' dir='ltr'><strong>Apud</strong></span> <span class='ocrx_word' id='word_1_325' title='bbox 596 2596 766 2642; x_wconf 88' lang='lat' dir='ltr'><strong>Apollon.</strong></span> <span class='ocrx_word' id='word_1_326' title='bbox 794 2598 833 2632; x_wconf 90' lang='lat' dir='ltr'><strong>et</strong></span> <span class='ocrx_word' id='word_1_327' title='bbox 858 2597 1027 2642; x_wconf 83' lang='lat' dir='ltr'><strong>Apollod.</strong></span> <span class='ocrx_word' id='word_1_328' title='bbox 1052 2598 1076 2635; x_wconf 88' lang='lat' dir='ltr'><strong>l.</strong></span> <span class='ocrx_word' id='word_1_329' title='bbox 1101 2598 1125 2633; x_wconf 91' lang='lat' dir='ltr'><strong>l.</strong></span> <span class='ocrx_word' id='word_1_330' title='bbox 1151 2598 1280 2643; x_wconf 87' lang='lat' dir='ltr'><strong>(Orph.</strong></span> <span class='ocrx_word' id='word_1_331' title='bbox 1306 2598 1394 2643; x_wconf 77' lang='lat' dir='ltr'><strong>Arg.</strong></span> <span class='ocrx_word' id='word_1_332' title='bbox 1421 2598 1504 2642; x_wconf 84' lang='lat'>666)</span> <span class='ocrx_word' id='word_1_333' title='bbox 1532 2598 1721 2642; x_wconf 87' lang='lat' dir='ltr'><strong>Bebryces</strong></span> 
     </span>
     <span class='ocr_line' id='line_1_41' title="bbox 241 2654 1444 2702; baseline 0.002 -13"><span class='ocrx_word' id='word_1_334' title='bbox 241 2665 330 2699; x_wconf 89' lang='lat' dir='ltr'><strong>rege</strong></span> <span class='ocrx_word' id='word_1_335' title='bbox 354 2654 554 2691; x_wconf 83' lang='lat' dir='ltr'><strong>interfecto</strong></span> <span class='ocrx_word' id='word_1_336' title='bbox 579 2667 654 2691; x_wconf 91' lang='lat' dir='ltr'><strong>non</strong></span> <span class='ocrx_word' id='word_1_337' title='bbox 678 2655 836 2701; x_wconf 85' lang='lat' dir='ltr'><strong>fugiunt,</strong></span> <span class='ocrx_word' id='word_1_338' title='bbox 863 2656 930 2692; x_wconf 89' lang='lat' dir='ltr'><strong>sed</strong></span> <span class='ocrx_word' id='word_1_339' title='bbox 955 2657 1189 2702; x_wconf 86' lang='lat' dir='ltr'><strong>Argonautas</strong></span> <span class='ocrx_word' id='word_1_340' title='bbox 1216 2657 1444 2693; x_wconf 83' lang='lat' dir='ltr'><strong>adoriuntur.</strong></span> 
     </span>
    </p>
   </div>
   <div class='ocr_carea' id='block_1_5' title="bbox 0 1732 42 2652">
    <p class='ocr_par' dir='ltr' id='par_1_13' title="bbox 0 1732 42 2652">
     <span class='ocr_line' id='line_1_42' title="bbox 0 1732 42 2652; baseline 0 0"><span class='ocrx_word' id='word_1_341' title='bbox 0 1732 42 2652; x_wconf 95' lang='lat' dir='ltr'><strong> </strong></span> 
     </span>
    </p>
   </div>
  </div>
 </body>
</html>
