1890 3100
258 212 343 254 342
784 207 820 243 C.
848 207 1028 243 VALERI
1053 207 1228 243 FLACCI

367 330 636 381 ‘arquipotens
666 327 843 376 adverte,
873 341 1025 380 precor,
1056 341 1160 365 nunc
1191 326 1365 380 denique
1396 327 1564 380 Apollo;

366 395 453 442 hoc,
484 400 610 446 pater,
641 394 717 432 hoc
746 394 861 432 nobis
891 393 1028 432 refove
1059 398 1189 444 caput,
1219 393 1303 431 ulla
1331 393 1479 432 laboris

366 460 399 498 si
427 460 552 498 nostri
579 465 621 498 te
651 473 746 498 cura
773 465 917 506 movet,
949 459 1017 511 qui
1046 457 1207 497 cardine
1239 472 1392 497 summo

363 526 532 564 vertitur
561 531 682 577 atque
712 525 836 563 omnis
866 524 1048 563 manibus
1078 537 1184 562 nunc
1212 523 1362 575 pendet
1391 524 1440 562 ab
1469 524 1585 563 unis’.

366 590 472 629 dicta
501 590 651 628 dabant
679 591 810 628 ventis
839 603 915 628 nec
945 589 1082 628 debita
1110 589 1194 627 fata
1221 589 1448 628 movebant.

366 656 527 708 qualem
555 656 764 707 praecipiti
792 655 1000 706 gravidum
1030 655 1108 693 iam
1138 660 1244 693 sorte
1273 661 1481 706 parentem

366 727 549 759 natorum
579 721 649 759 flet
677 735 802 773 parva
829 734 970 759 manus
999 719 1226 772 trepidique
1254 726 1480 771 precantur,

367 786 483 825 duret
511 792 555 825 ut
582 786 768 825 invalidis
800 792 839 825 et
868 785 999 824 adhuc
1029 786 1220 837 genitoris
1251 787 1408 837 egenis:

364 852 462 890 haut
491 852 607 891 aliter
636 852 734 890 socii
762 865 948 903 supremo
977 852 1019 889 in
1046 856 1226 902 tempore
1255 851 1419 903 Tiphyn

365 923 458 956 ante
488 917 587 955 alios
618 929 829 968 superesse
858 916 1009 954 volunt.
1067 929 1172 954 mors
1201 916 1345 967 frigida
1374 922 1511 955 contra

367 988 524 1034 urguet,
555 987 596 1020 et
623 982 692 1020 ille
721 994 863 1020 recens
894 981 1019 1020 oculis
1048 981 1263 1019 intervolat
1290 981 1444 1020 Idmon.

356 1124 412 1162 17.
463 1124 607 1159 admei-te
631 1135 681 1160 sc.
708 1123 872 1158 animum
896 1124 1004 1157 tuum
1029 1123 1079 1157 ad
1104 1134 1187 1165 nos;
1215 1123 1267 1158 sic
1294 1123 1360 1160 Ov.
1387 1123 1473 1159 fast.
1499 1124 1563 1166 IV,
1589 1124 1660 1159 829
1684 1124 1748 1160 ad-

257 1186 380 1220 vertite
404 1184 522 1219 cuncti
547 1183 652 1229 (dei).

353 1243 409 1280 19.
460 1242 529 1285 Qui
558 1242 703 1278 cardine
726 1252 861 1277 summo
885 1242 1044 1283 vertitur,
1083 1241 1122 1276 in
1148 1253 1290 1277 summo
1319 1242 1530 1278 discrimine
1560 1244 1746 1285 versatum

259 1304 325 1340 cfr.
351 1303 463 1348 Verg.
491 1303 581 1338 Aen.
608 1302 638 1342 Ι,
665 1301 734 1336 672
759 1302 859 1337 haud
883 1305 982 1336 tanto
1009 1302 1157 1337 cessabit
1182 1302 1327 1337 cardine
1351 1313 1466 1337 rerum
1492 1301 1516 1338 i.
1536 1313 1567 1338 e.
1584 1301 1623 1336 in
1639 1303 1747 1338 tanto

262 1362 472 1399 discrimine
480 1375 488 1404 ;
516 1361 612 1397 Stat.
640 1361 758 1398 Theb.
784 1361 830 1403 X,
857 1360 927 1396 853
950 1361 1109 1403 fatorum
1133 1362 1173 1396 in
1198 1361 1343 1397 cardine
1366 1372 1512 1398 summo.

355 1422 410 1458 20.
461 1421 625 1456 manibus
650 1441 696 1447 -
715 1421 849 1465 pendet
874 1421 917 1455 ab
942 1421 1026 1456 unis
1050 1420 1072 1455 i.
1104 1431 1135 1456 e.
1160 1421 1277 1461 unius,
1303 1420 1369 1457 cfr.
1397 1421 1446 1456 ad
1470 1420 1538 1467 ΙΙΙ,
1565 1421 1645 1457 312.

356 1482 413 1516 21.
440 1481 559 1516 debita
582 1481 673 1524 fata,
700 1491 795 1525 quae
822 1480 856 1515 ei
883 1480 1072 1515 destinata
1098 1481 1214 1522 erant,
1243 1479 1312 1516 cfr.
1337 1481 1380 1521 V,
1408 1479 1493 1522 180;
1531 1481 1617 1521 277;
1655 1480 1746 1522 530;

260 1541 327 1577 Ov.
353 1542 428 1576 her.
455 1540 539 1582 VII,
568 1540 637 1575 103
661 1540 763 1575 venio
789 1540 855 1575 tibi
879 1539 996 1575 debita
1020 1540 1167 1581 conium
1195 1539 1293 1581 XIX,
1320 1539 1343 1574 8
1368 1539 1505 1575 debitus
1529 1561 1576 1566 —
1601 1541 1746 1581 conium

258 1601 351 1636 met.
377 1600 483 1644 XIII,
510 1599 556 1634 54
582 1600 700 1634 debita
729 1599 897 1634 Troianis
920 1620 965 1625 —
991 1599 1128 1643 spicula
1153 1598 1261 1641 fatis:
1289 1598 1375 1635 fast.
1401 1599 1473 1643 III,
1499 1598 1568 1634 798
1594 1609 1749 1644 quaeque

260 1660 334 1704 fuit
356 1660 445 1703 fatis
483 1659 609 1700 debita,
642 1663 791 1703 temptat
817 1669 931 1703 opem;
973 1657 1064 1695 Stat.
1102 1658 1193 1695 Ach.
1231 1657 1279 1700 II,
1318 1658 1388 1693 318
1428 1669 1554 1704 maqne
1589 1662 1749 1693 vastator

259 1720 372 1755 debite
401 1719 545 1761 Troiae3
585 1718 703 1754 Theb.
729 1718 791 1763 IV,
818 1717 863 1753 84
889 1718 1028 1753 debitus
1053 1718 1196 1762 stowe&
1247 1717 1399 1753 Iuvenc.
1426 1717 1476 1763 ΙΙ,
1503 1717 1571 1752 173
1588 1722 1748 1762 tempora

257 1780 386 1815 debita.

353 1839 409 1873 22.
454 1838 651 1882 praecipiti
676 1858 720 1863 ——
745 1841 855 1880 sorte3
883 1838 1022 1872 sortem
1047 1837 1118 1872 hoc
1152 1839 1234 1872 loco
1274 1836 1347 1872 dici
1385 1847 1541 1882 gravem
1576 1837 1748 1872 morbum

259 1899 419 1944 apparet
445 1909 490 1933 ex
516 1898 568 1933 eis
594 1908 690 1942 quae
716 1897 930 1941 sequuntur,
952 1907 1126 1941 praeceps
1152 1898 1278 1932 autem
1304 1895 1527 1936 nominatur,
1555 1895 1641 1941 quia
1664 1907 1746 1941 pro-

256 1959 368 2003 perat
393 1957 443 1992 ad
468 1957 620 2002 exitum,
646 1957 669 1991 i.
697 1968 726 1992 e.
755 1956 804 1991 ad
828 1957 1006 1995 mortem:
1036 1956 1224 2001 yravidum
1249 1955 1397 2001 scripsit
1420 1957 1535 2001 poeta
1565 1967 1633 2000 pro
1664 1967 1747 2000 gra-

257 2018 357 2059 vato,
397 2016 499 2052 cuius
524 2016 687 2052 notionis
714 2016 875 2051 alterum
908 2015 1121 2061 exemplum
1147 2016 1292 2051 certum
1317 2026 1390 2050 non
1416 2014 1520 2057 novi;
1559 2013 1621 2050 Sil.
1649 2014 1748 2050 enim

257 2076 360 2120 XHI,
378 2076 448 2110 542
465 2087 561 2111 noma
575 2076 748 2121 qravidus
759 2076 918 2119 populus
938 2087 1012 2110 non
1032 2077 1090 2110 est
1106 2075 1263 2120 populus
1281 2075 1459 2119 gravatus
1477 2085 1583 2115 noxa,
1602 2074 1669 2109 sed
1686 2074 1748 2119 qui

257 2135 376 2170 multa.
409 2135 551 2171 scelera
582 2134 768 2171 commisit
792 2135 920 2179 itaque
952 2134 1056 2179 quasi
1090 2134 1129 2168 in
1162 2145 1202 2169 se
1229 2133 1405 2179 continet,
1433 2134 1471 2169 et
1495 2133 1581 2169 Luc.
1609 2133 1651 2175 V,
1679 2133 1747 2168 735

258 2195 447 2240 yravidum
472 2196 569 2230 curis
592 2199 725 2239 pectas,
752 2194 852 2239 quod
876 2193 1013 2228 multas
1047 2204 1154 2228 curas
1186 2193 1313 2235 habet,
1347 2194 1386 2228 et
1410 2192 1520 2238 Verg.
1546 2192 1638 2228 Aen.
1668 2192 1746 2238 VII,

257 2253 326 2288 507
352 2254 462 2298 stipes
484 2255 658 2299 ‚qr-avidus
681 2254 795 2295 nodis,
823 2253 886 2298 qui
910 2253 1047 2288 multos
1073 2253 1190 2288 nodos
1215 2253 1343 2288 habet.

353 2325 408 2360 23.
459 2329 625 2359 natorum
644 2345 687 2350 ——
696 2336 816 2369 parva
832 2335 970 2365 manus,
997 2324 1072 2358 vid.
1094 2324 1141 2358 ad
1160 2323 1225 2364 III,
1253 2324 1286 2367 4,
1304 2325 1343 2359 et
1369 2323 1415 2358 de
1440 2322 1593 2358 notione
1618 2334 1747 2358 manus

258 2383 481 2420 substantivi
507 2383 601 2418 Stat.
629 2383 746 2419 Theb.
773 2383 833 2425 IV,
861 2384 906 2418 26
931 2384 1052 2419 haeret
1079 2383 1194 2418 amica
1224 2394 1367 2418 manas:
1403 2386 1540 2417 certant
1569 2382 1744 2418 innectere

258 2444 345 2479 collo
370 2444 563 2479 Bracchia.

353 2503 409 2538 24.
460 2502 562 2537 duret
587 2501 729 2537 dictum
756 2502 802 2537 de
819 2502 988 2547 longiore
1006 2502 1097 2546 vita,
1122 2503 1165 2536 ut
1181 2501 1243 2543 VI,
1270 2501 1358 2548 308;
1383 2500 1470 2537 Tac.
1489 2512 1574 2536 ann.
1593 2501 1660 2543 III,
1689 2501 1743 2538 16.

353 2562 409 2598 27.
458 2573 578 2597 recens
606 2561 753 2603 Idmom
791 2561 938 2606 saepius
964 2572 1094 2596 recens<
1123 2561 1174 2596 sic
1212 2561 1383 2596 absolute
1419 2560 1581 2605 ponitur,
1620 2561 1663 2595 ut
1701 2572 1745 2596 ex

258 2622 339 2657 tota
369 2621 558 2657 sententia
589 2620 803 2656 addendum
834 2620 891 2660 sit,
929 2631 1001 2665 qua
1026 2621 1173 2655 ratione
1200 2619 1330 2664 aliquis
1355 2630 1485 2655 recens
1511 2619 1669 2664 dicatur,
1703 2620 1746 2654 ut

259 2681 330 2716 hoc
354 2681 437 2716 loco
462 2684 572 2716 morte
598 2679 775 2715 ‘kiirzlich
800 2680 1031 2725 gestorben’3
1073 2681 1136 2715 cfr.
1164 2679 1228 2714 Ov.
1255 2680 1343 2714 met.
1370 2678 1469 2721 VIII,
1496 2678 1567 2714 488
1589 2679 1746 2721 fraterni
