1890 3100
544 241 926 284 ARGONAVTICON
949 245 1095 280 LIBER
1120 244 1168 280 ΙΙ.
1510 246 1592 288 161

227 366 360 414 audet,
389 381 468 406 non
494 366 643 419 patrios
669 365 783 403 furtis
812 363 1005 402 accedere
1034 363 1169 410 saltus,

230 491 271 524 et
297 485 394 537 fuga
421 484 597 524 diversas
625 484 770 522 misero
800 481 1031 535 quaerenda
1058 494 1130 533 per
1157 485 1275 519 artes.

227 551 316 588 visa
341 551 437 589 ratis
466 562 610 588 saevae
640 547 799 587 defecta
825 546 1029 586 laboribus
1058 544 1201 592 undae,
1597 560 1652 589 285

230 628 348 667 quam
373 613 536 653 Thetidi
561 613 779 665 longinqua
807 611 892 650 dies
922 611 1156 663 Glaucoque
1185 615 1386 662 repostam

117 755 216 798 ferre
241 755 308 791 Ov.
333 766 405 791 am.
429 754 457 795 I,
483 755 515 796 7,
541 755 580 797 6;
612 755 731 790 oscula
764 753 844 791 Val.
877 752 960 798 VII,
985 752 1072 794 216;
1105 752 1172 788 Ov.
1205 751 1297 786 artis
1328 750 1377 791 ΙΙ,
1409 750 1494 792 325;
1530 748 1600 791 111,

122 814 215 856 310;
242 825 356 850 amor.
381 813 429 855 IL
455 814 487 854 5,
521 813 582 856 25;
609 813 676 854 HI,
702 813 737 854 7,
759 812 822 854 48;
847 812 958 857 Prop.
983 811 1012 853 I,
1038 811 1094 852 20,
1128 810 1190 852 28;
1223 810 1271 855 ΙΙ,
1302 810 1334 851 6,
1365 809 1406 854 8;
1445 809 1499 850 18,
1536 809 1596 851 18;

119 872 247 908 Plaut.
273 872 379 919 Epid.
403 872 488 915 573;
515 871 629 908 Stich.
654 872 720 914 89;
745 871 879 917 Amph.
905 871 989 913 717;
1015 871 1111 906 dicta
1136 870 1216 905 Val.
1242 869 1303 910 IV,
1323 869 1410 911 330;
1429 868 1495 904 OV.
1521 869 1598 904 her.

123 930 222 976 XIX,
247 931 309 974 20;
328 942 454 976 preces
480 931 559 966 Val.
585 930 647 972 IV,
673 930 759 972 547;
785 929 887 970 VHI,
913 930 1000 977 4423
1029 929 1141 974 Verg.
1166 929 1259 964 Aen.
1292 927 1391 969 VIII,
1417 927 1480 969 60;
1512 926 1596 963 Sen.

121 989 264 1028 Phoen.
287 990 375 1031 500;
401 991 561 1026 carmina
584 989 734 1025 Maxim.
761 989 854 1034 eleg.
880 989 924 1030 V,
949 988 1015 1035 90;
1041 989 1164 1024 laudes
1182 991 1214 1023 et
1229 988 1391 1023 camina
1407 987 1518 1022 Drac.
1537 986 1599 1027 VI,

120 1048 182 1084 43.
230 1048 351 1094 Saepe
375 1050 502 1084 autem
526 1048 642 1084 etiam
666 1048 793 1083 dativo
818 1059 892 1083 non
917 1047 1047 1083 addito
1072 1048 1138 1082 aut
1161 1047 1288 1082 mente
1313 1042 1486 1081 addendo
1508 1045 1603 1087 ferre

124 1118 208 1142 cum
232 1107 379 1143 obiecto
404 1107 638 1152 coniungitur
662 1119 730 1152 pro
755 1106 913 1153 simplici
935 1106 1042 1142 verbi
1066 1106 1234 1141 notione:
1258 1106 1286 1148 f.
1307 1105 1431 1149 pcdem
1456 1104 1601 1150 saepius

121 1177 191 1211 pro
216 1165 329 1201 eundi
357 1166 490 1207 verbo;
520 1166 549 1208 f.
578 1165 729 1211 aradum
763 1165 787 1200 i.
820 1176 851 1201 e.
882 1164 989 1210 gradi
1025 1164 1106 1200 Val.
1137 1164 1179 1206 V,
1212 1163 1297 1205 395,
1325 1163 1391 1199 Ov.
1425 1164 1494 1199 art.
1530 1162 1598 1203 111,

123 1223 209 1265 304;
234 1225 323 1260 met.
348 1224 428 1266 VII,
456 1224 540 1265 184;
569 1224 654 1259 fast.
681 1224 743 1264 VI,
770 1224 855 1265 338;
882 1224 969 1260 Luc.
993 1223 1095 1261 VIII,
1124 1223 1207 1264 718;
1234 1222 1296 1258 Sil.
1324 1222 1384 1262 IV,
1418 1222 1481 1265 95;
1514 1222 1600 1258 Sen.

124 1282 222 1318 Med„
248 1282 335 1325 186;
360 1283 488 1319 Avian.
514 1283 590 1321 fab.
614 1283 671 1324 29,
687 1283 726 1324 4;
747 1283 865 1318 Plaut.
883 1283 995 1318 Mero.
1012 1282 1100 1329 883;
1115 1293 1258 1328 messus
1274 1284 1459 1327 (yressum)
1480 1282 1598 1326 Verg.

122 1341 216 1379 Aen.
243 1342 303 1383 VI,
329 1342 414 1384 677;
433 1342 535 1380 Lucr.
560 1342 622 1383 IV,
649 1341 737 1383 679;
765 1342 831 1378 Ov.
856 1343 934 1378 her.
960 1341 1036 1382 XV,
1061 1341 1148 1383 229;
1182 1342 1268 1377 fast.
1294 1340 1361 1382 ΙΙΙ,
1389 1341 1476 1382 174;
1512 1341 1601 1376 met.

131 1402 189 1443 VI,
214 1401 406 1443 275;V11,
434 1401 517 1448 185;
543 1401 643 1442 VIIL
681 1400 743 1446 39;
775 1401 860 1436 Luc.
895 1400 955 1442 VI,
987 1400 1077 1445 829‚·
1110 1399 1207 1441 vm,
1240 1400 1324 1442 718;
1362 1400 1445 1436 Sen.
1471 1399 1602 1445 Agam.

126 1460 207 1502 780;
232 1460 326 1496 Stat.
351 1460 468 1496 Theb.
492 1460 540 1506 ΙΙ,
567 1460 652 1502 547;
678 1459 740 1501 IV,
766 1459 852 1502 ‚480;
877 1460 989 1496 Prud.
1016 1471 1046 1495 c.
1072 1459 1208 1504 Symm.
1234 1459 1283 1501 H,
1309 1459 1395 1501 582;
1422 1458 1600 1504 imprimis

128 1518 217 1555 Silio
242 1520 423 1554 amatum:
449 1519 515 1561 HI,
542 1519 626 1561 180;
651 1519 712 1560 IV,
739 1518 800 1560 95;
826 1521 868 1560 V,
894 1518 983 1561 537;
1009 1518 1070 1560 VI,
1095 1518 1182 1560 437;
1207 1518 1288 1559 VII,
1321 1518 1410 1563 2913
1441 1518 1484 1559 X,
1515 1518 1602 1559 441;

129 1578 213 1621 ΧΠ,
238 1577 324 1621 193;
350 1578 434 1623 530;
460 1578 560 1619 XIII,
587 1578 673 1620 402;
698 1578 791 1622 4453
817 1577 912 1619 XIV,
941 1577 1027 1623 1593
1055 1577 1132 1617 XV,
1158 1577 1244 1622 5563
1277 1577 1390 1619 XVII,
1424 1577 1487 1622 293
1519 1576 1599 1619 519;

127 1638 252 1684 fraqam
274 1637 298 1673 i.
325 1648 356 1675 c.
381 1636 512 1683 fugere
536 1637 617 1672 Val.
643 1637 703 1678 IV,
730 1637 818 1683 6443
843 1637 924 1678 VH,
951 1636 1037 1683 2973
1063 1636 1163 1678 VIII,
1191 1637 1228 1684 5;
1246 1638 1313 1672 iter
1328 1637 1350 1671 i.
1370 1648 1402 1672 e.
1420 1636 1474 1672 ire
1492 1637 1603 1681 Verg.

131 1696 222 1733 Aen.
246 1695 330 1737 VH,
355 1696 441 1738 811;
466 1696 560 1732 Stat.
587 1696 701 1731 Theb.
728 1695 756 1737 I,
782 1695 868 1742 326;
894 1696 979 1738 444;
1005 1695 1090 1741 XH,
1117 1695 1204 1737 1493
1229 1695 1360 1732 Avian.
1387 1695 1462 1731 fab.
1488 1695 1544 1736 26,
1562 1695 1603 1741 23

128 1766 256 1791 cursus
279 1754 342 1791 Sil.
366 1755 430 1795 IX,
457 1755 545 1796 243;
573 1765 707 1799 pascus
732 1754 797 1790 Ov.
823 1756 912 1790 met.
938 1754 1032 1800 XIV,
1060 1754 1144 1796 120,
1182 1755 1331 1790 reditum
1365 1754 1388 1789 i.
1421 1766 1451 1790 e.
1483 1753 1605 1790 redire

134 1813 267 1849 catull.
291 1813 347 1853 63,
373 1814 437 1856 47;
464 1813 526 1856 79;
552 1813 608 1855 66,
639 1813 701 1855 35;
727 1814 833 1848 verba
856 1813 878 1848 i.
912 1825 942 1849 e.
974 1813 1073 1858 loqui
1099 1813 1164 1849 Ov.
1196 1814 1284 1850 met.
1315 1813 1398 1854 VII,
1431 1812 1516 1857 5013
1542 1812 1601 1847 Sil.

131 1871 232 1916 Vm,
256 1872 342 1919 2653
367 1872 462 1910 Stat.
488 1872 568 1908 silv.
594 1871 661 1914 HL
689 1873 719 1914 1,
747 1872 830 1916 165;
862 1873 1015 1908 lamma
1043 1873 1066 1909 i.
1099 1884 1132 1908 e.
1165 1873 1365 1908 lamentari
1394 1872 1488 1907 Stat.
1521 1872 1603 1907 silv.

132 1933 174 1975 V,
199 1933 233 1973 3,
257 1931 337 1974 2643
361 1932 508 1977 gentitus
532 1931 627 1968 Stat.
652 1931 731 1967 silv.
757 1931 805 1975 11,
831 1932 864 1976 4,
895 1931 959 1973 22;
991 1936 1107 1967 votum
1137 1932 1160 1967 i.
1194 1943 1224 1968 e.
1257 1933 1387 1977 optare
1423 1931 1500 1967 Iuv.
1535 1933 1605 1967 sat.

131 1991 200 2037 ΠΙ,
224 1990 305 2026 276.

225 2049 306 2086 283.
351 2049 462 2092 furti-3
486 2049 507 2085 i.
535 2061 565 2085 e.
593 2050 706 2093 clam3
730 2049 946 2095 plerumque
970 2049 1068 2092 furto
1086 2049 1222 2085 dicitur
1241 2050 1420 2095 singulari
1436 2061 1604 2086 numero.

131 2108 285 2150 utVIII,
299 2108 385 2150 229;
404 2109 470 2144 Ov.
485 2108 569 2146 fast.
583 2108 631 2149 H,
648 2108 734 2150 183;
753 2108 848 2144 Stat.
866 2108 981 2144 Th'eb.
999 2108 1028 2149 I,
1044 2108 1129 2150 313;
1152 2108 1248 2149 VIII,
1263 2109 1325 2150 61;
1346 2108 1407 2150 IX,
1427 2109 1510 2151 133;
1537 2108 1603 2150 XI,

135 2168 219 2210 758;
246 2167 327 2209 XII,
347 2168 430 2209 143;
457 2168 567 2212 Verg.
593 2168 682 2203 Aen.
708 2167 770 2210 IV,
796 2167 882 2214 3373
908 2167 994 2204 Luc.
1012 2168 1072 2208 VI,
1095 2167 1161 2202 121
1182 2167 1240 2208 al„
1257 2167 1392 2213 plurali
1408 2168 1478 2203 nisi
1495 2167 1608 2204 fallor

135 2227 233 2273 apud
258 2227 375 2263 solum
400 2227 599 2268 Valerium;
626 2238 711 2262 nam
736 2226 774 2261 in
800 2227 987 2273 exemplis,
1013 2227 1120 2273 quale
1143 2227 1282 2272 legitur
1307 2227 1372 2263 Ov.
1398 2229 1486 2263 met.
1505 2227 1606 2268 ΧΠΙ,

136 2285 205 2321 104
226 2285 337 2328 furtis
359 2287 539 2321 incautum
570 2285 698 2330 decipit
721 2287 862 2327 hostem,
889 2285 997 2320 furtis
1031 2298 1105 2321 non
1137 2297 1204 2332 pro
1235 2286 1412 2322 adverbio
1444 2288 1511 2328 est,
1543 2286 1609 2322 sed

135 2355 203 2390 pro
226 2344 470 2385 substantivo,
497 2346 654 2389 suntque
680 2344 845 2380 facinora
870 2345 1113 2382 clandestina.
1139 2345 1261 2390 Atque
1286 2346 1355 2380 hoc
1372 2345 1510 2380 Valerii
1526 2345 1608 2380 loco

16 2376 20 2458 J
50 2434 61 2441 ,
137 2402 288 2448 pluralis
313 2402 544 2448 aliquomodo
570 2403 785 2439 defenditur
811 2415 866 2448 eo,
892 2404 990 2448 quod
1015 2404 1061 2439 de
1088 2404 1296 2440 accessione
1321 2404 1482 2450 repetita
1508 2404 1607 2449 cogi-

138 2461 252 2496 tatur.
301 2461 390 2497 Post
414 2462 510 2497 hunc
535 2473 683 2498 versum
706 2462 886 2498 nonnulla
911 2462 1090 2498 excidisse
1117 2464 1218 2498 recte
1242 2463 1336 2498 vidit
1360 2463 1559 2498 Baehrens.

230 2519 310 2556 286.
358 2520 448 2555 Post
471 2520 729 2566 navigationes
765 2522 980 2557 consecrata
1006 2523 1089 2557 erat
1114 2521 1219 2556 navis
1246 2521 1324 2557 deis
1349 2521 1514 2561 marinis;
1541 2520 1607 2556 cfr.

140 2578 425 2623 pulcherrimum
448 2579 540 2614 illud
572 2590 721 2615 carmen
755 2580 926 2624 quartum
958 2579 1105 2616 Catulli.
1156 2580 1328 2616 Ceterum
1358 2581 1427 2615 hoc
1460 2579 1610 2624 quidem

24 2619 66 2666 ῚἐἸ
141 2635 222 2671 loco
245 2636 411 2672 Valerius
437 2638 572 2673 oblitus
599 2639 664 2678 est,
691 2649 730 2673 se
757 2641 854 2684 Argo
879 2638 1037 2683 primam
1062 2650 1195 2674 navem
1219 2639 1355 2673 iustam
1376 2638 1519 2677 dixisse,
1538 2637 1608 2672 nisi

32 2679 66 2746 Ῐζ
139 2694 236 2730 forte
260 2697 442 2741 putamus,
469 2697 627 2733 similem
653 2709 736 2733 eum
762 2698 946 2742 cogitasse
970 2699 1091 2734 ratem
1115 2700 1222 2742 atque
1241 2697 1484 2733 Lemniorum
1512 2707 1606 2741 quae

1333 2756 1374 2789 11
