1890 3100
258 269 344 312 300
805 267 841 302 C.
867 266 1048 302 VALERI
1073 266 1249 303 FLACCI

361 400 436 425 nec
466 400 539 424 sua
568 386 772 426 defessum
800 393 970 426 noscunt
998 387 1088 425 loca
1116 400 1190 426 nec
1221 401 1294 425 sua
1320 401 1458 439 regem

363 452 533 503 agmina.
589 453 787 504 respirant
816 453 932 491 ambo
962 453 1206 505 paulumque
1235 459 1435 504 reponunt

362 518 560 563 bracchia,
593 531 667 556 ceu
695 518 886 569 Lapithas
917 524 985 556 aut
1012 518 1195 556 Paeonas
1225 532 1399 570 aequore
1428 519 1470 556 in
1497 519 1584 570 ipso

367 597 455 622 cum
484 583 640 622 refovet
667 583 827 636 fixaque
858 583 950 622 silet
979 583 1179 623 Gradivus
1208 585 1250 622 in
1277 584 1404 622 hasta.

364 650 433 687 vix
463 653 668 696 steterant,
701 654 740 687 et
769 650 847 687 iam
878 662 971 688 ecce
1001 655 1122 687 ruunt
1150 649 1378 701 inflictaque
1406 649 1488 688 late

365 719 481 765 terga
510 719 670 762 sonant3
709 728 814 752 nova
842 715 902 752 vis
931 715 1086 762 iterum,
1116 728 1222 753 nova
1250 728 1414 766 corpora
1443 720 1620 765 surgunt.

367 780 473 818 hunc
502 779 641 831 pudor,
672 780 778 818 hunc
807 786 902 818 noto
931 781 1010 818 iam
1040 793 1132 831 spes
1163 779 1374 818 audentior
1400 780 1516 819 hoste

368 845 598 883 instimulat.
656 846 810 883 fumant
841 845 979 883 crebro
1008 845 1242 896 praecordia
1270 845 1400 897 pulsu.
1749 866 1803 896 285

366 911 456 948 avia
484 916 724 962 responsant
753 911 904 962 gemitu
932 911 1043 961 iuga:
1074 911 1245 962 pervigil
1274 916 1317 949 ut
1347 925 1435 949 cum

365 976 559 1015 artificum
588 981 700 1014 notat
728 976 814 1027 ipse
843 989 983 1014 manus
1013 982 1054 1014 et
1081 975 1249 1014 fulmina
1279 976 1457 1028 Cyclops

276 1082 284 1086 “
353 1077 433 1113 278.
483 1077 595 1122 Verg.
622 1078 712 1111 Aen.
740 1076 823 1117 XII.
851 1076 920 1111 903
945 1076 1008 1111 sed
1029 1087 1140 1121 neque
1176 1081 1372 1111 currentem
1408 1088 1445 1113 se
1482 1088 1545 1112 nec
1569 1079 1746 1123 coynoscit

258 1141 396 1172 euntem
422 1138 473 1172 ‘er
498 1136 617 1172 kennt
634 1136 714 1171 sich
732 1135 837 1171 nicht
856 1135 1019 1178 wieder',
1047 1137 1160 1180 atque
1187 1136 1283 1171 solet
1309 1136 1481 1172 adhiberi
1498 1136 1748 1181 cognoscendi

258 1196 415 1249 verbum
454 1195 568 1231 etiam
604 1195 643 1230 in
680 1207 791 1240 prosa
826 1195 995 1231 oratione
1034 1195 1083 1230 ad.
1120 1196 1215 1230 hanc
1241 1195 1433 1231 notionem
1459 1195 1749 1240 exprimendam,

258 1255 483 1291 noscendi
509 1255 668 1300 simplici
692 1255 808 1290 verbo
834 1254 891 1289 usi
909 1256 996 1289 sunt
1021 1254 1105 1290 Sen.
1127 1255 1219 1290 Oed.
1245 1254 1331 1297 819;
1358 1255 1446 1296 847;
1472 1254 1534 1289 Sil.
1562 1254 1638 1300 XV,
1665 1254 1750 1297 708;

259 1315 353 1351 Stat.
381 1315 498 1351 Theb.
525 1313 572 1355 ΙΙ,
600 1315 661 1356 62;
688 1314 811 1350 Plaut.
837 1314 936 1349 Trin.
961 1314 1042 1350 445.

352 1374 432 1410 279.
482 1374 650 1419 Apollon.
677 1374 726 1418 ΙΙ,
752 1374 799 1408 85
825 1385 918 1419 seq.;
959 1373 1055 1409 Stat.
1082 1373 1199 1408 Theb.
1226 1373 1287 1413 VI,
1315 1373 1395 1409 798.

353 1434 433 1470 280.
485 1435 651 1469 Paeonas
676 1445 740 1469 cur
761 1433 965 1468 Centauros
983 1433 1210 1478 interpretes
1235 1433 1474 1478 intellegant,
1501 1443 1652 1468 causam
1676 1444 1751 1468 non

258 1494 385 1530 video:
413 1495 470 1529 est
495 1505 587 1538 gens
605 1492 861 1533 Macedoniae,
888 1504 1000 1537 quam
1014 1504 1081 1538 pro
1100 1494 1215 1537 gente
1235 1492 1406 1537 qualibet
1421 1491 1601 1528 bellicosa
1619 1493 1751 1527 harum

259 1553 454 1599 regionum
490 1552 615 1599 posuit
651 1554 782 1597 poeta;
823 1551 879 1586 sin
916 1563 1005 1587 vero
1045 1552 1091 1587 de
1124 1551 1370 1596 Lapitharum
1408 1552 1447 1587 et
1480 1550 1751 1586 Centaurorum

258 1624 386 1659 pugna
411 1612 622 1658 cogitasset,
650 1612 729 1647 sine
750 1612 864 1647 dubio
890 1616 927 1646 et
951 1623 1018 1657 pro
1045 1615 1109 1646 aut
1133 1611 1341 1657 scripsisset
1367 1622 1488 1656 neque
1512 1621 1644 1655 aequor
1669 1610 1693 1646 i.
1720 1622 1751 1646 e.

260 1684 432 1718 campum
457 1672 609 1717 planum
636 1673 674 1706 et
700 1672 871 1717 apertum
897 1670 1090 1716 pugnandi
1117 1671 1452 1706 commemorasset.

355 1732 436 1767 281.
487 1731 543 1767 De
570 1731 816 1767 collocatione
842 1742 920 1765 cum
935 1730 1146 1776 particulae
1175 1729 1241 1764 cfr.
1269 1729 1319 1764 ad
1335 1729 1362 1770 1,
1389 1729 1469 1764 623.

354 1793 434 1827 silet
462 1791 645 1826 Gradivus
670 1792 710 1826 in
736 1791 850 1831 hasta,
879 1789 947 1826 cfr.
974 1790 1023 1824 ad
1049 1790 1076 1830 Ι,
1104 1789 1185 1824 641.

356 1851 437 1886 282.
487 1851 693 1895 inflictaque
718 1871 762 1875 —
788 1854 889 1894 terya
913 1861 962 1884 sc.
989 1849 1098 1889 tauri,
1138 1848 1160 1882 i.
1196 1859 1227 1886 e.
1261 1849 1418 1888 caestus,
1456 1849 1499 1882 ut
1524 1849 1635 1892 Verg.
1662 1846 1754 1883 Aen.

260 1911 302 1952 V,
329 1911 418 1953 403;
445 1910 526 1945 419.

357 1970 437 2005 283.
489 1969 583 2004 Tam
608 1969 781 2013 integrae
807 1968 992 2014 apparent
1029 1967 1136 2007 vires,
1165 1966 1269 2012 quasi
1307 1966 1411 2002 novis
1445 1965 1660 2011 corporibus
1685 1964 1756 2000 viri

261 2029 426 2076 praediti
452 2029 544 2071 sint;
584 2028 652 2064 cfr.
678 2028 721 2070 V,
760 2027 830 2062 365
867 2029 955 2062 mole
990 2038 1083 2062 nova
1122 2026 1168 2062 de
1207 2037 1362 2071 corpore
1394 2024 1539 2060 Iasonis
1565 2035 1587 2059 a
1611 2023 1756 2060 Iunone

264 2091 374 2125 aucto
401 2090 439 2124 et
465 2089 571 2134 quasi
596 2088 867 2133 redintegrato.

360 2149 441 2186 285.
489 2149 634 2191 fumant
665 2148 882 2192 praecordia
921 2147 1060 2182 dictum
1100 2146 1146 2181 de
1183 2147 1338 2191 pectore
1375 2145 1531 2190 propter
1556 2144 1755 2180 vehemen-

263 2209 448 2244 tissimam
474 2208 755 2243 contentionem
781 2206 927 2247 anhelo,
967 2206 1034 2241 cfr.
1061 2205 1123 2240 Sil.
1150 2206 1178 2246 Ι,
1205 2205 1275 2240 530
1300 2216 1376 2250 seq.
1414 2208 1490 2239 tum
1513 2204 1631 2238 creber
1651 2202 1755 2247 peni—

265 2273 390 2313 tusque
415 2269 561 2302 trahens
585 2268 747 2312 suspiria
770 2267 862 2302 sicco
888 2266 1024 2301 Fumat
1049 2266 1094 2300 ab
1120 2276 1179 2300 ore
1203 2275 1317 2308 vapor
1332 2265 1483 2308 nisuque
1507 2263 1614 2298 elisus
1630 2262 1756 2297 anhelo

265 2328 426 2363 Auditur
449 2328 616 2372 9oenitus;
668 2326 762 2361 Stat.
791 2326 909 2363 Theb.
934 2324 1035 2368 VIII,
1060 2324 1132 2359 400
1151 2325 1293 2368 pariter
1322 2323 1484 2367 suspiria
1506 2322 1660 2364 fumant.

360 2387 442 2422 286.
491 2390 720 2430 responsant:
749 2387 859 2430 Verg.
886 2385 978 2421 Aen.
998 2383 1079 2425 X11,
1108 2383 1188 2419 757.

361 2446 444 2482 287.
493 2449 620 2480 notata
646 2449 678 2480 et
707 2444 798 2485 Vat.‚
837 2448 940 2480 notat
965 2445 1041 2488 ipse
1077 2443 1156 2478 eod.
1186 2442 1307 2488 Carr.;
1344 2442 1421 2486 ipse
1460 2441 1518 2476 est
1553 2438 1753 2478 Vulcanus,

267 2506 329 2552 qui
354 2505 522 2542 officinas
550 2504 751 2550 Cyclopum
776 2504 904 2539 invisit
929 2504 968 2539 et
992 2502 1158 2548 inspicit:
1198 2502 1300 2537 recte
1326 2500 1381 2535 ita
1407 2498 1604 2544 explicavit
1633 2498 1758 2533 locum

266 2565 431 2601 Dorville
458 2564 507 2599 ad
534 2563 774 2599 Charitonem
799 2575 833 2608 p.
862 2562 947 2608 5923
987 2563 1062 2606 ipse
1086 2573 1153 2606 pro
1181 2560 1330 2596 domino
1361 2558 1513 2604 ponitur
1537 2569 1613 2592 non
1638 2556 1757 2592 solum

266 2625 304 2660 in
330 2635 500 2661 sermone
527 2623 727 2663 cotidiano,
767 2623 834 2658 sed
872 2622 987 2657 etiam
1025 2621 1125 2666 apud
1149 2621 1292 2666 poetas,
1328 2618 1433 2654 velut
1459 2617 1566 2653 Ovid.
1590 2617 1679 2652 met.
1705 2615 1754 2656 Π,

266 2684 336 2720 389
374 2695 450 2728 seq.
494 2684 528 2718 si
550 2694 650 2718 nemo
688 2686 738 2717 est
763 2692 948 2725 omnesque
973 2681 1036 2725 ¹dei
1060 2691 1131 2715 non
1151 2690 1259 2723 posse
1281 2678 1443 2720 fatentur
1469 2676 1554 2721 Ipse
1579 2679 1665 2720 ayat
1691 2675 1755 2720 (sc.

268 2744 439 2780 dominus
478 2743 632 2779 deorum
669 2741 840 2787 Iuppiter
877 2752 1022 2776 currum
1063 2739 1187 2783 Solis):
1226 2738 1322 2774 trist.
1355 2736 1396 2777 V,
1425 2737 1479 2776 11.
1520 2736 1562 2770 11
1599 2734 1756 2769 maoeima
