1890 3100
559 224 945 262 ARGONAVTIGON
970 223 1116 259 LIBER·
1142 223 1184 258 V.
1526 221 1616 264 383

243 347 400 400 oppida,
429 352 488 385 tot
516 346 630 398 vigili
656 345 923 398 palchen-lma
950 343 1112 381 flumina
1140 355 1274 387 cornu,
1619 351 1674 381 ⁴85

241 413 311 452 ille
338 425 471 451 meum
498 411 674 463 imperiis
701 416 847 461 urguet
874 413 1005 460 caput,
1040 406 1109 445 ille
1138 406 1298 444 labores

243 477 311 516 dat
337 477 481 523 varios,
512 489 607 514 suus
638 481 682 514 ut
709 487 898 526 magnum
925 486 999 511 rex
1027 471 1176 523 spargit
1206 471 1256 509 ab
1286 470 1404 520 Argis

240 542 426 589 Alciden,
455 541 653 580 Sthenelo
680 540 766 591 ipse
796 544 920 576 satus.
975 543 1110 575 tamen
1139 549 1283 587 aspera
1309 548 1450 585 regum

242 608 487 659 perpetimur
513 607 618 657 iuga,
647 618 722 643 nec
749 604 891 642 melior
917 615 1058 654 parere
1087 614 1241 640 recuso.

241 673 305 711 hic
334 673 411 711 sibi
437 685 501 710 me
530 677 691 709 auratae
719 668 885 721 pecudis
915 669 1174 720 quiscumque
1203 665 1362 717 periclis
1618 672 1674 702 490

245 738 410 776 exuvias
437 736 614 788 perferre
642 735 764 773 iubet.
819 734 892 772 tibi
920 734 1048 784 gratia
1074 732 1201 770 nostri

246 803 307 850 sit,
336 815 488 854 precor,
517 801 617 839 haec
645 801 855 852 meritique
884 799 985 845 loco,
1015 797 1122 850 quod
1149 798 1259 836 iussa
1285 797 1420 847 recepi

242 873 363 920 teque
392 866 525 913 alium,
555 879 674 918 quam
702 878 821 917 quem
849 863 982 903 Pelias
1012 868 1226 915 speratque
1256 862 1456 913 cupitque,

241 931 404 984 promisi
432 937 473 970 et
499 931 666 969 meliora
693 937 786 968 tuae
815 929 911 967 mihi
937 928 1103 967 foedera
1131 927 1308 967 dextrae.

246 997 280 1035 si
307 1002 445 1048 petere
474 996 550 1035 hoc
580 995 692 1033 saevi
720 995 949 1032 statuissem
978 994 1172 1045 sanguine
1201 992 1310 1039 belli,
1622 994 1677 1023 495

244 1061 351 1101 Ossa
380 1060 500 1099 dabat
528 1060 759 1112 Pindusque
789 1066 895 1097 rates
925 1064 1103 1111 quotque
1134 1064 1226 1096 ante
1256 1058 1384 1096 secuti

231 1197 312 1233 485.
361 1196 419 1232 De
452 1195 597 1241 magnis
629 1195 828 1240 multisque
852 1194 1066 1230 Thessaliae
1100 1194 1310 1228 liminibus
1347 1193 1415 1228 cfr.
1443 1193 1509 1228 Ov.
1535 1194 1624 1228 met.

138 1255 219 1298 VII,
244 1255 316 1291 228
339 1266 459 1300 seqq.;
485 1255 571 1291 Luc.
596 1254 658 1294 VI,
683 1254 751 1289 361
779 1265 879 1299 seqq.

231 1331 283 1362 tot
305 1326 406 1371 viqili
422 1326 664 1371 palchen-ima
692 1326 843 1368 flumina
874 1336 1001 1370 cornus
1034 1324 1179 1360 Valerio
1210 1326 1296 1360 ante
1326 1324 1452 1360 oculos
1488 1324 1621 1359 obver-

136 1386 244 1422 satae
266 1386 354 1421 sunt
378 1386 527 1420 statuae
552 1385 707 1420 deorum
731 1384 972 1425 fluviatilium,
1007 1384 1069 1430 qui
1095 1395 1140 1420 ex
1164 1395 1279 1419 cornu
1295 1395 1431 1428 aquam
1448 1383 1622 1430 fundunt,

135 1445 264 1490 quales
288 1443 471 1489 hodieque
495 1455 570 1479 non
593 1455 736 1489 paucae
763 1446 907 1485 extant3
949 1444 1094 1489 saepius
1122 1443 1237 1479 etiam
1266 1443 1303 1477 in
1337 1442 1496 1477 nummis
1521 1442 1625 1477 fluvii

135 1503 206 1538 tali
229 1503 362 1539 habitu
387 1504 549 1548 expressi
574 1502 820 1548 inveniuntur,
846 1502 913 1539 cfr.
929 1503 1060 1547 Helbig
1070 1502 1291 1547 Wandgem.
1311 1502 1399 1538 Nro.
1424 1502 1486 1543 65;
1514 1500 1621 1543 1011;

137 1562 245 1604 10123
272 1561 381 1604 1018;
408 1561 516 1603 1019;
541 1561 652 1607 Verg.
672 1563 763 1598 Aen.
782 1561 864 1598 VII.
882 1561 970 1603 792;
997 1561 1093 1597 Stat.
1119 1561 1236 1597 Theb.
1254 1561 1303 1597 IL
1329 1561 1415 1603 218;
1442 1561 1504 1605 VI,
1531 1562 1620 1600 2752

139 1620 204 1656 Sil.
228 1620 259 1661 L
282 1621 375 1662 4OE;
403 1620 532 1657 Claud.
556 1620 595 1655 in
619 1621 730 1656 Prob.
757 1632 855 1657 cons.
881 1621 968 1668 213;
993 1621 1032 1655 in
1055 1621 1141 1655 Ruf.
1167 1620 1195 1661 L
1223 1621 1308 1661 133;
1334 1621 1381 1656 de
1404 1621 1500 1666 rapt.
1519 1621 1621 1656 Pros.

135 1679 184 1720 ΙΙ,
206 1681 263 1715 70.
287 1681 373 1725 viqil
396 1684 521 1715 autem
538 1680 674 1715 dicitur
699 1692 822 1717 cornu.
842 1681 943 1715 cuius
963 1680 1061 1716 actio
1086 1691 1275 1724 nunquam
1292 1684 1425 1722 cesset3
1452 1680 1504 1715 sic
1528 1681 1623 1725 iymls·

137 1739 307 1783 (vestae)
330 1739 443 1784 Verg.
474 1741 566 1774 Aen.
592 1738 654 1775 IV.
687 1739 758 1774 200
793 1742 830 1775 et
862 1739 928 1775 Ov.
962 1739 1047 1774 fast.
1073 1739 1133 1779 VIq
1160 1739 1246 1781 267;
1286 1740 1446 1774 luem-nae
1475 1739 1562 1775 Hor.
1590 1752 1618 1774 c.

136 1797 204 1839 ΙΙΙ.
229 1797 262 1838 8,
290 1798 350 1840 14;
375 1808 483 1833 curae
507 1798 572 1833 Ov.
599 1799 687 1833 met.
713 1798 783 1834 111.
809 1798 888 1833 396.

231 1868 314 1904 487.
367 1880 455 1904 suus
481 1889 524 1895 --
549 1880 614 1904 rex
636 1869 660 1903 i.
688 1881 717 1904 e.
745 1869 822 1906 eius
847 1869 961 1915 ipsius
988 1870 1075 1906 ‘sein
1102 1870 1272 1915 eigener'.
1299 1872 1342 1904 ut
1365 1870 1448 1908 VII.
1475 1870 1536 1911 53;
1564 1870 1623 1905 vel

140 1929 238 1973 apud
264 1927 479 1963 Ciceronem
504 1927 611 1963 huius
635 1928 796 1964 notionis
820 1940 896 1964 non
921 1929 1056 1964 desunt
1083 1929 1263 1974 exempla.

230 1987 379 2032 epar-fit,
406 1986 472 2022 cfr.
499 1987 548 2021 ad
572 1987 621 2026 Π,
648 1987 728 2023 595.

232 2057 313 2093 491.
362 2058 428 2092 tibi
451 2059 571 2103 ‚qratia
596 2059 713 2093 nostri
736 2059 782 2093 sit
807 2058 830 2093 i.
864 2070 895 2094 e.
920 2059 1059 2094 habeas
1093 2059 1254 2104 gratiam
1281 2070 1370 2105 erga
1394 2071 1472 2101 nos,
1498 2060 1621 2095 nobis:

137 2117 258 2162 qratia
294 2118 409 2152 nostri
441 2117 575 2151 dicitnr
605 2118 647 2151 ut
677 2117 833 2153 studium
864 2120 939 2158 mei,
971 2119 1136 2154 voluntas
1168 2120 1284 2157 vestri,
1310 2119 1444 2154 caritas
1475 2121 1530 2155 tui
1563 2120 1623 2159 al„

138 2176 225 2212 haec
248 2177 375 2211 autem
390 2187 606 2222 pronomen,
632 2176 740 2221 quod,
759 2176 790 2211 si
807 2177 1034 2212 seutentiam
1053 2179 1272 2224 spectamus,
1296 2178 1459 2223 positum
1485 2181 1542 2214 est
1557 2191 1625 2225 pro

141 2234 318 2280 genetivo
342 2235 451 2270 huius
473 2235 528 2269 rei
551 2237 588 2269 et
613 2235 844 2270 referendum
864 2236 912 2270 ad
928 2237 1041 2272 verba
1063 2237 1159 2281 quod
1174 2238 1275 2272 iussa
1290 2239 1416 2282 recepi,
1441 2249 1623 2283 gramma-

141 2293 216 2328 tice
240 2293 444 2329 secundum
466 2306 574 2328 usum
591 2296 721 2329 notum
738 2294 887 2339 linguae
905 2295 1040 2331 latinae
1058 2307 1142 2331 cum
1162 2298 1283 2342 qratia
1301 2297 1538 2332 coniunctum
1556 2299 1623 2332 est,

236 2363 318 2399 492.
368 2364 464 2399 100·ae
489 2363 584 2405 Vat„
618 2365 691 2399 loco
715 2365 886 2400 Heinsius
911 2369 1034 2413 recte3
1067 2378 1142 2403 non
1174 2368 1272 2403 enim
1298 2370 1406 2413 optat
1432 2368 1553 2413 Iason,
1583 2370 1626 2403 ut

141 2422 323 2458 occasio
341 2422 440 2458 adsit
458 2423 591 2461 meriti,
610 2423 676 2459 sed
694 2426 735 2458 ut
751 2424 801 2469 id,
818 2425 915 2470 quod
931 2425 1007 2460 iam
1024 2425 1166 2462 fecerit.
1192 2438 1260 2472 pro
1277 2427 1411 2463 merito
1429 2427 1625 2463 habeatur.

238 2492 318 2529 494.
362 2494 515 2538 promisi
538 2505 586 2529 so.
613 2493 714 2532 mihi.
741 2495 840 2540 quod
865 2496 1009 2531 addidit
1033 2497 1119 2533 Luc.
1146 2497 1194 2537 Π,
1220 2498 1306 2539 321;
1334 2498 1430 2539 (VII.
1457 2498 1551 2541 759.)

239 2563 320 2599 496.
369 2564 579 2600 Admodum
605 2565 770 2602 breviter
792 2567 863 2602 hoo
888 2567 970 2603 loco
994 2568 1163 2605 Valerius
1189 2569 1332 2605 locutus
1359 2572 1430 2605 est:
1465 2581 1509 2605 ex
1540 2570 1624 2604 sub-

143 2620 251 2657 iectis
277 2623 387 2666 enim,
413 2635 509 2668 quae
534 2626 620 2659 sunt
638 2623 728 2662 Ossa
748 2627 787 2661 et
812 2626 962 2671 Pindus,
978 2627 1203 2663 audiendum
1218 2630 1275 2664 est
1298 2628 1400 2663 aliud
1417 2628 1625 2664 subiectum

142 2681 246 2725 regio
269 2681 361 2726 ipsa,
388 2681 590 2724 Thessalia,
617 2695 711 2729 quae
737 2696 845 2730 reges
871 2686 1045 2725 dedisset,
1071 2687 1102 2722 si
1127 2687 1266 2723 bellum
1292 2699 1422 2732 gerere
1448 2688 1626 2723 voluisset
