1890 3100
617 193 1003 231 ARGONAVTICON
1026 193 1173 228 LIBER
1196 192 1246 227 II.
1587 193 1672 237 135

298 316 433 355 nullus
461 316 504 354 in
531 328 599 353 ore
626 314 757 360 rubor,
787 318 1000 364 certusque
1028 311 1082 350 ad
1106 311 1205 349 talia
1233 311 1368 349 Titan‘

295 382 456 432 integer
482 381 524 418 in
549 379 692 417 fluetus
721 382 763 416 et
788 375 831 415 in
856 389 938 415 uno
966 375 1115 425 decidit
1141 376 1265 414 Euro.

300 445 414 492 adde,
448 443 555 497 quod
580 444 623 482 in
649 447 808 481 noctem
834 442 945 480 venti
973 432 1148 493 veloque
1173 441 1354 492 marique

298 509 530 548 incumbunt
556 508 701 559 magis:
729 507 760 545 it
786 507 918 545 tacitis
945 507 1040 544 ratis
1070 506 1178 544 ocior
1204 505 1323 544 horis.

192 646 378 691 yravidum
402 656 450 680 sc.
475 643 667 684 imbribus,
694 641 760 678 cfr.
786 642 873 678 Luc.
900 641 929 683 Ι,
955 641 1024 676 217
1049 652 1126 686 seq.
1152 645 1302 676 auxerat
1326 640 1443 675 undas·
1466 641 1573 675 tertia
1604 641 1676 675 iam

192 704 343 750 yravido
368 703 541 749 pluvialis
571 701 723 748 thhia
747 712 877 746 cornu,-
916 700 967 736 sic
1001 700 1115 736 etiam
1150 701 1260 735 nubes
1294 700 1465 745 qravidae
1502 699 1675 734 dicuntur

195 763 261 801 Ov.
285 762 382 798 nist.
408 761 436 804 L
462 762 495 802 2,
523 761 611 807 1073
638 762 677 796 et
699 771 810 806 genae
831 760 1001 805 gravidae
1025 771 1075 795 sc.
1100 759 1263 794 lacrimis
1297 759 1405 804 epist.
1431 758 1567 804 Sapph.
1594 758 1674 800 174;

193 822 337 858 indicat
359 820 529 856 Valerius
555 830 740 860 coronam,
768 830 879 864 quam
905 818 1038 854 Graeci
1064 819 1134 854 ἅλω
1166 819 1314 854 vocant.
1353 817 1588 853 Contrarium
1612 818 1675 853 de-

193 881 370 917 scribitur
393 880 480 915 Luc.
505 879 549 919 V,
574 878 644 913 546
668 879 821 923 lunaque
845 889 917 913 mm
946 879 1075 923 yracili
1104 878 1260 913 surrexit
1291 878 1410 912 lueida
1442 881 1676 912 cornu—tum

194 940 314 976 &nida
330 939 474 984 pallens
499 937 573 973 Ora
597 938 678 972 tulit
701 938 797 972 voltu
821 938 886 972 sub
910 938 1036 972 nubem
1060 938 1175 972 tn'stis
1200 937 1305 972 ituro.

287 998 344 1034 57.
391 998 511 1033 maus
533 998 575 1032 in
599 1007 658 1032 ore
673 997 793 1041 rubor,
820 996 912 1031 Ciris
930 996 1014 1038 180;
1041 1008 1167 1031 rursus
1185 996 1414 1032 contrarium
1430 995 1569 1041 legitur
1586 995 1675 1031 Luc.

194 1056 236 1100 V,
262 1057 332 1093 549
355 1061 602 1101 ventorumque
624 1060 745 1091 notam
770 1056 906 1102 mbuit3
938 1054 1005 1093 cfr.
1031 1055 1218 1101 Theophr.
1245 1055 1291 1091 de
1317 1056 1394 1090 not.
1419 1055 1520 1090 vent.
1558 1054 1591 1092 2,
1629 1054 1675 1088 27

194 1113 262 1154 ἔστι
291 1116 330 1152 δὲ
364 1119 483 1162 σημεῖα
516 1114 550 1152 ἐν
580 1115 658 1160 ἡλίῳ
690 1115 745 1150 καὶ
777 1115 893 1165 σελήνῃ
924 1117 966 1150 τὰ
1000 1115 1058 1160 μὲν
1091 1113 1215 1159 μέλανα
1245 1114 1375 1156 ὕδατος,
1413 1117 1455 1150 τὰ
1490 1114 1519 1149 δ’
1559 1112 1678 1159 ἑρυῦρὰ

193 1177 389 1222 πνεύματος.

289 1234 347 1271 58.
395 1236 436 1270 in
458 1245 530 1269 uno
554 1234 682 1269 decidit
714 1233 831 1275 Eun-03
870 1234 1116 1278 tempestates
1154 1233 1396 1268 turbulentae
1430 1232 1485 1267 ita
1515 1232 1677 1278 plerum-

197 1305 268 1338 que
294 1293 393 1339 apud
422 1294 555 1339 poetas
605 1292 876 1333 describuntur,
902 1293 945 1326 ut
968 1292 1094 1337 plures
1119 1292 1224 1327 venti
1249 1291 1357 1326 simul
1383 1291 1502 1327 coorti
1533 1291 1679 1327 caelum

197 1353 239 1388 et
260 1363 366 1387 mare
389 1351 545 1388 turbare
569 1352 682 1396 atque
706 1351 863 1386 miscere
889 1350 1071 1388 dicantur.
1099 1349 1166 1386 cfr.
1192 1350 1273 1386 Val.
1308 1350 1337 1391 Ι,
1373 1350 1444 1385 610
1476 1361 1599 1395 seqq.,·
1628 1349 1676 1391 Π,

196 1410 282 1453 365;
309 1410 420 1456 Verg.
445 1410 538 1446 Aen.
562 1410 593 1452 Ι,
618 1410 666 1445 85
696 1421 808 1454 seqq.;
841 1409 904 1446 Sil.
930 1409 1046 1451 XVII,
1079 1409 1149 1443 246
1182 1420 1294 1454 seqq.;
1331 1408 1414 1445 Seu.
1440 1412 1570 1454 Agam.
1605 1408 1677 1443 479

196 1480 308 1517 seqq.;
333 1461 491 1505 Phaeds.
518 1468 611 1504 1128
636 1480 747 1514 seqq.;
765 1469 861 1504 Luc.
887 1468 929 1510 V,
957 1468 1026 1503 599
1050 1479 1161 1514 seqq.;
1189 1468 1255 1503 Ov.
1281 1467 1376 1503 trist.
1403 1468 1433 1513 Ι,
1459 1468 1492 1509 2,
1510 1467 1557 1505 26
1573 1479 1676 1512 seqq.

196 1528 331 1574 Itaque
354 1528 416 1564 vel
439 1529 511 1563 hoc
535 1527 682 1573 signum
720 1529 778 1563 est
812 1527 1108 1572 tranquillitatis,
1147 1527 1246 1572 quod
1282 1539 1376 1562 unus
1413 1528 1547 1562 ventus
1584 1527 1677 1562 flare

199 1587 351 1630 diuitum
384 1586 551 1632 accedit*
574 1587 673 1632 quod
702 1587 830 1628 Eurus,
864 1587 925 1632 qui
958 1586 1076 1622 latine
1100 1586 1303 1622 Volturnus
1334 1586 1549 1621 nominatur
1578 1586 1675 1631 (Seu.

197 1647 276 1682 nat.
301 1647 445 1691 quaest.
461 1645 505 1691 V,
531 1646 587 1687 16,
612 1646 636 1680 3
660 1647 704 1681 ab
729 1647 862 1681 on'ente
885 1647 1030 1681 hiberno
1057 1645 1294 1691 (²Sfidosten‘)
1320 1646 1445 1681 Eurus
1470 1646 1551 1689 emit,
1577 1655 1677 1690 quem

195 1706 312 1742 nostri
332 1715 499 1742 vocavere
527 1705 747 1750 Vanum-num,
773 1705 839 1740 cfr.
865 1705 958 1739 Plin.
985 1706 1063 1742 nat.
1088 1704 1173 1740 hist.
1199 1704 1249 1750 II,
1274 1704 1369 1750 119),
1402 1715 1574 1740 serenum
1599 1703 1678 1739 effi-

196 1763 250 1800 cit
273 1764 420 1800 eaelum
445 1765 484 1800 et
506 1764 687 1809 liquidam
711 1765 988 1809 tempestatem,
1014 1763 1088 1800 vid.
1122 1764 1217 1799 Plin.
1250 1764 1298 1805 ΙΙ,
1332 1764 1416 1798 126:
1451 1764 1536 1799 sicci
1567 1763 1679 1799 Corus

197 1827 230 1859 et
275 1823 476 1858 Volturnus.
539 1822 744 1868 Singularis
785 1834 875 1859 sane
925 1825 982 1859 est
1033 1823 1172 1858 locutio
1212 1824 1249 1858 in
1294 1834 1366 1858 uno
1407 1823 1536 1858 decidit
1576 1822 1678 1858 Euro

195 1881 219 1917 i.
246 1892 277 1918 e.
304 1881 392 1916 dum
424 1882 523 1917 solus
557 1882 674 1917 Eurus
700 1882 776 1923 flat,
803 1882 870 1918 sed
893 1893 968 1917 non
991 1893 1141 1927 prorsus
1167 1881 1362 1917 dissimiles
1387 1881 1563 1917 videntur
1594 1880 1677 1923 loci,

197 1940 326 1985 quales
358 1940 595 1986 reperiuntur
630 1941 730 1986 apud
761 1941 910 1976 Terent.
951 1941 1062 1976 Haut.
1090 1941 1158 1976 568
1192 1942 1245 1975 vel
1277 1941 1353 1976 ken*
1381 1941 1421 1975 in
1456 1941 1537 1975 vino
1574 1951 1679 1985 quam

194 1999 420 2035 '‘mode-sim*
456 2000 562 2042 fuisti
590 1999 615 2036 i.
651 2011 682 2036 e.
718 2000 806 2035 dum
846 1999 990 2042 bibisti;
1032 2000 1093 2035 vel
1133 2000 1233 2045 apud
1265 1999 1399 2037 Catull
1429 1999 1513 2040 XII
1548 2000 1567 2034 1
1600 2010 1678 2046 seq.

196 2069 307 2094 mmm
337 2059 488 2094 sinim-a
511 2069 584 2094 mm
614 2060 697 2094 belle
725 2060 836 2094 uteri-s·
869 2060 909 2094 in
932 2061 1008 2094 ioco
1033 2063 1138 2103 atque
1161 2061 1264 2103 vino5
1299 2059 1360 2094 vel
1385 2059 1485 2104 apud
1512 2058 1677 2094 Ciceron.

196 2117 237 2153 in
262 2117 343 2156 Cat.
368 2117 416 2161 H,
443 2118 488 2152 10
512 2118 607 2162 quod
627 2119 661 2153 si
683 2119 723 2153 in
746 2120 828 2153 vino
865 2122 897 2153 et
935 2119 1013 2153 alea
1048 2119 1309 2153 comissationes
1345 2119 1456 2154 solum
1493 2122 1525 2153 et
1560 2121 1678 2153 scorta

197 2181 403 2221 quaererent
428 2188 459 2213 e.
485 2189 520 2222 q.
546 2189 574 2213 s.

292 2235 348 2271 59.
398 2236 651 2271 Memorabilis
677 2238 734 2272 est
758 2236 896 2272 locutio
922 2237 1012 2271 adde
1036 2237 1138 2281 quod,
1165 2247 1276 2281 quam
1293 2236 1446 2272 notione
1465 2236 1677 2282 imperativi

195 2293 310 2340 plane
336 2295 583 2330 evanescente
601 2295 694 2330 nihil
717 2295 819 2330 aliud
838 2295 1048 2341 significare
1072 2295 1142 2330 nisi
1168 2296 1300 2331 accedit
1323 2295 1426 2340 quod
1452 2299 1536 2339 tum,
1555 2295 1679 2331 deinde

197 2353 269 2389 hoc
291 2352 375 2389 loco
399 2354 530 2398 aperte
556 2353 849 2395 demonstratum
876 2353 943 2390 cfr.
968 2354 1067 2390 inter
1092 2354 1166 2389 alia
1192 2355 1362 2400 exempla
1387 2355 1492 2390 Lucr.
1510 2355 1573 2398 VI,
1590 2354 1678 2398 330;

198 2410 294 2447 Stat„
319 2411 400 2449 silv.
425 2412 452 2452 Ι,
479 2412 510 2454 1,
538 2412 599 2454 14;
627 2412 816 2448 Claudian.
842 2413 881 2447 in
904 2413 1056 2458 Eutrop
1083 2413 1111 2458 I
1140 2413 1219 2449 187.
1271 2413 1444 2449 Ceterum
1468 2413 1507 2448 id
1532 2424 1677 2458 quoque

198 2469 341 2511 mirum,
367 2471 466 2515 quod
490 2471 583 2507 haec
607 2471 746 2507 locutio
782 2471 933 2508 minime
969 2472 1118 2517 poetica
1156 2472 1370 2517 saepissime
1411 2472 1510 2518 apud
1545 2482 1677 2518 poetas

198 2528 396 2575 repetitur-

293 2588 332 2622 in
354 2591 487 2624 noctem
510 2588 535 2624 i.
560 2600 592 2624 e.
617 2590 730 2625 noete
754 2589 908 2629 oriente,
934 2591 977 2624 ut
1001 2590 1112 2635 Verg.
1139 2601 1265 2635 georg.
1293 2590 1353 2635 IV,
1379 2590 1457 2624 190.

293 2646 349 2682 60.
398 2651 431 2682 et
456 2649 557 2690 Vat.;
583 2649 613 2683 it
637 2647 694 2684 ed.
719 2647 811 2684 Bon.
838 2650 877 2684 et
901 2648 983 2684 Ald.
