1890 3100
592 225 980 262 ARGONAVTIOON
1007 224 1155 259 LIBER
1181 223 1224 260 V.
1561 224 1647 267 397

276 351 367 385 ‘non
393 346 465 384 tibi
493 345 676 392 Aloidae,
707 345 851 397 quibus
879 344 981 382 haec
1008 344 1095 382 fera
1121 356 1325 381 murmura
1351 342 1488 388 iactes,

270 425 352 450 non
378 411 587 462 Lapithae,
618 410 691 448 sed
717 409 865 448 Pallas'
895 410 967 456 ait;
998 415 1142 460 ‘neque
1173 421 1249 459 ego
1279 406 1422 458 aegide
1452 405 1584 458 digna,

270 489 346 514 nee
373 488 495 514 vocer
521 476 687 514 ulterius
715 474 849 527 proles
879 474 998 520 Iovis,
1029 472 1188 511 excidat
1216 473 1293 511 iste

270 541 312 579 ni
339 541 411 579 tibi
439 540 558 579 corde
586 546 734 578 tumor:
763 539 882 577 lituos
911 539 1033 577 miser
1061 551 1250 590 armaque
1279 537 1374 575 faxo

272 605 403 644 oderis
432 611 473 644 et
500 606 635 657 primis
665 604 835 643 adimam
863 609 933 641 tua
959 603 1120 641 nomina
1147 602 1278 641 bellis.
1654 605 1710 635 655

273 671 370 723 quin
397 670 515 709 simili
541 675 709 708 matrem
737 668 903 707 demens
932 669 1129 719 gravitate
1159 673 1341 706 secutus:

274 735 394 787 digna
422 735 593 788 quidem,
622 740 842 773 monstrum
871 735 1025 786 super-Is
1056 747 1159 786 quae
1187 733 1270 771 tale
1300 733 1456 772 crearit.

272 800 380 853 quod
406 807 541 839 tamen
569 799 784 851 adgressae
815 799 948 838 scelus
978 806 1046 837 aut
1075 812 1154 851 quo
1184 799 1347 837 crimine
1378 803 1526 843 sontes,

272 867 306 904 si
332 866 531 913 iuvenem,
562 865 630 917 qui
657 865 768 903 iussa
796 865 858 902 sui
885 871 967 902 tam
997 863 1083 902 dira
1109 864 1272 915 tyranni

270 930 492 983 impavidus
520 931 645 968 maria
673 936 714 968 et
741 929 917 968 nondum
948 929 1015 982 qui
1042 935 1139 967 nota
1166 928 1338 975 subibat,
1653 939 1708 968 660

271 996 443 1034 iuvimus
473 1001 513 1034 et
541 996 695 1046 mag-nis
725 995 899 1046 aliquam
929 1007 1040 1046 spem
1067 994 1262 1033 movimus
1293 992 1428 1031 ausis?

273 1074 324 1099 an
351 1060 482 1099 nullas
510 1061 713 1112 praeferre
742 1073 896 1112 preces,
925 1073 1001 1098 nee
1029 1058 1195 1098 foedera
1221 1059 1328 1110 regis

260 1197 340 1232 651.
390 1196 542 1232 Aloidae
579 1197 617 1231 et
649 1195 838 1240 Lapithae
874 1195 1113 1231 nominantur
1146 1196 1188 1230 ut
1225 1195 1376 1236 feroces,
1424 1194 1492 1230 sed
1515 1193 1656 1229 consilii

174 1257 355 1302 expertes.
606 1288 609 1290 ,

261 1314 343 1351 655.
391 1315 518 1359 primis
530 1315 684 1350 adimam
697 1318 760 1349 tua
772 1316 917 1349 nomina
930 1314 1028 1349 bellis
1039 1314 1062 1351 i.
1078 1325 1108 1349 e.
1123 1313 1271 1356 faciam,
1285 1315 1328 1348 ut
1340 1322 1477 1348 nomen
1493 1313 1596 1347 tuum
1616 1312 1656 1346 in

171 1373 397 1419 gravissimis
410 1373 524 1414 bellis,
540 1384 633 1418 quae
643 1384 713 1418 per
725 1373 874 1408 saecula
881 1374 1070 1418 gerentur,
1082 1384 1158 1408 non
1165 1372 1388 1413 nominetur,
1403 1371 1491 1416 quia
1503 1381 1655 1417 prorsus

174 1443 277 1468 arma
300 1433 401 1468 bello
426 1432 642 1468 abstinebis.
668 1432 791 1467 Prima
815 1432 916 1467 bella
941 1432 1027 1466 sunt
1051 1431 1224 1472 maxima,
1251 1430 1484 1476 gravissima,
1510 1431 1554 1465 ut
1572 1431 1654 1474 pri·

170 1503 266 1526 mum
282 1492 472 1537 praedium
497 1492 555 1527 est
579 1491 759 1536 optimum
779 1490 859 1527 Cat.
879 1491 924 1526 de
949 1503 990 1526 re
1007 1492 1098 1528 rust.
1112 1491 1141 1532 I,
1169 1491 1207 1533 73
1227 1501 1288 1535 pr.
1308 1492 1421 1525 honos
1433 1489 1656 1535 praecipuus

172 1550 261 1598 Her.
295 1563 323 1590 s.
354 1551 384 1592 I,
415 1550 447 1591 6,
485 1550 548 1592 83;
580 1562 641 1595 pr.
667 1550 849 1594 pudicitia
873 1550 1036 1585 maxima
1060 1550 1154 1584 Plin.
1181 1552 1259 1585 nat.
1294 1550 1380 1586 hist.
1407 1549 1451 1590 X,
1485 1549 1571 1590 104;
1610 1548 1658 1584 de

173 1609 312 1656 plurali
334 1611 479 1646 nomina
505 1611 566 1645 cfr.
594 1609 660 1645 Ov.
686 1612 773 1647 met.
799 1609 875 1650 XV,
903 1609 972 1644 755
995 1610 1307 1654 Mithridateisque
1330 1612 1517 1644 tumentem
1534 1607 1659 1643 Nomi-

172 1669 279 1704 m'bus
302 1669 469 1705 Pontum.

267 1728 347 1763 656.
395 1729 505 1764 simili
527 1732 672 1763 matrem
711 1749 753 1753 —
786 1728 963 1773 yravitate
998 1732 1154 1770 secutum
1193 1727 1360 1773 gravitas
1399 1728 1456 1763 est
1493 1726 1655 1771 linguae,

176 1787 219 1823 ut
243 1798 288 1823 ex
303 1789 387 1823 tota
412 1787 600 1822 sententia
617 1788 791 1832 apparet:
808 1786 1041 1832 flestigkeiss,
1061 1786 1268 1832 Grobheit’,
1293 1786 1359 1822 cfr.
1374 1785 1445 1820 594
1461 1786 1652 1831 linquaque

186 1857 344 1892 9ravem;
384 1846 502 1882 multo
525 1846 618 1881 illud
644 1846 820 1881 audacius
847 1847 886 1881 et
911 1846 989 1882 sine
1016 1846 1205 1891 exemplis,
1247 1846 1346 1891 quod
1388 1849 1529 1880 secutus
1563 1844 1657 1879 dixit

175 1907 292 1951 poeta
314 1917 384 1952 pro
409 1917 453 1941 eo
478 1905 577 1950 quod
603 1907 660 1941 est
683 1906 885 1946 insectatus,
912 1905 979 1940 sed
1003 1905 1096 1940 nihil
1108 1906 1330 1940 mutandum
1347 1905 1509 1940 videtur.

267 1965 402 2010 Aliquo
427 1965 539 2000 modo
565 1966 680 2009 auget
707 1975 787 2000 rem
812 1965 991 2005 Minerva,
1019 1976 1101 1999 eum
1126 1976 1248 2010 pauca
1271 1965 1422 1999 tantum
1456 1963 1503 1999 de
1536 1964 1658 1999 matre

175 2023 311 2060 dixerit
327 2024 427 2059 Mars
456 2036 488 2059 v.
514 2023 584 2058 645
609 2034 709 2068 seqq.

268 2083 347 2118 657.
398 2084 508 2129 diyna
542 2084 679 2128 quidem
730 2094 822 2127 quae
865 2104 910 2108 —
952 2083 1082 2118 crearit
1119 2083 1185 2127 (sic
1216 2082 1353 2124 Heius„
1391 2083 1523 2118 creavit
1558 2081 1658 2126 Vat.)

178 2153 262 2177 cum
285 2142 422 2178 acerba
446 2142 566 2178 ironia
591 2142 733 2177 dictum
758 2144 825 2177 est.
876 2142 1050 2177 Ceterum
1075 2141 1142 2176 cfr.
1168 2142 1275 2177 Hom.
1313 2141 1357 2177 11.
1384 2142 1426 2182 V,
1464 2141 1536 2176 890
1560 2152 1660 2186 seqq.

179 2199 308 2237 Iovem
331 2201 452 2247 ipsum
477 2201 524 2237 de
549 2201 670 2236 Marte
697 2202 927 2246 querentem.

270 2259 350 2296 658.
400 2261 495 2296 Inde
520 2260 568 2295 ab
595 2261 665 2295 hoc
690 2272 799 2295 versu
825 2260 897 2295 dea.
922 2261 964 2294 ut
989 2271 1095 2295 suam
1112 2271 1263 2295 causam
1283 2261 1384 2305 agat,
1411 2271 1451 2295 se
1476 2259 1662 2295 convertit

180 2319 229 2354 ad
252 2319 400 2362 Iovem;
432 2320 620 2364 adgressae
644 2330 694 2354 so.
728 2331 868 2360 sumus;
901 2319 948 2355 de
974 2320 1045 2354 hac
1072 2319 1192 2365 ellipsi
1217 2321 1257 2355 et
1280 2331 1314 2355 v.
1341 2319 1411 2354 656
1438 2319 1505 2355 cfr.
1530 2318 1579 2360 II,
1605 2319 1662 2354 51.

268 2389 359 2425 659:
397 2392 438 2426 si
461 2391 618 2426 iuvenem
645 2411 686 2415 —
713 2391 875 2431 iuvimus,
901 2390 975 2424 vid.
1003 2391 1051 2425 ad
1084 2403 1118 2425 v.
1146 2390 1227 2425 642.
1261 2392 1362 2426 iussa
1387 2391 1449 2435 (et)
1478 2411 1521 2416 —
1546 2391 1664 2425 maria

177 2468 222 2481 -.-
244 2450 387 2485 subibat
412 2449 608 2485 coniuncta
634 2449 795 2494 quodam
819 2451 1026 2496 zeugmate,
1065 2450 1164 2495 quod
1187 2450 1350 2496 positum
1377 2451 1434 2485 est
1458 2449 1497 2484 in
1523 2449 1662 2495 duplici

176 2507 358 2544 subeundi
382 2508 544 2544 notione.

272 2566 353 2603 662.
398 2568 584 2612 praescire
603 2578 736 2612 preces,
762 2567 827 2602 cfr.
854 2568 965 2613 Verg.
991 2568 1084 2604 Aen.
1118 2567 1200 2609 VII,
1238 2568 1307 2603 237
1333 2579 1378 2603 ne
1418 2572 1528 2603 temne
1567 2567 1662 2612 quod

179 2625 274 2661 auro
298 2626 540 2668 Praefen‘mue
563 2626 727 2662 manibus
751 2627 859 2662 vittas
883 2631 916 2662 et
953 2627 1059 2662 verba
1079 2629 1286 2673 precantia3
1314 2626 1465 2672 respicit
1491 2627 1661 2664 Minerva

183 2683 233 2718 ad
257 2694 312 2725 ea,
338 2695 433 2729 quae
458 2685 558 2720 Mars
584 2697 618 2721 v,
643 2685 712 2720 631
737 2696 840 2732 seqq.
867 2686 1025 2723 dixerat.
