1890 3100
154 271 242 315 464
682 269 719 306 c,
745 269 925 305 VALERI
950 269 1125 306 FLACCI

265 389 346 428 alta
376 389 448 429 sed
476 390 697 428 Aesonium
726 404 846 442 supra
874 397 993 442 caput
1023 391 1103 429 exit
1131 390 1325 438 harundo,

267 461 400 507 teque,
434 454 568 501 Caice,
598 456 717 506 petit3
748 456 919 494 coniunx
948 455 1175 494 miseranda
1204 455 1326 494 Caico

265 520 458 573 linquitur
487 526 527 558 et
554 521 680 572 primo
711 520 851 559 domus
880 521 1115 573 imperfecta
1144 521 1275 559 cubili.

316 586 468 637 Regius
499 586 582 624 eois
611 586 796 637 Myraces
826 587 1022 638 interpres
1052 587 1101 625 ab
1132 587 1209 624 oris
1643 599 1697 630 090

263 657 442 699 venerat,
472 657 517 689 ut
546 650 720 690 Colchos
749 651 888 703 procul
917 657 1037 704 atque
1067 652 1213 690 Aeetia
1240 651 1398 690 Parthis

263 716 429 755 foedera
458 716 603 755 donato
632 730 713 754 non
739 717 850 755 irrita
877 717 1064 768 iungeret
1093 731 1200 755 auro.

264 787 348 820 tum
377 782 565 820 iuvenem
593 782 708 820 terris
737 783 888 821 Parcae
917 788 1086 821 tenuere
1117 782 1283 833 Cytaeis

267 861 312 885 ao
342 847 463 886 subiti
491 848 683 885 Mavortis
713 861 838 895 amor3
871 848 988 886 simul
1009 848 1179 899 armiger
1206 848 1290 886 ibat

267 913 428 951 semivir
455 912 740 964 impubemque
769 924 914 964 gerens
944 913 1202 964 sterilemque
1230 913 1446 952 iuventam.
1642 933 1696 963 695

263 979 350 1030 ipse
379 977 617 1029 pharetratis
646 977 828 1016 residens
858 978 910 1016 ad
936 977 1051 1016 frena
1078 979 1223 1030 tapetis

265 1057 370 1081 nunc
400 1043 500 1081 levis
530 1042 677 1081 infesto
706 1044 902 1094 procurrit
929 1044 971 1081 in
999 1043 1159 1094 agmina
1187 1057 1314 1091 curru,

266 1122 372 1146 nunc
401 1108 497 1159 fuga
526 1121 742 1146 conversas
772 1109 924 1159 spargit
951 1108 1121 1147 mentita
1150 1108 1327 1159 sagittas.

264 1179 305 1212 at
332 1173 500 1211 viridem
529 1174 696 1224 gemmis
727 1178 768 1211 et
796 1186 895 1212 eoae
925 1174 1094 1212 stamine
1124 1174 1249 1212 silvae

253 1315 333 1352 689.
383 1315 507 1351 domus
532 1315 737 1360 imperfecta
763 1316 820 1351 est
844 1315 996 1351 Homeri
1023 1316 1126 1361 δόμος
1149 1315 1303 1362 ἡμιτελής
1332 1315 1377 1354 11.
1401 1315 1449 1358 H,
1477 1316 1556 1352 701.

252 1374 332 1410 690.
382 1376 558 1419 interpres
581 1375 604 1410 i.
633 1386 662 1410 e.
689 1374 951 1416 internuntius,
977 1375 1134 1420 legatus,
1161 1376 1204 1410 ut
1229 1375 1340 1420 Verg.
1366 1375 1457 1411 Aen.
1483 1375 1545 1416 IV,
1571 1375 1641 1411 378

155 1434 357 1470 Mercurius
382 1435 558 1478 interpres
583 1434 702 1470 divum
727 1435 950 1480 nominatur,
988 1434 1124 1479 quippe
1162 1434 1224 1479 qui
1248 1434 1479 1470 voluntatem
1505 1434 1592 1477 eius,
1619 1446 1642 1470 a

156 1505 226 1539 quo
251 1493 383 1528 missus
410 1495 476 1539 est,
505 1493 676 1539 explicet.

251 1552 330 1590 695.
357 1553 499 1588 semivir
523 1554 545 1587 i.
574 1564 604 1589 e.
633 1554 832 1595 eunuchus,
858 1555 901 1588 ut
926 1553 1004 1588 Iuv.
1030 1553 1093 1599 VI,
1120 1553 1208 1600 5133
1234 1553 1344 1598 Verg.
1370 1554 1461 1589 Aen.
1474 1553 1560 1594 XII,
1579 1553 1643 1595 99;

155 1611 219 1649 Sil.
244 1611 364 1653 XVII,
392 1611 454 1659 20;
480 1612 591 1648 Mart.
618 1612 686 1653 III,
714 1612 771 1652 91,
798 1612 835 1654 2;
862 1612 926 1658 IX,
952 1612 1008 1659 20,
1032 1612 1070 1654 83
1097 1612 1201 1647 Paul.
1226 1612 1310 1648 Nol.
1335 1611 1391 1654 35,
1417 1612 1473 1647 87.

252 1671 331 1706 696.
381 1671 538 1707 residens
562 1672 612 1707 ad
632 1672 739 1715 frena
763 1671 784 1706 i.
813 1683 843 1707 e.
869 1671 909 1707 in
934 1683 1043 1707 curru
1068 1671 1174 1706 iuxta
1199 1671 1426 1717 armigerum
1457 1671 1564 1707 frena
1588 1673 1644 1708 te-

156 1732 328 1774 nentem;
353 1731 508 1777 praeter
533 1731 839 1767 consuetudinem
877 1732 1003 1767 autem
1039 1731 1196 1776 tapetia,
1235 1730 1273 1766 in
1311 1731 1442 1776 quibus
1466 1731 1645 1776 pharetra

157 1790 324 1836 reposita
351 1791 417 1832 est,
438 1791 656 1835 pharetrata
681 1790 865 1836 dicuntur,
904 1802 989 1825 cum
1015 1790 1149 1826 ceteris
1174 1790 1264 1826 locis
1291 1786 1325 1826 ei
1359 1790 1559 1826 homines
1583 1790 1644 1826 vel

158 1849 231 1885 dei
255 1849 467 1895 pharetrati
492 1849 741 1894 nominentur,
781 1849 843 1895 qui
868 1850 1049 1895 pharetra
1073 1849 1246 1884 instructi
1271 1850 1366 1890 sunt,
1405 1860 1519 1894 quare
1550 1850 1647 1894 phas

159 1913 316 1945 retr-atus
340 1909 554 1955 probarem,
581 1909 681 1956 quod
704 1909 900 1955 proposuit
923 1908 1102 1954 Wagner,
1129 1908 1199 1944 nisi
1226 1908 1410 1944 adiectivo
1450 1909 1495 1944 ad
1518 1909 1645 1953 tapeti-

161 1968 334 2014 apposito
360 1968 422 2003 vix
449 1979 577 2004 carere
602 1979 805 2014 possemus.
1179 1970 1181 1974 ⁴

254 2027 334 2065 698.
382 2028 473 2073 fuya
499 2051 544 2056 —
570 2029 710 2074 sparyit
732 2028 881 2064 mentita
903 2028 1070 2073 sagittas:
1103 2028 1234 2063 notum
1258 2027 1482 2063 Parthorum
1505 2038 1646 2063 morem

156 2090 269 2133 poeta
296 2087 495 2133 expressit;
523 2087 622 2132 quod
640 2088 767 2123 autem
781 2087 908 2133 fugam
925 2086 1074 2132 scripsit
1085 2079 1158 2132 *pro
1174 2086 1384 2122 hominibus
1403 2086 1643 2132 fugientibus,

159 2147 208 2182 ad
231 2147 427 2192 poetarum
452 2158 569 2192 genus
588 2146 737 2183 dicendi
761 2146 852 2182 satis
879 2147 936 2182 est
953 2146 1289 2193 accommodatum,
1314 2145 1380 2181 cfr.
1407 2145 1500 2181 Stat.
1527 2145 1643 2182 Theb.

157 2205 220 2247 VI,
247 2205 318 2240 596
342 2217 416 2250 seq.
444 2206 568 2241 eredas
605 2217 623 2241 e
652 2206 778 2250 plebe
816 2205 998 2252 Cydonum
1024 2206 1308 2250 Parthorumque
1338 2205 1364 2248 f
1369 2216 1395 2240 u
1405 2216 1466 2250 qa
1501 2205 1643 2240 totidem

158 2265 343 2301 eoesibuisse
366 2266 535 2311 sayitta83
561 2265 646 2301 Luc.
667 2264 714 2307 ΙΙ,
743 2265 812 2300 152
837 2266 942 2301 busta
964 2265 1100 2310 repkta
1133 2265 1244 2310 fu9a3
1271 2265 1339 2301 sed
1362 2265 1433 2300 hoc
1457 2263 1643 2306 audacius,

158 2324 259 2369 quod
282 2323 453 2360 Valerius
479 2324 628 2369 scripsit
656 2324 781 2370 fuqam
804 2325 986 2360 mentitam
1022 2336 1089 2370 pro
1127 2324 1337 2361 hominibus
1371 2323 1500 2369 fugam
1536 2323 1646 2358 simu—

158 2383 335 2420 lantibus.

253 2443 333 2480 699.
381 2442 530 2479 viridem
564 2444 708 2488 yemmis
743 2442 766 2479 i.
794 2454 824 2479 e.
864 2443 1089 2488 smaragdis;
1130 2443 1196 2480 cfr.
1235 2443 1339 2478 Lucr.
1365 2441 1415 2487 11,
1452 2441 1539 2484 805;
1583 2441 1644 2484 IV,

159 2503 252 2538 1118
288 2503 352 2545 al.;
389 2506 526 2538 stamen
563 2512 646 2537 eoae
675 2502 786 2537 silvae
827 2503 883 2538 est
920 2502 1022 2537 filum
1058 2502 1170 2538 lanae
1212 2503 1409 2545 arboreae3
1451 2500 1517 2536 cfr.
1555 2500 1639 2537 Son.

157 2562 267 2598 Herc.
294 2561 375 2598 Oet·
402 2561 488 2604 667;
521 2561 648 2598 Claud.
673 2561 709 2596 in
736 2561 847 2597 Prob.
875 2572 973 2597 cons.
1001 2561 1086 2604 180;
1127 2561 1265 2597 Orient.
1293 2572 1474 2597 common.
1498 2560 1526 2602 I,
1560 2559 1643 2603 128;

158 2621 252 2659 Plin.
277 2622 354 2657 nat.
372 2620 458 2658 hist.
476 2620 561 2666 XII,
579 2620 644 2663 38;
670 2620 898 2665 Marquardti
915 2619 1028 2665 antiq.
1043 2620 1150 2659 Rom,
1175 2620 1256 2663 VH,
1282 2619 1363 2656 470.
1387 2619 1442 2654 Ex
1459 2618 1644 2656 adiectivo

157 2681 304 2716 viridem
330 2680 403 2715 alia
427 2680 613 2726 generalis
638 2679 740 2716 notio
766 2678 815 2715 ad
840 2679 1047 2715 ablativum
1071 2681 1222 2716 stamine
1247 2678 1432 2715 audienda
1457 2679 1524 2721 est,
1541 2678 1645 2715 velut

159 2744 336 2776 ornatum.
