1890 3100
171 242 256 285 542
699 240 736 277 C.
762 241 943 277 VALERI
968 242 1143 278 FLACOI

275 360 431 413 prosilit
460 366 500 400 et
530 374 683 399 summa
713 361 871 413 galeam
899 362 1002 414 rapit
1031 362 1135 401 altus
1165 362 1214 402 ab
1244 363 1370 411 hasta,

277 439 374 465 ense
405 425 522 464 simul
551 425 762 479 clipeoque
790 427 926 475 micat3
956 441 1032 466 nec
1061 434 1196 467 cetera
1223 428 1350 481 pubes

277 491 440 543 segnius
471 490 646 543 adreptis
675 491 716 530 in
743 491 861 530 litore
891 493 1069 531 constitit
1098 494 1227 532 armis.

276 562 317 594 at
344 556 417 595 tibi
446 569 549 609 quae
579 557 776 596 scelerum
804 557 939 606 facies,
969 558 1128 606 Medea,
1157 558 1343 598 tuorum?

276 622 417 674 quisve
445 622 575 674 pudor
604 622 778 662 Colchos
808 625 954 663 iterum
982 625 1225 677 fratremque
1254 624 1408 664 videnti

274 687 468 740 quidquid
496 694 537 727 et
565 688 764 728 abscisum
792 695 906 728 vasto
935 690 1013 728 iam
1041 696 1128 728 tuta
1156 690 1352 742 profundo

275 752 532 792 credideras?
587 767 683 806 ergo
712 754 885 793 infausto
916 768 1006 794 sese
1037 756 1182 794 occulit
1211 762 1335 804 antro,

274 832 356 857 non
384 818 493 857 aliud
522 833 640 871 quam
670 825 779 858 certa
806 821 916 868 mori,
947 833 1019 859 seu
1048 834 1162 860 carus
1192 821 1322 869 Iason,

277 897 349 923 seu
377 884 500 923 frater
529 884 652 924 Graia
680 885 808 923 victus
839 885 1052 925 cecidisset
1080 886 1130 924 ab
1159 886 1285 925 hasta.

328 949 451 988 Haud
478 950 534 987 ita
563 949 636 988 sed
665 963 818 989 summo
848 951 983 1002 segnis
1013 950 1128 990 sedet
1157 951 1322 991 aethere
1350 953 1451 991 Iuno

275 1020 343 1053 aut
373 1015 465 1053 sinit
494 1020 674 1054 extrema
702 1015 862 1067 Minyas
892 1015 1109 1060 decernere
1138 1030 1285 1068 pugna,

272 1093 348 1119 nec
376 1093 542 1119 numero
572 1081 758 1133 quoniam
788 1080 963 1128 Colchis,
993 1095 1068 1120 nec
1096 1082 1296 1134 puppibus
1326 1095 1488 1135 aequos.

277 1159 373 1197 ergo
402 1145 471 1184 ubi
500 1145 592 1184 diva
620 1151 726 1184 rates
755 1146 994 1199 hostemque
1024 1146 1217 1186 accedere
1248 1147 1385 1195 cernit,

271 1212 360 1263 ipsa
388 1211 494 1250 subit
521 1216 648 1250 terras
677 1216 1042 1264 tempestatumque
1071 1212 1253 1264 refringit

261 1347 341 1385 312.
391 1348 456 1383 tibi
492 1359 582 1393 quae
617 1348 783 1384 scelerum
818 1348 931 1391 facies
962 1348 983 1383 i.
1019 1360 1049 1385 e.
1088 1349 1211 1395 qualia
1247 1349 1319 1384 tibi
1355 1350 1436 1385 tum
1478 1349 1658 1385 videban-

164 1409 227 1443 tur
252 1407 402 1444 scelera.

260 1468 341 1504 315.
390 1467 551 1511 infausto
589 1488 633 1494 —
671 1472 793 1515 antr03
830 1468 870 1503 in
908 1480 979 1513 quo
1016 1468 1171 1514 nuptiae
1204 1468 1370 1505 infausto
1396 1468 1517 1505 omine
1542 1468 1658 1505 inter-

165 1528 301 1574 ruptae
328 1528 447 1563 erant’.

259 1587 341 1623 316.
390 1598 461 1622 non
488 1587 589 1622 aliud
612 1598 717 1632 quam
755 1591 853 1622 certa
889 1588 981 1623 mori
1018 1587 1138 1633 ellipsi
1177 1587 1292 1623 etiam
1316 1588 1355 1623 in
1378 1599 1491 1634 prosa
1515 1588 1657 1624 usitata

166 1646 313 1689 dicitur,
339 1646 445 1682 velut
470 1646 548 1685 Liv.
574 1646 623 1689 Π,
662 1646 718 1688 63,
759 1649 781 1684 4
811 1648 928 1683 hostes
965 1647 1103 1692 quidem
1127 1648 1219 1683 nihil
1244 1647 1345 1683 aliud
1367 1659 1474 1693 quam
1496 1648 1656 1693 perfusis

162 1717 256 1743 vano
281 1707 405 1742 timore
430 1705 605 1742 Romanis
629 1708 739 1742 citato
765 1708 906 1753 aymine
930 1707 1069 1743 abewnt.

258 1766 339 1802 317.
389 1766 566 1802 cecidisset
591 1766 635 1801 ab
661 1767 780 1803 hasta:
832 1766 898 1804 cfr.
926 1766 992 1804 Ov.
1019 1768 1107 1802 met.
1135 1766 1176 1811 V,
1217 1766 1287 1802 192·
1309 1778 1333 1802 a
1366 1770 1466 1803 tanto
1490 1767 1656 1803 cecidisse

162 1827 257 1872 vir0;
284 1825 388 1872 XIII,
413 1825 483 1860 597
509 1826 636 1861 occidit
660 1837 684 1861 a
705 1826 796 1869 forti
813 1847 859 1853 —-
877 1826 1023 1862 Achille.
1074 1826 1198 1862 Etiam
1223 1826 1268 1862 de
1294 1826 1405 1862 rebus
1430 1826 1486 1862 ita
1512 1826 1655 1862 dictum

162 1885 359 1931 invenitur,
397 1886 440 1920 ut
466 1885 531 1921 Ov.
558 1887 647 1922 met.
685 1886 715 1931 I,
754 1886 824 1921 417
864 1897 967 1921 umor
991 1886 1035 1921 ab
1066 1886 1147 1931 iyne
1165 1886 1345 1931 percaluit
1367 1886 1468 1929 soli&
1507 1885 1555 1928 ΙΙ,
1582 1885 1652 1921 602

161 1945 299 1980 tumida
321 1945 480 1988 fervebat
504 1945 548 1980 ab
573 1945 640 1986 ira,
669 1945 775 1993 quasi
794 1945 1041 1991 proficiscitur
1063 1945 1125 1981 vel
1149 1945 1314 1981 exoritur
1339 1957 1438 1981 mors
1464 1946 1512 1981 ab
1531 1946 1653 1990 hasta,

162 2016 269 2040 umor
295 2004 342 2039 ab
374 2004 463 2050 igne
489 2005 560 2040 cet.

257 2063 326 2099 318
351 2075 452 2111 seqq.
492 2075 587 2111 quae
628 2064 798 2101 Valerius
836 2064 1005 2100 narravit
1043 2065 1090 2101 de
1122 2064 1255 2100 auxilio
1282 2063 1442 2106 Iunonis,
1482 2065 1529 2100 de
1554 2065 1650 2100 tem-

161 2123 310 2169 pestate
337 2125 475 2165 exorta,
503 2123 549 2160 de
574 2124 730 2160 interitu
755 2123 853 2165 Stiri,
880 2136 955 2160 non
980 2124 1157 2169 leguntur
1182 2123 1283 2170 apud
1306 2123 1556 2170 Apollonium.

255 2183 355 2218 haud
390 2183 443 2218 ita
478 2183 541 2219 secl
575 2194 710 2219 summo
746 2185 864 2229 scynis
899 2183 995 2219 sedat
1019 2204 1063 2209 —
1102 2183 1196 2219 Iuno
1234 2183 1256 2218 i.
1285 2194 1316 2220 e.
1354 2183 1421 2219 sed
1458 2183 1559 2219 haud
1596 2183 1652 2219 ita

161 2241 292 2288 segnis.
319 2244 360 2276 ut
383 2241 529 2283 Medea,
557 2242 664 2295 sedet
689 2242 782 2278 Iuno
791 2258 799 2288 ;
837 2243 884 2278 de
917 2242 1160 2278 collocatione
1185 2242 1248 2278 sed
1270 2242 1479 2288 particulae
1506 2242 1572 2278 cfr.
1599 2242 1649 2277 ad

161 2301 205 2343 H,
233 2300 317 2343 150;
345 2300 520 2336 audacius
547 2302 674 2337 autem
698 2303 752 2337 ita
777 2302 825 2336 ab
852 2302 1037 2337 adjectivo
1061 2313 1127 2338 suo
1146 2302 1344 2344 divellitur,
1373 2301 1439 2340 cfr.
1458 2301 1502 2337 ad
1523 2301 1550 2343 I,
1569 2301 1650 2336 284.

256 2360 336 2396 320.
386 2361 552 2405 quoniam
588 2361 836 2407 postponitur,
874 2363 917 2396 ut
947 2362 1088 2397 multae
1128 2362 1225 2397 aliae
1261 2361 1548 2404 coniunctiones,
1585 2360 1653 2396 sed

160 2432 309 2468 prorsus
333 2420 487 2466 praeter
513 2419 819 2456 consuetudinem
844 2420 1000 2456 verbum
1024 2432 1099 2456 non
1124 2420 1291 2462 additur;
1319 2426 1537 2466 comparare
1562 2419 1654 2456 licet

160 2493 270 2517 usum
292 2479 502 2526 particulae
527 2480 668 2524 quippe.

256 2540 336 2576 322.
387 2539 570 2585 Wagner:
611 2540 710 2584 ‘ipsa,
749 2539 866 2575 Aeolo
892 2539 1073 2585 neglecto,
1114 2540 1197 2575 erat
1235 2539 1334 2575 enim
1369 2539 1577 2585 periculum
1613 2539 1651 2574 in

160 2599 288 2636 mora'.
329 2599 426 2635 subit
449 2603 581 2641 terras:
608 2609 692 2637 non.
721 2600 763 2633 ut
788 2598 895 2640 solet,
922 2599 1105 2634 subeundi
1130 2599 1287 2635 verbum
1304 2599 1375 2634 hoc
1399 2598 1482 2634 loco
1507 2599 1650 2634 motum

161 2659 357 2704 significat,
385 2657 448 2705 qui
483 2657 526 2693 fit
550 2657 589 2692 in
613 2657 844 2703 superiorem
867 2658 1024 2703 partem,
1059 2657 1126 2693 sed
1150 2657 1189 2692 in
1213 2657 1438 2699 inferiorem,
1460 2657 1527 2693 cfr.
1554 2657 1649 2693 Stat.

160 2720 250 2756 Ach.
276 2719 305 2760 Ι,
326 2718 394 2754 198
418 2719 514 2754 subit
536 2718 665 2763 rapido
691 2739 735 2745 --
760 2718 856 2753 saltu
877 2718 1043 2764 flumina;
1070 2717 1186 2753 Theb.
1205 2716 1267 2759 IV,
1291 2717 1358 2752 143
1382 2717 1517 2763 inqenti
1542 2717 1651 2753 donec

1663 441 1718 471 310

1663 761 1718 790 315

1659 1086 1717 1116 320
