1890 3100
605 215 995 255 ARGONAVTICON
1017 215 1165 250 LIBER
1190 214 1218 248 Ι.
1600 215 1657 258 95

276 341 407 392 Iapeti
433 345 524 392 post
551 338 662 377 bella
687 337 810 376 trucis
838 335 1121 386 Phlegraeque
1156 333 1317 372 labores

242 394 250 399 ..
268 398 462 458 imposita
489 410 568 443 est:
598 403 741 442 durum
768 401 882 440 vobis
910 402 988 440 iter
1015 407 1056 439 et
1083 413 1206 452 grave
1237 398 1338 437 caeli
1491 402 1493 405 ’
1657 409 1712 440 565

277 468 443 509 institui.
498 469 556 508 sie
584 481 679 507 eece
707 480 834 514 meus,
865 467 922 505 sie
950 465 1045 504 orbe
1074 470 1236 517 peraeto

277 536 400 574 Liber
428 540 469 573 et
496 540 686 586 expertus
714 539 842 571 terras
868 531 1065 570 remeavit
1092 529 1264 582 Apollo.'

279 600 379 638 dixit
407 605 448 638 et
474 599 630 651 ingenti
657 598 925 636 flammantem
951 595 1091 634 nubila
1119 594 1229 634 sulco

279 665 426 704 direxit
452 677 525 716 per
551 665 671 702 inane
698 663 840 709 facem,
872 675 976 714 quae
1004 673 1138 712 puppe
1165 659 1389 712 propinqua

277 731 320 768 in
345 729 510 768 bifidum
538 728 722 767 discessit
749 728 826 766 iter
852 727 1077 778 fratresque
1106 726 1247 777 petivit
1657 734 1711 764 570

275 777 527 846 ffleos,
561 793 721 845 placida
755 798 796 831 et
822 791 964 831 mediis
992 792 1035 829 in
1061 790 1258 829 frontibus
1286 789 1419 828 haesit

277 859 457 915 protinus
487 858 692 897 amborum
720 858 938 910 lumenque
966 857 1130 895 innoxia
1157 855 1289 894 fundit

256 916 530 977 spurpurenm,
570 924 726 962 miseris
756 923 850 962 olim
877 921 1126 974 implorabile
1155 921 1301 959 nautis.

264 1084 383 1120 Locus
425 1085 639 1129 corruptus,
685 1083 748 1128 qui
796 1084 900 1118 certa
948 1081 1211 1118 emendatione
1259 1081 1381 1116 adhuc
1423 1082 1528 1125 eget;
1570 1080 1655 1115 Vat.

170 1144 287 1179 habet
321 1154 374 1178 me
404 1144 562 1188 primum
597 1143 696 1187 regia
732 1142 863 1177 mundo
900 1165 946 1170 —
982 1141 1169 1186 impos-uin
1212 1151 1290 1175 mea
1326 1141 1367 1176 et
1402 1139 1568 1184 imposita
1606 1143 1657 1175 est

171 1202 352 1244 Sehenkl;
377 1203 468 1237 victo
494 1213 576 1247 ego.

264 1261 344 1297 564.
394 1261 542 1306 Iapetus
577 1260 617 1295 in
655 1260 756 1296 bello
789 1260 944 1296 deorum
976 1259 1232 1305 Olympiorum
1270 1259 1364 1294 duee
1396 1258 1485 1294 Iove
1524 1258 1655 1294 contra

170 1320 323 1356 Titanes
348 1321 456 1365 gesto
479 1321 566 1366 post
592 1319 752 1355 Cronum
782 1319 922 1365 primas
954 1319 1053 1354 inter
1078 1318 1232 1354 Titanes
1262 1319 1391 1363 partes
1424 1317 1511 1363 egit.
1547 1317 1654 1353 Hom.

168 1379 214 1415 11.
242 1379 342 1421 vm,
369 1379 438 1415 478
463 1390 539 1424 seq.

264 1438 420 1483 Phkyra
457 1449 610 1483 campus
645 1438 685 1472 in
721 1437 891 1478 Pallene,
933 1437 1162 1472 Chersoneso
1199 1436 1461 1481 Macedoniae,
1499 1437 1656 1482 propter

170 1497 311 1533 benum
341 1496 548 1542 Gigantum
577 1497 698 1538 notus,
732 1496 800 1532 cfr.
826 1496 959 1532 Aeseh.
984 1495 1088 1530 Eum.
1114 1495 1200 1537 295;
1238 1495 1345 1531 Pind.
1371 1494 1478 1532 Nem.
1512 1494 1542 1540 Ι,
1569 1495 1653 1535 100;

169 1556 280 1602 Prop.
305 1555 355 1598 H,
382 1557 414 1598 1,
440 1556 506 1598 39;
531 1556 600 1598 III,
625 1556 658 1596 9,
684 1556 747 1598 48;
774 1555 870 1593 Stat.
894 1556 985 1591 Aeh.
1011 1556 1039 1600 L
1065 1555 1135 1590 484
1160 1567 1261 1600 seqq.

263 1615 343 1650 560.
391 1626 500 1661 yrave
522 1616 591 1650 iter
619 1615 643 1652 i.
670 1627 702 1651 e.
736 1615 890 1661 plenum
915 1615 1092 1660 gravibus
1117 1615 1310 1653 laboribus
1337 1616 1376 1650 et
1399 1614 1585 1660 perieulis,
1612 1615 1655 1648 ut

173 1674 240 1710 OV.
264 1675 344 1710 her.
370 1674 484 1716 XVII,
511 1675 568 1710 34.

265 1732 346 1768 566.
394 1734 478 1769 orbe
494 1738 644 1778 peracto
669 1734 694 1771 i.
721 1746 751 1770 e.
777 1735 991 1780 peragrato,
1019 1733 1086 1770 efr.
1111 1746 1145 1770 v.
1172 1734 1253 1771 283.

268 1792 350 1828 567.
397 1794 565 1828 remeavit
580 1794 629 1828 ad
649 1793 768 1829 solum
793 1794 943 1839 spectat
958 1793 1170 1839 Apollinem
1188 1794 1227 1828 et
1244 1793 1294 1828 ad
1311 1793 1530 1834 subiectum,
1557 1793 1656 1838 quod

172 1852 231 1888 est
253 1851 375 1893 Liber,
413 1852 710 1888 subaudiendum
735 1863 781 1888 ex
812 1852 1018 1898 zeugmatis
1049 1852 1169 1897 figura
1203 1853 1308 1889 venit.
1361 1851 1551 1897 Cogitavit
1576 1851 1655 1887 sine

171 1910 285 1947 dubio
319 1911 436 1956 poeta
472 1911 519 1946 de
550 1911 721 1957 Apolline
745 1912 907 1948 Admeto
945 1913 984 1947 et
1015 1911 1262 1947 Laomedonti
1299 1911 1497 1950 serviente,
1535 1911 1655 1946 minus

170 1969 422 2016 probabiliter
461 1970 630 2015 Wagner
671 1971 836 2016 explieat
877 1971 993 2007 etiam
1034 1971 1081 2006 de
1121 1971 1295 2015 Apolline
1336 1971 1465 2006 sedem
1506 1970 1656 2006 oraculo

172 2030 378 2074 quaerente
415 2030 482 2064 aut
519 2029 566 2065 de
604 2040 659 2075 eo,
696 2030 796 2075 quod
821 2030 912 2066 deus
944 2030 994 2064 ad
1018 2029 1233 2065 leniendum
1269 2031 1357 2075 post
1380 2030 1658 2066 Phaethontem

170 2087 413 2124 interfectum
437 2088 607 2124 dolorem
630 2088 892 2134 Hyperboreos
918 2089 1022 2124 adiit.

265 2147 347 2184 569.
389 2158 459 2192 per
481 2148 589 2183 inane
611 2148 635 2183 i.
663 2159 694 2185 e.
719 2159 788 2193 per
811 2159 973 2183 vacuum
998 2159 1097 2185 aera,
1124 2149 1224 2193 quod
1248 2148 1365 2184 habet
1390 2148 1501 2193 Verg.
1528 2160 1655 2194 georg.

171 2205 239 2248 111.
266 2206 350 2249 1093
390 2206 459 2243 efr.
484 2207 551 2243 Ov.
577 2209 666 2243 met.
692 2207 754 2249 IV,
781 2208 867 2249 717;
907 2219 991 2242 eum
1014 2207 1164 2245 Valerio
1190 2207 1377 2243 consentit
1408 2208 1495 2243 Luc.
1521 2208 1550 2252 Ι,
1575 2207 1656 2243 528.

266 2265 346 2300 571.
395 2265 452 2302 De
483 2277 524 2302 re
559 2266 625 2303 cfr.
665 2278 757 2312 quae
785 2266 892 2312 Vei-g.
927 2267 1019 2302 Aen.
1046 2266 1094 2307 Π,
1121 2266 1191 2302 682
1228 2278 1329 2312 seqq.
1369 2268 1408 2303 et
1445 2267 1514 2302 69⁶2
1556 2278 1658 2311 seqq.

170 2324 351 2366 narravit,
378 2326 417 2361 et
442 2325 489 2360 de
515 2337 597 2371 ope,
625 2336 737 2370 quam
757 2325 889 2361 Castor
907 2326 947 2362 et
963 2326 1095 2361 Pollux
1119 2326 1243 2361 nautis
1261 2326 1398 2367 ferunt,
1425 2326 1658 2362 notissimum

172 2380 296 2419 locum
318 2383 407 2420 Hor.
433 2395 463 2419 e.
490 2387 520 2428 I,
545 2385 579 2429 3,
603 2385 643 2426 2;
670 2385 725 2425 12,
751 2385 813 2427 27;
849 2385 1005 2420 Prelleri
1030 2397 1085 2431 gr.
1111 2386 1228 2430 myth.
1255 2385 1324 2426 11⁸,
1353 2386 1430 2420 105.

266 2442 347 2477 573.
396 2443 630 2488 imlorabilis
663 2444 767 2486 ἇπαξ;
810 2444 998 2479 adjectiva
1033 2446 1232 2489 praeterea
1266 2444 1378 2480 affert
1413 2444 1587 2489 Gebbing
1620 2444 1658 2478 in

172 2511 298 2546 progr.
326 2495 532 2538 Confluent.
560 2502 652 2538 1888
676 2503 864 2548 aem-sonus
887 2502 955 2543 ΠΙ,
981 2502 1044 2543 88;
1079 2503 1273 2546 lustrificus
1298 2503 1366 2539 111.
1393 2503 1479 2549 4483
1519 2504 1657 2547 arcipo-

175 2562 253 2596 m
274 2559 317 2602 V,
343 2561 405 2602 17;
430 2561 567 2604 amfen-
590 2561 632 2601 V,
659 2561 746 2603 60&
773 2562 1036 2597 intenaerandus
1062 2562 1101 2598 V.
1128 2563 1209 2599 641.

268 2619 387 2655 meri
423 2622 562 2656 nautae
599 2621 855 2666 significanter
893 2621 1075 2658 dicuntur.
1111 2623 1208 2667 quia,
1248 2634 1331 2657 cum
1369 2623 1523 2658 deorum
1549 2633 1658 2667 opem

176 2676 388 2723 implorant,
414 2679 522 2724 gravi
545 2681 768 2725 premuntur
791 2682 1031 2726 tempestate.
