1890 3100
617 188 1004 226 ARGONAVTICON
1029 189 1176 224 LIBER
1201 189 1263 224 IV.
1583 189 1671 232 331

291 311 390 336 saxa
418 297 540 345 dedit,
569 298 726 336 flamma
755 311 946 349 expresso
975 298 1036 335 bis
1064 297 1177 336 fulsit
1204 297 1245 334 in
1273 296 1404 334 imbri.
1448 314 1452 317 ·

291 364 347 402 sic
376 364 445 411 ubi
473 362 691 402 multifidus
719 364 845 415 ruptis
875 376 898 401 e
926 362 1099 400 nubibus
1129 362 1268 400 horror

292 429 433 480 effugit
461 435 502 467 et
529 429 717 467 tenebras
746 428 983 480 nimbosque
1011 427 1238 465 intermicat
1264 426 1369 477 ignis

288 494 530 546 terrificique
560 499 680 532 ruunt
707 493 876 531 tonitrus
906 492 1087 544 elisaque
1116 498 1276 530 noctem

288 559 358 597 lux
388 559 544 607 dirimit,
574 572 698 611 pavor
726 571 796 596 ora
822 558 962 603 virum,
991 570 1116 608 pavor
1145 562 1314 608 occupat
1342 569 1477 594 aures:

287 624 396 662 haud
425 637 541 662 secus
570 624 750 675 implevit
776 629 942 674 pontum
970 622 1122 673 fragon
1154 622 1279 660 effluit
1306 621 1434 660 imber

289 703 477 741 spumeus
507 696 548 728 et
577 702 721 740 magno
750 702 925 740 puppem
953 689 1093 739 procul
1122 701 1296 740 aequore
1324 688 1458 725 vestit.

343 755 569 793 Advertere
599 754 664 793 dei
694 753 906 805 defixaque
936 753 1087 791 lumina
1106 759 1241 804 ponto,

290 820 386 872 quid
415 820 590 871 scopulis
619 819 831 871 praeclusa
859 820 967 866 ratis,
999 818 1095 870 quid
1124 818 1224 856 (lura
1251 818 1439 855 iuventus

289 884 495 936 expediat3
538 884 690 936 pendet
717 885 872 936 magnis
902 884 1015 922 favor
1044 890 1152 922 ortus
1183 883 1232 921 ab
1263 883 1383 921 ausis.

277 998 358 1032 660.
405 998 550 1041 flamma
574 1008 737 1042 equ-esso
763 997 817 1031 bis
831 997 935 1038 fulsit
961 997 998 1031 in
1023 997 1143 1037 imbri;
1170 995 1321 1030 flamma
1338 997 1469 1030 exorta
1487 1006 1667 1030 concursu

179 1068 351 1092 saxorum
376 1056 499 1101 fulget
523 1068 591 1102 per
619 1067 756 1100 aquam
781 1056 965 1090 marinam
990 1054 1206 1090 vehementi
1231 1054 1377 1100 rupium
1394 1056 1499 1090 motu
1519 1066 1667 1100 expres—

177 1127 259 1151 sam
284 1117 323 1152 et
346 1116 384 1150 in
403 1127 490 1151 aera
508 1116 702 1156 sublatam,
731 1115 795 1150 cfr.
822 1115 942 1160 Apoll.
970 1114 1017 1154 ΙΙ,
1045 1115 1131 1158 5673
1159 1115 1252 1149 haec
1278 1126 1374 1159 aqua
1398 1114 1512 1159 longe
1538 1126 1668 1159 sparsa

176 1176 286 1211 imber
309 1186 476 1220 sypuntem
500 1174 715 1210 nominatur
738 1187 771 1210 V.
799 1175 886 1221 6653
927 1175 1091 1218 aequoris
1128 1174 1238 1209 imber
1261 1173 1449 1219 reperitur
1482 1173 1548 1209 Ov.
1586 1174 1665 1209 her.

178 1234 293 1275 XVII,
320 1234 406 1280 1043
445 1245 638 1279 aequoreus
662 1235 772 1269 imber
798 1245 843 1269 ex
868 1234 977 1270 Pont.
1003 1234 1066 1277 IV,
1104 1234 1133 1277 Ι,
1166 1234 1213 1268 30
1220 1247 1228 1275 ;
1267 1233 1375 1269 calidi
1412 1233 1539 1268 imbres
1578 1233 1601 1268 i.
1635 1244 1667 1269 e.

179 1305 277 1339 aqua
301 1294 423 1329 calida,
448 1305 518 1328 am.
546 1293 594 1335 IL
623 1294 677 1338 15,
703 1293 761 1329 23.

271 1353 353 1388 662.
402 1353 509 1387 Hunc
534 1364 683 1387 versum
694 1354 828 1397 postea
854 1363 876 1386 a
891 1354 1006 1397 poeta
1024 1352 1105 1397 ipso
1125 1352 1344 1386 damnatum
1368 1353 1480 1397 putat
1505 1351 1668 1387 Schenkl

177 1404 275 1448 stud.
299 1424 336 1457 p.
362 1411 442 1452 288,
469 1412 536 1447 sed
562 1413 663 1447 recte
691 1411 867 1456 Gebbing
893 1412 939 1447 de
964 1411 1107 1446 Valerii
1143 1412 1240 1456 trop.
1281 1412 1320 1446 et
1345 1411 1407 1456 fig.
1431 1424 1470 1456 p.
1497 1410 1543 1445 75
1585 1412 1666 1447 ‘hoc

151 1460 159 1465 .
176 1471 260 1507 loco
284 1470 517 1506 abundantia
554 1470 673 1515 magis
711 1482 822 1515 quam
860 1471 940 1505 a-liis
978 1470 1068 1506 locis
1105 1470 1243 1515 placet,
1282 1470 1458 1514 quoniam
1482 1470 1668 1506 terribilia

172 1530 280 1566 facta
305 1529 429 1565 vivide
455 1532 544 1565 ante
570 1532 716 1565 nostros
742 1530 868 1565 oculos
891 1531 1104 1575 ponuntur'.

224 1586 228 1589 ’
271 1589 352 1626 664.
400 1600 514 1633 pavor
538 1593 686 1633 occupat
711 1600 839 1627 aures:
878 1590 962 1625 Luc.
989 1589 1017 1625 Ι.
1045 1589 1115 1624 246
1135 1600 1254 1633 pavor
1278 1594 1428 1634 occupat
1453 1594 1571 1631 artu-33
1598 1589 1666 1625 sed

177 1660 273 1684 cave
310 1649 441 1684 credas
482 1648 672 1684 Valerium
713 1660 858 1693 quoque
900 1653 1002 1683 artus
1042 1649 1234 1694 scripsisse
1248 1676 1258 1690 ,
1300 1649 1399 1693 quod
1439 1650 1665 1694 receperunt

176 1707 339 1743 Schenkl
364 1709 404 1743 et
427 1708 637 1754 Baehrens3
663 1719 781 1753 pavor
806 1719 884 1743 ora
910 1709 1070 1753 occupat
1093 1709 1250 1753 propter
1275 1707 1492 1749 fulmina,
1532 1719 1666 1744 aures

175 1767 332 1812 propter
354 1766 581 1802 tonitrua.

270 1825 350 1861 666.
402 1837 527 1871 mayno
552 1837 703 1870 aequore
727 1826 748 1860 i.
777 1837 807 1862 e.
834 1826 953 1861 multa
979 1838 1074 1871 aqua
1100 1826 1261 1868 marina,
1289 1826 1356 1863 cfr.
1383 1826 1452 1867 ΠΙ,
1479 1827 1565 1868 472;
1601 1826 1663 1869 VI,

175 1885 262 1928 412;
302 1885 368 1921 Ov.
406 1886 495 1921 met.
533 1884 595 1925 XI,
633 1884 720 1927 4883
761 1885 845 1921 Luc.
885 1885 951 1928 ΙΙΙ,
978 1885 1064 1927 687;
1104 1885 1166 1920 Sil.
1206 1886 1249 1927 X,
1287 1886 1373 1927 325;
1413 1885 1509 1922 Stat.
1547 1886 1664 1922 Theb.

174 1944 218 1984 V,
245 1943 326 1981 382.

268 2004 383 2048 vestit,
410 2004 431 2039 i.
459 2015 491 2041 e.
516 2003 665 2049 implet:
705 2004 748 2044 V,
775 2004 865 2050 5653
906 2005 1015 2048 Verg.
1044 2005 1132 2039 Aen.
1160 2004 1221 2045 VI,
1247 2004 1334 2050 6403
1370 2003 1442 2039 Cic.
1468 2005 1573 2042 Arat.
1599 2005 1663 2051 603

171 2063 286 2108 frgm.
302 2064 403 2108 poet.
429 2063 485 2105 22,
511 2061 607 2104 6B.;
623 2064 715 2099 Stat.
743 2063 859 2099 Theb.
886 2063 946 2103 VI,
973 2063 1205 2104 848;Avien.
1224 2075 1356 2108 progn.
1383 2063 1562 2105 486;0rb.
1578 2064 1663 2107 102;

172 2121 346 2158 similiter
368 2122 549 2157 induendi
573 2122 690 2158 verbo
716 2122 834 2158 utitm·
863 2122 1030 2157 Valerius
1045 2122 1107 2163 IV,
1133 2122 1214 2157 509.

268 2181 348 2217 667.
398 2182 547 2216 numina
559 2183 654 2222 Vah,
681 2183 817 2217 lamina
843 2182 922 2218 cod.
949 2182 1045 2217 Mon.
1073 2193 1170 2216 man.
1198 2193 1279 2222 sec„
1307 2182 1373 2217 cfr.
1395 2182 1507 2228 Verg.
1525 2183 1616 2219 Aen.
1635 2183 1663 2229 1,

173 2239 260 2282 226;
300 2239 429 2276 Claud.
456 2241 504 2276 de
532 2241 616 2276 bell.
644 2241 800 2276 Pollent.
826 2241 907 2277 486.

268 2299 325 2336 des·
347 2299 371 2334 i.
398 2311 429 2335 e.
456 2299 548 2336 Iuno
575 2302 614 2335 et
638 2300 818 2337 Minerva.
846 2300 898 2336 sic
915 2301 1025 2346 Verg.
1053 2301 1143 2337 Aen.
1162 2300 1209 2341 ΙΙ,
1235 2301 1305 2336 632
1331 2302 1476 2337 ducente
1500 2302 1564 2337 deo
1588 2302 1611 2338 i.
1632 2313 1664 2339 e.

173 2357 320 2395 Venere
345 2359 423 2404 (vel
440 2359 571 2404 optimi
590 2359 736 2395 codices
762 2361 831 2395 hoc
856 2360 938 2395 loco
964 2361 1162 2405 depravati
1187 2362 1308 2407 sunt);
1333 2361 1416 2402 VII,
1442 2361 1513 2396 498
1530 2362 1663 2397 Alecto

174 2417 261 2453 dous
292 2417 366 2454 dici
398 2418 567 2456 videtur:
605 2419 667 2454 Sil.
694 2418 756 2465 IV,
782 2419 851 2454 723
875 2421 1029 2455 monitor
1053 2420 1139 2455 deus
1163 2420 1186 2454 i.
1213 2431 1245 2456 e,
1271 2420 1384 2466 Iuno;
1410 2420 1477 2457 cfr.
1496 2421 1662 2456 Macrob.

176 2477 247 2513 nat.
273 2476 343 2518 ΠΙ,
369 2477 403 2512 8.
506 2504 507 2508 ,

269 2535 350 2573 669.
394 2537 524 2581 pendet
550 2558 593 2564 —-
617 2538 724 2579 favor
749 2537 937 2573 dubitant
962 2538 1009 2574 de
1035 2538 1135 2574 felici
1161 2540 1343 2574 successu'
1369 2539 1554 2584 Wagner:
1594 2540 1662 2575 sed

177 2594 271 2630 haee
296 2595 495 2641 explicatio
532 2596 648 2632 totius
674 2596 746 2631 loci
783 2597 994 2633 sententiae
1019 2609 1094 2633 non
1120 2600 1211 2643 apta
1236 2600 1304 2638 est,
1330 2599 1554 2643 praesertim
1577 2610 1657 2634 cum

176 2652 270 2689 deae
296 2654 472 2689 auxilium
498 2655 596 2690 ferre
621 2657 777 2701 paratae
803 2667 842 2692 se
868 2667 947 2692 rem
974 2657 1022 2692 ad
1048 2657 1197 2693 felicem
1234 2659 1411 2693 eventum
1436 2658 1658 2693 deducturas
