1890 3100
214 158 301 202 516
739 158 776 196 0.
803 159 985 196 VALERI
1015 161 1190 199 FLAccl

323 289 513 328 spargere
544 276 695 328 gaudet
723 278 829 329 agris
860 284 1080 331 oneratque
1110 280 1270 319 novalia
1298 280 1419 320 bello.

320 342 489 380 Martius
518 342 583 380 hic
612 343 784 394 primum
810 348 873 382 ter
900 357 1064 382 vomere
1093 344 1206 383 fusus
1237 346 1286 384 ab
1316 346 1402 398 ipso
1711 362 1766 392 610

323 406 489 458 clangor
519 411 560 445 et
589 420 640 445 ex
669 408 775 446 omni
807 414 1027 447 sonuerunt
1056 422 1207 448 cornua
1235 410 1381 459 sulco,

322 471 512 510 bellatrix
539 477 635 510 tunc
664 472 786 524 gleba
815 474 924 525 quati
953 475 1182 526 pariterque
1213 477 1339 515 creari

322 537 547 589 armarique
576 537 754 589 phalanx
781 539 956 590 totisque
985 539 1195 591 insurgere
1226 541 1388 593 campis.

323 602 444 640 cessit
473 607 514 640 et
543 602 595 641 ad
623 603 754 642 socios
782 603 947 656 paulum
977 617 1021 642 se
1050 605 1205 643 rettulit
1232 605 1351 644 heros

323 668 548 719 opperiens,
578 668 648 707 ubi
675 669 804 721 prima
833 669 910 707 sibi
939 670 1053 709 daret
1082 671 1242 722 agmina
1270 672 1402 711 tellus.
1712 680 1766 710 615

323 738 364 771 at
392 746 489 772 vero
515 739 560 772 ut
589 735 751 773 summis
780 735 860 773 iam
888 749 981 773 rura
1009 735 1201 775 recedere
1232 738 1360 776 cristis

320 797 421 836 vidit
450 804 491 836 et
518 799 666 838 infesta
693 799 898 838 vibrantes
929 800 1085 840 casside
1115 807 1254 850 terras,

323 862 485 902 advolat
514 869 635 916 atque
664 865 742 902 imo
772 864 894 903 tellus
925 879 1004 917 qua
1032 867 1213 917 proxima
1241 867 1345 906 collo

325 927 515 980 (necdum
542 930 671 967 umeri
699 929 838 968 videre
869 929 991 980 diem)
1022 931 1130 982 prior
1159 945 1256 971 ense
1287 934 1451 985 sequaci

324 1000 473 1046 aequat
502 995 622 1032 humo
652 999 833 1043 truncos,
863 996 1026 1034 rutilum
1055 997 1221 1035 thoraca
1250 999 1435 1050 sequenti
1711 1011 1767 1042 620

309 1130 390 1167 609.
441 1131 518 1166 acri
543 1130 644 1172 Vah„
671 1131 769 1176 ayris
794 1131 986 1167 Maserius.

309 1189 390 1225 610.
438 1191 544 1232 fusus
567 1211 615 1216 —
640 1190 801 1235 clan90r3
853 1190 1037 1226 fundendi
1074 1191 1231 1227 verbum
1266 1192 1313 1228 de
1351 1205 1441 1229 sono
1479 1193 1621 1229 dictum
1643 1193 1711 1230 im-

213 1248 344 1294 primis
370 1249 471 1294 apud
495 1249 625 1284 Silium
650 1249 855 1294 reperitur:
904 1249 966 1291 IV,
1007 1250 1096 1292 173;
1147 1250 1209 1292 VI,
1235 1251 1322 1294 408;
1358 1252 1440 1294 XII,
1467 1252 1554 1295 5973
1604 1253 1709 1291 XIII.

215 1307 307 1350 3133
334 1308 433 1349 XVI,
461 1307 549 1350 4373
576 1308 643 1344 sed
669 1308 786 1344 etiam
812 1309 911 1354 apud
940 1308 1012 1344 Cic.
1039 1321 1172 1355 progn.
1198 1310 1245 1347 fr.
1271 1311 1314 1348 V.
1339 1311 1495 1359 Baehr.;
1529 1311 1595 1348 Ov.
1621 1314 1712 1350 met.

214 1366 299 1409 XH,
326 1367 417 1409 469;
457 1366 552 1403 Stat.
579 1367 696 1404 Theb.
723 1367 752 1414 Ι,
778 1368 864 1410 656;
891 1369 932 1410 V,
961 1369 1047 1416 275;
1075 1369 1117 1410 X,
1147 1369 1231 1415 5163
1282 1369 1349 1406 cfr.
1382 1370 1469 1406 Tac.
1502 1382 1585 1407 ann.
1613 1371 1711 1419 XIV,

215 1425 263 1461 30
283 1437 409 1471 preces
433 1427 534 1462 diras
556 1427 748 1470 fundentes
773 1428 812 1463 et
840 1427 919 1464 Val.
945 1427 1066 1473 ipsum
1090 1428 1192 1476 VIII,
1219 1429 1276 1465 69.

310 1497 389 1534 613.
439 1499 626 1543 insumere
651 1498 801 1542 campis:
829 1498 942 1544 Verg.
968 1499 1060 1539 Aen.
1087 1499 1151 1541 IX,
1178 1500 1235 1535 34.

310 1557 364 1592 Ex
391 1557 453 1598 eis,
482 1568 578 1602 quae
604 1558 817 1603 sequuntur,
852 1559 1011 1604 apparet
1041 1558 1137 1594 viros
1165 1560 1333 1595 armatos
1360 1560 1528 1595 nondum
1546 1560 1646 1607 ipsos
1665 1573 1711 1598 ex

215 1617 319 1652 terra
345 1616 604 1660 exsurrexisse,
632 1628 716 1651 cum
741 1629 775 1652 v.
795 1616 864 1651 616
884 1617 1034 1653 demum
1058 1617 1227 1662 legamus
1253 1619 1406 1655 summis
1433 1619 1553 1656 cristis
1579 1620 1711 1666 glebas

215 1675 395 1721 disrumpi
419 1686 603 1720 versuque
621 1675 691 1710 619
710 1675 837 1722 capita
854 1676 1019 1711 virorum
1045 1677 1181 1712 umeris
1199 1678 1365 1713 nondum
1385 1679 1541 1714 exsertis
1559 1679 1711 1715 detrun-

215 1736 302 1770 cata.
326 1746 414 1781 ¹,esse
441 1735 488 1770 ab
515 1735 666 1772 Iasone:
708 1735 826 1770 verba
862 1735 978 1780 igitur
1016 1737 1131 1772 creari
1167 1738 1371 1782 armar-ique
1389 1738 1556 1782 phalam:
1578 1738 1635 1774 ita
1658 1738 1712 1775 in-

214 1794 432 1839 tellegenda
458 1795 554 1836 sunt,
593 1797 634 1829 ut
658 1795 729 1830 hoc
755 1795 822 1830 sub
848 1795 964 1840 terra,
1002 1807 1077 1830 non
1101 1795 1141 1830 in
1174 1798 1377 1842 conspectu
1408 1797 1600 1832 hominum
1631 1797 1713 1833 fieri

215 1853 381 1889 dicamus
417 1853 662 1898 similiterque
700 1854 818 1889 verba
855 1856 940 1890 totis
979 1856 1163 1900 insumere
1199 1856 1355 1900 campis:
1410 1855 1713 1903 insurgunt.per

218 1913 342 1949 totum
368 1924 552 1959 campum,
580 1913 643 1958 qui
669 1914 795 1948 aratus
823 1915 891 1959 est,
918 1914 985 1949 sed
1024 1925 1068 1949 ex
1105 1914 1180 1950 imo
1205 1915 1372 1950 nondum
1403 1915 1453 1950 ad
1478 1915 1714 1962 superficiem

216 1973 410 2008 venerunt.
478 1971 575 2007 Sane
618 1984 694 2008 non
737 1972 947 2008 laudandus
991 1973 1177 2008 Valerius
1206 1975 1363 2020 propter
1405 1975 1503 2010 hanc
1549 1975 1712 2011 obscuri-

213 2032 345 2073 tatem,
392 2043 475 2066 cum
516 2031 593 2067 eius
619 2031 849 2067 sententiam
874 2032 1044 2068 versibus
1083 2033 1234 2068 demum
1264 2033 1333 2068 616
1364 2044 1466 2079 seqq.
1496 2033 1603 2070 lectis
1627 2045 1711 2080 per-

219 2090 428 2136 spiciamus.

310 2149 391 2186 618.
442 2151 544 2186 tellus
581 2162 653 2195 qua
684 2152 855 2195 proxima
891 2151 978 2186 collo
1015 2150 1039 2186 i.
1066 2162 1098 2187 e.
1136 2163 1247 2196 supra
1283 2151 1406 2197 ipsam
1429 2152 1574 2187 terram
1599 2151 1712 2188 ‘dicht

215 2208 310 2244 fiber
335 2208 402 2244 der
426 2208 548 2244 Erde'.

310 2267 391 2302 619.
441 2269 535 2303 ensis
565 2279 700 2312 sequax
735 2280 809 2304 non
848 2268 960 2304 facile
986 2268 1183 2304 diiudicari
1212 2270 1340 2315 potest
1376 2270 1503 2304 utrum
1527 2268 1576 2304 sit
1602 2269 1708 2311 ensis,

215 2326 278 2372 qui
301 2327 549 2373 persequitur,
574 2328 762 2363 translata
785 2329 829 2363 ut
853 2340 967 2374 saepe
993 2329 1036 2363 fit
1061 2329 1213 2364 notione
1240 2329 1288 2364 ab
1306 2328 1453 2364 homine
1477 2328 1525 2364 ad
1548 2328 1589 2363 id
1614 2329 1712 2373 quod

215 2387 349 2431 gestat,
371 2397 420 2421 an
446 2386 543 2422 ensis
569 2387 631 2431 qui
656 2387 768 2422 facile
785 2399 940 2422 manum
955 2389 1153 2432 motusque
1171 2387 1313 2424 Iasonis
1338 2387 1528 2433 sequatur,
1552 2387 1592 2422 id
1610 2387 1710 2432 quod

216 2445 355 2491 putant
378 2445 571 2480 Burmann
598 2447 637 2481 et
661 2445 839 2490 Wagner.

309 2503 388 2539 620.
442 2508 586 2540 mneos
609 2515 678 2550 per
702 2504 894 2550 prolepsin
920 2505 1063 2540 dictum
1088 2507 1256 2551 apparet.

307 2564 456 2599 rutilum
480 2564 630 2599 thoraca
653 2574 757 2608 sequ
771 2564 863 2599 enti
888 2565 1061 2610 corrupte
1086 2564 1230 2599 tradita
1255 2564 1450 2609 videntur,·
1489 2566 1621 2601 ratibus
1645 2577 1710 2602 no-

218 2622 380 2658 minatur
405 2623 545 2658 thorax
571 2634 594 2657 a
619 2622 832 2668 splendore,
861 2622 926 2658 cfr.
954 2623 1034 2659 Val.
1061 2626 1102 2669 V,
1129 2623 1214 2665 250;
1265 2623 1375 2668 Verg.
1413 2623 1506 2661 Aen.
1533 2624 1599 2670 XI,
1621 2624 1708 2668 487;
