1890 3100
649 211 1037 249 ARGONAVTICON
1060 211 1208 246 ΠΒΕΒ
1231 212 1263 247 1.
1643 212 1701 256 93

323 335 428 373 hanc
454 333 600 386 pelago
627 333 772 370 misere
800 343 973 369 manum.
1027 331 1093 367 via
1119 330 1227 367 facta
1260 343 1333 381 per
1359 329 1488 368 undas

322 412 476 452 perque
502 399 667 445 hiemes,
695 397 878 443 Bellona,
907 395 991 434 tibi.
1046 408 1124 433 nec
1150 395 1306 433 vellera
1331 401 1494 432 tantum·

323 463 569 516 indignanda
594 468 760 500 manent
787 462 1029 513 propiorque
1059 474 1111 498 ex
1138 460 1294 511 virgine
1322 466 1438 511 rapta

322 529 393 568 ille
421 528 544 575 dolor,
580 527 654 566 sed
682 527 811 578 (nulla
837 527 965 578 magis
994 526 1196 564 sententia
1222 525 1347 563 menti

321 595 403 632 fixa
428 597 560 642 meae)
586 593 725 631 veniet
750 592 929 643 Phrygia
956 592 1036 629 iam
1062 597 1199 642 pastor
1226 590 1276 628 ab
1304 589 1389 636 Ida,

324 660 393 712 qui
419 659 591 710 gemitus
618 659 781 710 irasque
806 670 925 708 pares
954 664 996 694 et
1022 662 1162 694 mutua
1190 655 1309 694 Grais
1701 684 1762 713 550

324 724 430 763 dona
454 724 569 762 ferat.
626 736 707 775 qua
733 722 864 760 classe
894 721 1039 760 dehinc
1068 721 1197 773 effusa
1222 733 1432 772 procorum

321 789 443 835 bella,
478 795 575 840 quot
602 787 654 826 ad
680 788 842 826 Troiam
869 787 1012 825 flentes
1039 781 1433 840 hibernssqrppnyeenas,
1514 802 1536 841 j

323 861 420 907 quot
445 866 632 905 proceres
659 859 857 904 natosque
885 852 1017 899 deum,
1047 865 1151 904 quae
1178 840 1323 889 robbra
1350 863 1493 889 cernes

309 1003 391 1038 545.
434 1003 564 1047 pdayo
588 1001 736 1037 dativus
763 1002 830 1046 est,
855 1000 922 1038 cfr.
960 1000 1053 1035 illud
1077 1000 1334 1045 Vergilianum
1370 999 1400 1034 it
1434 1000 1569 1035 clamor
1604 999 1700 1034 caelo

215 1061 423 1107 similiaque
446 1061 576 1096 multa.

311 1133 390 1168 546.
439 1134 567 1168 vellera
598 1153 643 1158 —-
675 1132 898 1177 indiynanda
922 1135 1083 1172 ‚vaanenu
1121 1131 1221 1175 quod
1246 1130 1294 1166 de
1318 1130 1520 1166 velleribus
1544 1130 1585 1164 in
1609 1129 1705 1164 fatis

216 1194 284 1234 est,
308 1194 448 1232 manet,
474 1204 547 1228 non
573 1193 750 1232 mutatur,
792 1203 877 1226 cum
912 1190 1101 1226 brevitate
1139 1190 1281 1224 dietum
1316 1201 1385 1235 pro
1424 1201 1469 1225 eo
1505 1189 1605 1235 quod
1642 1190 1701 1224 est

216 1253 347 1297 raptus
371 1251 519 1287 velleris
543 1251 795 1295 indignandus
819 1251 959 1288 manet.

311 1322 391 1358 547.
440 1333 484 1357 ex
512 1322 648 1367 viryine
676 1325 795 1365 rapta,
834 1333 883 1356 sc.
910 1321 1055 1361 Medea,
1092 1322 1136 1355 ut
1166 1322 1270 1355 recte
1307 1320 1472 1365 explicat
1495 1319 1697 1361 Burmann,

215 1392 337 1426 neque
366 1381 534 1417 debebat
556 1381 725 1426 Wagner
751 1379 936 1415 Carrionis
968 1391 1132 1415 errorem
1159 1379 1206 1415 de
1230 1379 1375 1414 Helena
1411 1378 1702 1424 interpretantis

213 1440 398 1485 repetere.
447 1440 605 1483 Propior
628 1439 737 1480 dolor,
764 1439 851 1483 quia
868 1439 918 1473 ad
941 1440 1094 1484 neptem
1118 1438 1213 1474 Solis
1236 1438 1414 1484 pertinet.

307 1510 389 1547 548.
435 1510 535 1546 Ante
559 1510 622 1545 sed
644 1510 741 1552 solet
756 1510 847 1555 poni
862 1510 1010 1555 signnm
1026 1510 1261 1555 interruptae
1281 1509 1471 1551 orationis,
1498 1511 1540 1544 at
1557 1509 1628 1545 etsi
1643 1509 1702 1544 ita

212 1567 331 1605 verba
355 1569 592 1615 explicamus,
630 1569 732 1604 nullo
756 1569 868 1605 modo
892 1569 986 1604 illud
1009 1581 1093 1604 nam
1116 1569 1156 1604 in
1179 1581 1214 1605 v.
1241 1569 1311 1604 549
1335 1568 1427 1604 ferri
1449 1570 1587 1614 potest,
1626 1580 1698 1614 quo

214 1630 346 1665 contra
361 1628 519 1664 indicari
536 1629 662 1669 debet,
680 1640 840 1674 pergere
857 1628 986 1664 Iovem
1003 1628 1042 1663 in
1059 1628 1249 1664 sententia
1263 1628 1442 1663 incohata
1459 1628 1701 1673 exponendag

213 1687 340 1734 recepi
362 1689 435 1723 iam
460 1700 544 1723 cum
567 1688 705 1723 Aldina.
729 1690 769 1724 et
792 1688 1008 1724 Baehrente
1032 1689 1142 1723 simul
1165 1690 1323 1723 mutata-
1336 1687 1648 1733 interpunctione.

307 1747 388 1782 549.
423 1748 502 1789 fixa
518 1747 759 1793 participium
776 1759 861 1782 cum
878 1747 1007 1783 dativo
1025 1748 1263 1783 coniunctum
1279 1749 1323 1782 ut
1335 1746 1431 1782 Stat.
1453 1747 1535 1783 silv,
1552 1747 1581 1787 I,
1600 1747 1633 1788 2,
1650 1746 1699 1782 58

215 1817 277 1842 nec
299 1807 399 1842 cordi
421 1807 498 1850 fixa
520 1808 700 1849 volunta&
740 1807 888 1852 saepius
913 1807 966 1842 sic
989 1808 1160 1842 haerendi
1184 1808 1340 1843 verbum
1366 1806 1532 1842 construi
1556 1808 1696 1851 notum,

211 1865 443 1907 utII‚408;
474 1865 655 1907 m‚;486
689 1865 1288 1908 Ov.,met.,IV35;VHI1-14;
1321 1865 1696 1909 SilXVII,168al.

309 1937 389 1972 550.
438 1941 562 1972 naama
585 1937 681 1972 dona
705 1948 789 1972 cum
812 1936 933 1972 ironia
958 1937 1099 1972 dictum
1124 1937 1172 1972 de
1198 1937 1375 1972 caedibus
1411 1937 1570 1982 mutuis,
1608 1941 1698 1983 apte

215 1995 362 2032 confert
385 1996 558 2031 Heinsius
581 1995 696 2042 Verg.
720 1999 812 2032 Aen.
835 1993 881 2037 X.
907 1996 976 2031 881
1002 2007 1077 2041 seq.
1105 1996 1232 2040 desim,
1269 2007 1354 2031 nam
1378 1997 1478 2032 venio
1502 1997 1697 2032 moritum

214 2058 250 2090 et
271 2055 359 2091 haec
381 2055 447 2090 tibi
464 2059 573 2100 porto
598 2055 709 2090 Dona
727 2056 846 2100 prius.

307 2125 388 2162 551.
436 2125 687 2160 Effunduntur
718 2126 835 2162 classe
861 2137 945 2161 cnm
974 2126 1156 2161 militibus
1182 2126 1294 2162 duces
1321 2126 1559 2171 Graecorum,
1590 2127 1697 2172 proci

213 2185 401 2230 quondam
424 2185 610 2226 Helenae,
651 2185 714 2230 qui
738 2185 879 2220 bellum
902 2185 1055 2227 ineunt;
1092 2197 1161 2232 pro
1193 2186 1264 2221 hac
1294 2186 1484 2222 sententia
1515 2186 1695 2221 audacter

213 2255 336 2290 neque
359 2244 556 2280 invenuste
582 2243 674 2280 dicit
698 2245 787 2279 bella
804 2255 997 2289 procorum
1022 2245 1132 2280 classe
1157 2245 1282 2287 effusa.

306 2314 388 2350 552.
438 2313 611 2360 Myoenae
647 2316 753 2351 sueta
790 2315 1020 2360 metonymia
1055 2316 1237 2361 scriptum
1270 2328 1340 2361 pro
1364 2316 1546 2351 militibus
1571 2316 1696 2361 Myce-

212 2373 399 2425 nensibus,
422 2375 467 2408 ut
490 2373 519 2414 L
538 2373 583 2409 19
608 2375 649 2410 et
671 2373 752 2417 ἾῙΠἼ
768 2374 839 2409 496
866 2374 1019 2409 Graecia
1042 2387 1111 2420 pro
1130 2374 1299 2421 Graecis;
1326 2377 1354 2420 I,
1379 2375 1447 2410 589
1469 2376 1559 2418 flens·
1584 2374 1695 2410 oeno-

212 2432 300 2474 tn‘oe
337 2431 494 2474 1V‚‚742
532 2435 571 2469 et
593 2432 637 2477 V,
662 2433 731 2468 501
766 2434 892 2476 furens
926 2434 1121 2480 Bebrycim
1158 2434 1229 2475 ΠΙ,
1261 2434 1307 2469 69
1343 2435 1520 2470 declinant
1561 2435 1695 2469 lumina

216 2491 362 2536 Thebae,
400 2491 486 2534 VIL·
506 2492 575 2527 237
611 2497 779 2537 soporato
803 2514 849 2520 —
875 2494 951 2529 luoo
982 2493 1005 2529 i.
1032 2505 1064 2529 e.
1096 2494 1259 2530 dracone
1295 2494 1358 2539 qui
1397 2496 1480 2529 erat
1516 2493 1554 2527 in
1591 2493 1693 2535 luco;

211 2549 323 2596 Verg.
347 2551 440 2587 Aen.
464 2551 566 2592 VIII.
592 2551 663 2586 705
686 2563 761 2597 seq.
810 2554 923 2588 omnis
952 2564 991 2588 eo
1022 2557 1154 2588 terrore
1183 2554 1368 2599 Aeyyptus
1398 2557 1430 2587 et
1462 2552 1547 2587 Indi
1572 2550 1699 2586 Omnis*

211 2609 342 2654 Arabe,
378 2621 497 2646 omme
530 2611 710 2646 vertebant
746 2615 845 2657 terqa
884 2612 1015 2647 Sabaei
1022 2626 1029 2653 ;
1074 2612 1140 2647 Ov.
1177 2614 1265 2647 met.
1304 2611 1407 2652 XIII,
1446 2611 1515 2645 246
1549 2611 1693 2655 perfida

217 2668 345 2711 fii-vicu
374 2669 581 2714 similiaque
605 2670 733 2705 multa.
