1890 3100
257 225 343 269 506
780 223 817 261 Ο.
843 224 1022 259 VALERI
1047 224 1221 260 FLACCI

362 357 426 382 me
457 343 600 395 potius,
630 344 765 396 recipe
793 344 969 395 ingratos
1000 349 1119 396 atque
1150 357 1254 382 exue
1284 350 1434 382 cantus.

363 410 450 461 quis
480 409 576 447 mihi
604 409 704 447 lucis
734 409 871 448 amor?
900 410 1066 461 patriam
1095 423 1165 447 cur
1193 409 1361 461 amplius
1391 415 1537 461 optem,

364 475 396 512 si
426 488 506 512 non
536 481 576 513 et
605 475 761 526 genitor
788 481 828 514 te
857 476 1023 527 primam
1052 474 1304 526 amplectitur
1331 475 1479 523 Aeson,

352 546 474 592 teque
503 546 572 578 tuo
600 540 720 592 longe
748 541 970 592 fulgentem
998 540 1151 579 vellere
1180 540 1359 591 gaudens
1735 545 1794 575 495

365 611 520 657 spectat
550 612 590 644 et
618 605 669 644 ad
697 607 843 657 primos
872 606 1066 657 procurrit
1095 605 1267 644 Graecia
1294 604 1464 644 fluctus?

360 671 515 723 respice
545 671 595 709 ad
623 672 696 710 has
724 685 846 710 voces
876 678 916 710 et
943 672 1033 719 iam,
1063 685 1214 722 precor,
1237 671 1379 718 adnue,
1411 671 1595 710 coniunx.

364 751 436 789 per
463 743 516 784 te,
549 751 652 789 quae
682 737 836 788 superis
866 737 1047 788 divisque
1076 738 1275 788 potentior
1302 737 1403 784 imis,

360 816 512 855 perque
540 803 653 850 haec,
684 803 807 853 virgo,
837 808 906 840 tuo
935 802 1145 841 redeuntia
1173 802 1304 841 sidera
1332 808 1431 840 nutu

362 874 482 920 atque
511 881 584 919 per
610 868 683 906 has
712 868 836 906 nostri
864 868 949 905 iuro
980 867 1213 906 discriminis
1242 868 1373 915 horas,
1738 865 1797 895 500

365 946 552 984 umquam
583 946 658 983 ego
689 933 720 970 si
749 933 890 980 meriti,
922 933 954 970 si
981 933 1109 970 noctis
1140 933 1212 970 sim
1240 933 1445 971 immemor
1471 932 1604 980 huius,

362 999 394 1036 si
422 1004 463 1036 te
494 1004 662 1049 sceptra,
694 997 866 1046 domum,
898 998 931 1035 si
958 1003 999 1036 te
1027 997 1193 1050 liquisse
1221 1005 1409 1049 parentes

363 1064 536 1102 senseris
567 1069 607 1102 et
634 1077 698 1102 me
727 1064 805 1101 iam
833 1077 914 1102 non
942 1064 1043 1102 haec
1071 1064 1265 1115 promissa
1293 1069 1483 1110 tuentem,

359 1136 443 1168 tum
472 1142 536 1168 me
564 1143 645 1168 non
673 1135 807 1167 tauros
837 1129 947 1168 iuvet
977 1130 1154 1168 evasisse
1183 1129 1370 1181 ferosque

359 1195 595 1246 terrigenas,
625 1200 710 1233 tum
737 1208 801 1233 me
830 1195 945 1233 tectis
974 1200 1044 1232 tua
1071 1194 1205 1233 turbet
1232 1195 1273 1232 in
1301 1195 1397 1246 ipsis
1737 1198 1796 1228 505

360 1260 519 1298 flamma
545 1266 721 1312 tuaeque
751 1265 875 1308 artes3
905 1259 1038 1298 nullus
1067 1273 1298 1298 succurrere
1319 1265 1455 1298 contra

361 1326 518 1377 ingrato
549 1331 670 1377 queat
699 1331 749 1373 et,
782 1324 912 1377 siquid
939 1331 983 1363 tu
1013 1325 1182 1373 saevius,
1212 1325 1298 1363 istis

360 1391 508 1430 adicias
536 1404 681 1443 meque
709 1391 751 1428 in
779 1390 910 1429 medio
938 1396 1089 1429 terrore
1117 1390 1345 1443 relinquas'.

349 1509 430 1545 492.
482 1520 568 1544 exue
592 1513 718 1544 cantus
744 1509 972 1544 contrarium
1009 1510 1066 1544 est
1104 1509 1148 1548 ei.
1180 1509 1279 1554 quod
1304 1520 1416 1554 supra
1441 1508 1582 1544 dictum
1607 1521 1641 1544 v.
1668 1507 1742 1543 463

252 1571 413 1606 carmina
437 1569 517 1614 figit
535 1579 604 1613 per
628 1573 738 1604 artus.

347 1629 428 1664 496.
473 1630 675 1673 procumbit
699 1628 795 1669 vat„
816 1629 1002 1672 procurrit
1025 1628 1214 1671 Heinsius;
1253 1627 1320 1664 cfr.
1345 1628 1394 1670 II,
1421 1627 1501 1664 638.

351 1688 504 1724 Graecia
528 1699 596 1734 pro
622 1687 751 1724 incolis
770 1687 882 1730 dicta,
901 1687 968 1724 cfr.
987 1687 1035 1723 ad
1051 1687 1080 1730 Ι,
1108 1687 1192 1730 552;
1220 1689 1334 1733 auget
1350 1698 1430 1724 rem
1446 1687 1558 1723 Iason
1576 1686 1742 1723 Graecos

251 1759 321 1794 pro
347 1747 480 1793 Minyis
506 1747 743 1785 nominando.

347 1806 427 1842 499.
477 1810 537 1842 tuo
562 1806 748 1841 redeuntia
771 1806 890 1842 sidera
914 1810 1004 1841 nutu
1042 1818 1116 1842 nou
1153 1806 1380 1852 interpretor
1417 1807 1524 1851 ‘quae
1560 1816 1657 1841 nunc
1681 1816 1741 1842 re—

254 1867 371 1903 deunt
407 1868 473 1902 tuo
510 1865 624 1908 nutu'‚
665 1865 750 1910 quia
786 1866 874 1900 talis
900 1866 1057 1902 Medeae
1084 1866 1240 1901 actionis
1266 1866 1336 1901 hoc
1360 1866 1442 1901 loco
1467 1876 1515 1901 ne
1539 1864 1742 1910 vestigium

254 1926 405 1974 quidem
429 1925 624 1971 reperitur,
652 1925 716 1960 cfr.
745 1936 839 1970 quae
866 1925 910 1960 ad
931 1938 964 1962 v.
985 1925 1054 1960 456
1075 1925 1181 1975 dicta¹
1202 1926 1296 1966 sunt,
1324 1925 1391 1961 sed
1407 1925 1540 1961 Medea
1563 1924 1603 1960 in
1626 1924 1741 1969 longe

254 1985 329 2021 alia
353 1997 394 2021 re
419 1987 502 2021 tota
528 1986 585 2020 est
610 1986 807 2030 occupata3
861 1997 987 2020 verum
1023 1985 1062 2020 in
1087 1985 1300 2020 universum
1325 1984 1417 2020 dicit
1440 1984 1551 2020 Iason
1587 1984 1740 2020 solere

254 2045 377 2081 sidera
402 2046 496 2079 nutu
512 2044 668 2080 Medeae
694 2044 816 2080 redire
842 2055 962 2089 neque
988 2044 1166 2080 redeundi
1191 2044 1347 2080 verbum
1372 2044 1422 2079 ad
1439 2055 1585 2079 cursum
1601 2042 1739 2085 refero,

256 2105 322 2140 sed
348 2105 396 2139 ad
421 2104 667 2150 splendorem,
694 2103 759 2140 cfr.
788 2115 883 2150 quae
910 2104 956 2139 de
981 2104 1070 2139 luna
1095 2104 1267 2139 dicuntur
1283 2103 1346 2146 VI,
1371 2103 1453 2140 447.

351 2175 431 2209 erqo
456 2164 550 2206 Vat.‚
576 2165 675 2209 viryo
701 2164 890 2199 Maserius.

348 2223 429 2259 501.
477 2224 510 2258 si
534 2224 667 2258 meritis
691 2225 805 2259 noctis
826 2224 1005 2259 immemor
1020 2223 1117 2266 vat„
1143 2224 1175 2259 si
1199 2225 1314 2259 meriti
1337 2224 1370 2259 si
1393 2222 1506 2258 noctis
1522 2221 1735 2263 Baehrens;

251 2283 318 2319 sim
342 2283 521 2318 immemor
546 2294 626 2326 ego.

347 2342 427 2378 502.
476 2343 509 2376 si
533 2345 566 2376 te
590 2363 634 2367 —
661 2342 803 2386 liquisse
821 2346 990 2386 parentes
1007 2354 1055 2378 sc.
1082 2342 1151 2377 sim
1175 2342 1378 2378 immemor.

348 2402 425 2437 503.
476 2411 552 2436 mea
584 2421 627 2426 --
659 2401 831 2436 videntem
857 2401 952 2439 Vat..
991 2413 1043 2436 me
1069 2425 1112 2430 --
1139 2406 1288 2437 tuentem
1315 2402 1500 2446 Heinsius;
1540 2407 1614 2439 tum
1638 2404 1736 2448 Vat„

251 2463 325 2498 iam
352 2473 431 2507 ego.

347 2520 427 2557 505.
453 2520 594 2556 Inscius
611 2520 721 2555 Iason
747 2519 826 2565 ipse
853 2519 973 2554 diram
998 2520 1187 2556 fortunam
1212 2520 1283 2556 sibi
1307 2520 1549 2560 vaticinatur:
1577 2523 1740 2568 apparet

253 2580 361 2626 tangi
388 2580 548 2616 Creusae
572 2580 732 2615 mortem
758 2579 911 2614 caedem
936 2590 1135 2624 puerorum
1160 2579 1288 2625 fugam
1314 2580 1480 2617 Medeae.

348 2640 428 2676 507.
478 2641 511 2675 si
535 2639 622 2684 quid
645 2643 684 2674 tu
707 2639 847 2674 saevius
873 2650 919 2675 sc.
946 2638 1096 2680 habeas,
1125 2638 1189 2674 cfr.
1218 2639 1265 2674 ad
1290 2639 1318 2681 1,
1345 2639 1424 2675 489.

346 2701 436 2744 ipsis
461 2699 556 2738 Vat„
583 2698 662 2734 istis
688 2698 742 2733 ed.
770 2697 861 2735 Bon.
976 2697 979 2700 ’
