1890 3100
247 218 330 260 172
764 217 801 254 C.
826 217 1006 253 VALERI
1030 217 1203 254 FLAOCI

353 340 388 374 ‘0
416 337 551 376 miseri
579 337 817 389 quicumque
851 337 929 375 tuis
959 337 1198 375 accessimus
1228 337 1343 376 actis!

350 401 500 440 Phasin
529 408 569 441 et
595 402 755 441 Aeeten
784 402 1044 454 Scythicique
1072 402 1251 454 pericula
1277 403 1388 455 ponti

349 466 499 515 redde',
528 469 583 506 ait
612 467 846 507 ‘Aesonidet
875 481 939 506 me
967 473 1099 506 tecum
1129 468 1238 506 solus
1265 469 1307 506 in
1335 481 1484 520 aequor
1723 485 1778 515 380

349 545 482 571 rerum
509 533 630 571 traxit
658 547 778 580 amor,
816 532 909 571 dum
945 546 1036 584 spes
1064 533 1160 571 mihi
1189 534 1329 572 sistere
1358 539 1513 572 montes

352 596 540 649 Cyaneos
568 598 810 650 vigilemque
841 598 962 636 alium
992 597 1162 650 spoliare
1193 597 1415 637 draconem.

352 663 383 700 si
413 662 528 701 sedet
555 663 711 714 Aegaei
741 663 925 715 scopulos
954 663 1134 702 habitare
1162 663 1360 715 profundi,

350 727 427 765 hoc
455 741 612 766 mecum
640 728 835 767 Telamon
862 734 1030 780 peraget
1057 730 1198 767 meus.’
1250 729 1351 767 haec
1378 729 1447 767 ubi
1476 728 1592 777 dicta,

351 792 460 831 haud
488 806 605 831 secus
633 793 858 832 Aesonides
886 794 1044 831 monitis
1083 807 1275 832 accensus
1305 794 1458 842 amaris,
1724 803 1780 832 385

352 871 470 910 quam
497 857 669 896 bellator
698 871 836 910 equus,
870 858 993 909 longa
1027 872 1144 911 quem
1173 858 1317 910 frigida
1343 872 1443 911 pace

245 987 345 1022 clare
374 986 566 1033 exprimat,
599 988 713 1032 poeta
739 987 788 1022 ad
814 987 1020 1023 orationem
1046 987 1228 1023 directam
1251 988 1397 1031 transit,
1423 999 1543 1034 neque
1562 989 1620 1024 est
1635 999 1726 1024 vera

242 1045 500 1090 interrogatio,
526 1047 570 1081 ut
593 1046 704 1092 putat
728 1046 835 1082 Thilo
860 1047 978 1092 praef.
1003 1059 1043 1092 p.
1073 1046 1204 1088 XXIV,
1237 1047 1303 1082 sed
1332 1047 1519 1083 rhetorica
1550 1047 1722 1084 affectum

244 1104 358 1140 animi
383 1104 550 1140 Herculis
577 1105 797 1150 exprimens.
1221 1104 1225 1108 ’

338 1175 419 1211 379.
469 1176 629 1211 Phasine
653 1180 770 1211 tamen
795 1177 891 1218 Vae,
919 1177 1058 1212 Phasin
1083 1181 1114 1212 et
1139 1177 1272 1213 Aeeten
1297 1177 1354 1213 ed.
1380 1177 1463 1213 Ald.

337 1246 418 1282 381.
468 1246 551 1281 dum
575 1257 654 1292 spes
690 1247 778 1283 mihi
807 1248 928 1283 sistere
952 1251 1085 1283 montes
1112 1247 1284 1294 Gyaneos:
1322 1248 1421 1284 unde
1445 1248 1622 1284 Hercules
1653 1249 1722 1285 hoc

243 1305 434 1351 comperit,
474 1305 556 1341 fore
592 1307 635 1340 ut
670 1307 815 1342 montes
843 1306 981 1351 Cyanei
1015 1307 1160 1343 immoti
1184 1308 1390 1348 manerent,
1428 1307 1458 1342 si
1482 1307 1722 1353 Argonautae

241 1377 306 1411 per
333 1377 394 1401 eos
420 1365 686 1410 navigassent?
738 1364 878 1402 Ceteris
905 1367 1006 1402 certe
1031 1366 1138 1402 sociis
1163 1367 1232 1402 hoc
1257 1366 1427 1411 ignotum
1452 1366 1534 1408 fuit,
1560 1366 1633 1403 vid.
1659 1362 1722 1409 I'V,

242 1424 327 1467 708;
353 1424 458 1468 VIII,
487 1424 566 1469 195,
593 1435 817 1470 quamquam
841 1425 880 1460 id
906 1424 985 1461 fore
1011 1425 1188 1470 suspicari
1214 1425 1450 1470 aliquomodo
1475 1426 1653 1471 poterant
1679 1437 1723 1462 ex

241 1483 367 1519 verbis
394 1484 525 1520 Phinei
549 1483 610 1525 IV,
636 1483 705 1518 582
731 1495 830 1529 seqq.

336 1555 416 1591 383.
465 1555 577 1602 sedet3
604 1554 670 1590 cfr.
697 1555 745 1590 ad
769 1555 796 1599 Ι,
823 1555 902 1591 555.

335 1626 414 1662 384.
465 1626 615 1661 Dureau
640 1627 728 1671 apte
754 1625 817 1661 cft.
844 1626 949 1662 Hom.
976 1626 1020 1664 Il.
1045 1627 1108 1669 IX,
1127 1627 1173 1662 46
1196 1638 1282 1672 seq„
1308 1627 1372 1663 ubi
1388 1627 1586 1664 Diomedes
1602 1627 1724 1673 ipsum

242 1696 325 1720 cum
366 1684 544 1721 Sthenelo
586 1685 727 1721 bellum
769 1685 1002 1721 confecturos
1043 1686 1215 1728 minatur,
1259 1686 1404 1722 etiamsi
1443 1697 1569 1722 omnes
1607 1686 1723 1723 ceteri

246 1744 385 1780 Achaei
411 1744 560 1780 domum
584 1744 793 1780 rediissent.

335 1814 414 1850 385.
464 1815 608 1851 monitis
633 1826 799 1851 accensus
823 1815 973 1858 amaris;
1001 1815 1067 1850 cfr.
1093 1815 1203 1861 Verg.
1230 1816 1320 1852 Aen.
1347 1816 1407 1858 IV,
1434 1816 1519 1859 2033
1554 1817 1600 1859 X,
1637 1816 1720 1852 368.

335 1885 405 1920 386
430 1896 507 1930 seq.
532 1885 657 1922 Verba
691 1886 892 1922 admodum
924 1886 1097 1929 obscura;
1136 1887 1236 1923 certe
1263 1887 1429 1932 cogitare
1454 1899 1529 1923 non
1553 1887 1642 1923 licet
1672 1887 1719 1923 de

242 1944 572 1980 exercitationibus
599 1945 693 1990 equi;
719 1956 806 1980 nam
833 1945 980 1981 frenum
1006 1957 1089 1982 eum
1114 1958 1189 1982 non
1214 1945 1352 1982 sentire
1383 1957 1502 1992 neque
1534 1946 1722 1982 dominum

243 2004 374 2049 aperte
400 2003 573 2040 docemur
597 2016 630 2039 v.
658 2004 744 2047 388;
772 2004 819 2040 de
843 2005 989 2050 pascuis
1014 2005 1129 2050 igitur
1158 2006 1273 2051 poeta
1306 2005 1430 2042 dicere
1467 2005 1625 2047 videtur,
1657 2005 1722 2040 ubi

242 2073 356 2107 equus
380 2062 435 2097 ita
461 2063 509 2098 ad
535 2064 707 2099 arborem
731 2063 792 2099 vel
815 2064 943 2109 palum
969 2064 1143 2110 alligatus
1170 2066 1236 2107 est,
1262 2066 1305 2100 ut
1331 2066 1486 2110 cogatur
1510 2064 1549 2100 in
1573 2065 1721 2100 laevum

241 2121 370 2157 orbem
393 2121 458 2157 ire.
509 2121 584 2158 Sed
609 2122 834 2158 adiectivum
860 2123 983 2165 brevis,
1009 2123 1107 2169 quod
1137 2123 1274 2169 legitur
1307 2123 1346 2159 in
1381 2123 1466 2160 Vat.
1500 2124 1586 2170 post
1621 2124 1721 2159 iuvat

239 2180 279 2215 in
302 2192 337 2215 v.
363 2179 442 2222 387,
470 2191 600 2216 sanum
624 2193 699 2217 non
725 2182 791 2223 est,
819 2193 902 2217 cum
926 2194 1045 2227 neque
1083 2182 1133 2218 ad
1168 2183 1317 2224 terram,
1358 2182 1459 2218 cuius
1497 2182 1720 2218 attributum

242 2240 299 2275 est
320 2239 458 2284 friyida
482 2239 520 2285 (i.
548 2251 576 2275 e.
606 2240 831 2283 effeminata,
857 2241 1050 2289 languida)
1077 2253 1195 2287 neque
1223 2242 1271 2277 ad
1297 2253 1430 2288 equum
1453 2241 1584 2287 ipsum,
1619 2241 1720 2277 cuius

243 2298 467 2334 attributum
493 2300 550 2334 est
566 2301 680 2345 φέρεν,
707 2300 798 2335 satis
821 2300 918 2336 bene
942 2300 1075 2336 referri
1099 2301 1232 2347 possit;
1259 2301 1389 2347 scripsi
1412 2301 1509 2336 resti.

337 2369 482 2404 bellator
506 2380 613 2414 equus
636 2370 824 2406 invenitur
850 2371 964 2407 etiam
988 2371 1097 2417 Verg.
1125 2383 1250 2417 georg.
1277 2371 1325 2414 Π,
1353 2371 1438 2417 145;
1468 2371 1559 2410 Aen.
1577 2371 1620 2413 X,
1638 2371 1718 2415 891;

243 2425 309 2470 XI,
328 2427 374 2463 89
382 2441 390 2470 ;
418 2427 522 2464 Ovid.
548 2429 637 2465 met.
663 2429 739 2471 XV,
766 2429 855 2477 3683
882 2430 966 2466 fast.
992 2430 1039 2473 Π,
1059 2431 1120 2474 12;
1148 2430 1210 2466 Sil.
1227 2430 1307 2473 VII,
1335 2430 1396 2473 68;
1418 2430 1589 2475 friqidam
1606 2430 1720 2476 longa

241 2497 336 2532 pace
360 2487 503 2522 terram
528 2487 663 2523 dixisse
688 2488 858 2523 Valerius
883 2489 1032 2525 videtur
1064 2501 1108 2525 ex
1145 2489 1354 2525 imitatione
1383 2488 1494 2534 Verg.
1525 2490 1617 2525 Aen.
1655 2488 1717 2531 XI,

244 2544 315 2580 338
337 2545 474 2591 friyida
497 2546 582 2581 bello
608 2546 750 2581 deaetera
772 2547 795 2584 i.
821 2558 850 2582 e.
877 2559 951 2582 non
977 2547 1132 2593 agitata,
1160 2548 1338 2590 exercita;
1365 2547 1534 2583 similiter
1556 2547 1638 2584 Val.
1654 2547 1717 2590 IV,

243 2604 314 2639 214
350 2605 503 2640 humum
538 2605 711 2651 frigidam
752 2605 854 2648 dixit,
905 2617 998 2651 quae
1040 2608 1165 2642 aratro
1210 2607 1248 2643 et
1284 2606 1423 2642 semine
1470 2606 1614 2642 intacta
1656 2606 1718 2641 diu

242 2663 392 2700 mansit.
