1890 3100
232 240 318 283 442
758 242 795 278 c.
823 243 1004 279 VALERI
1030 244 1203 280 FLACCI

340 372 477 397 currus
507 359 633 399 caede
661 361 827 400 madens
858 369 1023 415 atroque
1052 364 1093 401 in
1121 364 1288 416 pulvere
1317 380 1457 418 regum
1723 392 1777 422 415

339 424 496 463 viscera
523 439 629 464 nunc
659 426 759 475 aliis,
790 428 876 466 aliis
906 442 1011 467 nunc
1041 430 1222 468 curribus
1251 431 1430 470 haerent.

338 493 362 536 †
391 490 489 528 haut
507 504 677 543 usquam
701 492 942 532 Colchorum
963 495 1100 533 animi:
1130 509 1262 548 neque
1282 497 1323 534 in
1341 503 1458 549 peste
1477 499 1678 539 revinctos
1697 505 1722 549 †

337 555 431 603 tela,
463 561 525 594 set
553 557 765 609 implicitos
794 559 1021 612 miseraque
1050 560 1091 598 in
1118 567 1234 612 peste
1263 563 1463 602 revinctos

339 620 572 659 confodiunt
600 636 647 660 ac
674 623 800 662 forma
828 625 938 662 necis
967 639 1048 663 non
1077 625 1204 665 altera
1234 628 1371 679 surgit,

338 700 456 738 quam
486 701 626 726 cervos
655 689 724 727 ubi
753 703 832 727 non
863 690 1013 729 Umbro
1042 698 1211 730 venator
1240 692 1364 742 edaci,
1721 711 1776 741 420

336 765 417 790 non
446 753 568 804 pinna
595 755 708 805 petit,
738 755 953 794 haerentes
985 756 1056 795 sed
1085 757 1270 796 cornibus
1301 759 1392 798 altis

336 817 492 856 invenit
520 824 560 857 et
590 831 711 858 caeca
739 821 974 859 constrictos
1005 823 1153 874 excipit
1180 823 1250 861 ira.

335 882 422 934 ipse
451 884 681 923 recollectis
712 885 844 924 audax
872 887 1134 926 Ariasmenus
1164 890 1282 927 armis

227 1000 342 1034 quare
379 1001 426 1025 ne
456 990 557 1033 ferra
582 990 743 1036 quidem,
783 992 883 1038 quod
908 993 1057 1038 scripsit
1082 994 1283 1037 Baehrens,
1317 1008 1446 1032 verum
1473 1009 1553 1034 esse
1577 1000 1715 1044 potest.

227 1047 326 1082 Dum
351 1049 482 1084 melius
520 1050 609 1094 quid
634 1052 825 1096 repertum
862 1051 943 1094 erit,
981 1052 1133 1088 interim
1157 1054 1318 1091 maxime
1343 1057 1540 1101 probanda
1565 1058 1716 1094 videtur

226 1107 370 1143 Heinsii
392 1109 607 1145 coniectura
631 1115 720 1146 temo
744 1115 848 1153 secat,
877 1123 988 1157 quam
1013 1113 1147 1159 recepi.

323 1169 547 1214 trahiturque
596 1171 788 1215 trahitque3
832 1171 905 1206 vid.
957 1171 1039 1213 VII,
1081 1172 1166 1215 594;
1210 1174 1347 1210 similes
1390 1174 1533 1211 formae
1574 1176 1723 1222 saepius

227 1226 414 1274 leguntur,
443 1229 548 1264 velut
572 1229 684 1275 Verg.
697 1230 790 1266 Aen.
808 1231 871 1273 IV,
897 1231 984 1274 438;
1010 1232 1051 1273 V,
1080 1232 1173 1276 709;
1201 1233 1283 1274 XII,
1313 1234 1398 1282 7533
1424 1235 1495 1270 866
1503 1249 1510 1278 ;
1540 1235 1605 1271 Ov.
1631 1237 1722 1273 met.

225 1285 275 1327 II,
302 1287 388 1329 409;
415 1288 520 1330 VIII,
549 1289 636 1332 163;
663 1289 748 1332 836;
777 1290 856 1326 Tib.
884 1291 933 1333 II,
961 1291 993 1337 6,
1019 1292 1065 1326 46
1092 1292 1138 1327 al.

321 1346 403 1385 415.
452 1359 550 1393 reyes
575 1350 662 1384 sunt
687 1349 867 1385 sociorum
896 1351 1034 1387 Persae
1061 1352 1186 1388 duces.

321 1406 401 1441 417.
452 1407 588 1443 Versus
614 1420 689 1444 non
714 1409 834 1444 solum
859 1410 897 1444 in
922 1410 1006 1451 fine,
1045 1412 1112 1446 sed
1139 1412 1253 1447 etiam
1278 1412 1316 1447 in
1342 1413 1449 1449 initio
1492 1415 1572 1449 tam
1609 1415 1719 1452 foede

227 1467 431 1511 corruptus,
459 1468 502 1502 ut
527 1469 648 1502 sanari
674 1480 747 1504 non
774 1469 899 1514 possit.

321 1525 403 1561 419.
452 1527 571 1569 forma
596 1529 691 1564 necis
715 1550 763 1554 —
786 1531 912 1574 suryit,
947 1529 970 1566 i.
997 1541 1028 1566 e.
1055 1530 1211 1572 exsistit,
1239 1531 1371 1579 oritur;
1410 1532 1496 1569 vide
1523 1534 1571 1568 ad
1595 1534 1637 1574 V,
1665 1534 1721 1570 39.

320 1584 401 1620 420.
458 1586 584 1622 Umbro
611 1608 654 1613 —
683 1588 791 1629 edaci,
835 1588 918 1624 cani
943 1589 1117 1625 venatico
1145 1601 1189 1625 ex
1214 1590 1379 1633 Umbria,
1418 1593 1461 1627 ut
1492 1592 1602 1638 Verg.
1629 1593 1721 1631 Aen.

226 1643 308 1686 XII,
337 1644 422 1689 753;
448 1645 580 1681 Umbri
604 1647 765 1683 maxime
791 1659 945 1693 sagaces
972 1651 1079 1684 erant
1103 1649 1141 1684 in
1167 1649 1256 1685 feris
1280 1650 1567 1697 investigandis:
1600 1652 1722 1689 Gratt.

227 1715 357 1749 cyneg.
385 1705 471 1747 171;
499 1705 560 1742 Sil.
587 1707 656 1752 ΙΙΙ,
683 1707 771 1749 295;
799 1707 881 1743 8011.
907 1707 1059 1754 Thyest.
1073 1709 1152 1744 497.

321 1764 402 1803 421.
446 1766 602 1809 pinnam
626 1768 730 1803 recte
756 1767 946 1813 intellegit
970 1768 1139 1814 Wagner
1165 1770 1292 1806 dolum
1316 1771 1431 1812 illum,
1459 1782 1572 1818 quam
1597 1771 1723 1807 formi-

230 1822 356 1859 dinem
382 1824 524 1860 dictam
550 1837 629 1861 esse
654 1826 814 1861 tradidit
842 1826 925 1863 Sen.
959 1827 1005 1863 de
1050 1828 1106 1863 ira
1148 1828 1196 1871 II,
1240 1830 1304 1864 12:
1347 1851 1392 1856 —-
1433 1841 1512 1866 cum
1551 1832 1724 1868 maximos

224 1882 388 1925 ferarum
411 1895 534 1930 yreyes
559 1886 654 1920 linea
672 1888 806 1930 permis
831 1887 1001 1922 distincta
1026 1889 1204 1923 contineat
1229 1893 1262 1924 et
1286 1890 1326 1924 in
1349 1890 1502 1926 insidias
1539 1894 1641 1936 aqut.-
1678 1891 1723 1927 ab

224 1942 307 1986 ipso
333 1943 457 1986 effectu
482 1934 578 1980 dicta
593 1945 763 1988 formido;
792 1945 858 1982 cfr.
875 1948 1076 1992 praeterea
1093 1947 1242 1985 Nemes.
1264 1960 1393 1994 cyneg.
1412 1949 1482 1984 303
1498 1961 1615 1996 seqq.;
1639 1951 1723 1985 tum

226 2003 336 2049 Verg.
364 2015 493 2049 georg.
519 2004 588 2047 ΠΙ,
615 2005 701 2048 372;
740 2006 831 2041 Aen.
859 2006 942 2047 XII,
972 2007 1055 2048 750;
1090 2007 1156 2045 Ov.
1186 2019 1277 2044 rem.
1304 2008 1389 2051 203;
1415 2014 1504 2045 met.
1530 2009 1608 2055 XV,
1634 2009 1720 2052 4753

230 2062 316 2100 fast.
342 2063 385 2109 V,
414 2064 498 2107 173;
524 2064 611 2100 Luc.
637 2065 700 2107 IV,
727 2065 812 2108 437;
841 2064 925 2102 Sen.
951 2066 1108 2102 Phaedr.
1135 2067 1182 2101 46
1209 2078 1331 2114 seqq.;
1359 2067 1482 2105 Gratt.
1508 2080 1638 2114 cyneg.
1664 2068 1719 2104 75.

322 2123 508 2159 haerentes
532 2125 698 2160 cornibus
722 2125 807 2160 altis
832 2136 960 2161 cervos
986 2137 1061 2161 non
1079 2126 1152 2161 dici
1169 2126 1381 2172 implicatos
1403 2127 1517 2163 ramis
1535 2128 1721 2172 arborum,

227 2182 271 2216 ut
294 2182 444 2227 putavit
468 2183 670 2225 Burmann,
714 2184 918 2219 ostendunt
953 2185 1071 2220 verba
1113 2197 1208 2232 quae
1251 2187 1456 2233 sequuntur
1497 2198 1600 2222 caeca
1640 2198 1720 2223 con-

226 2241 368 2276 strictos
384 2242 450 2283 ira,
479 2242 545 2278 sed
570 2242 752 2288 cogitavit
775 2244 899 2288 poeta,
928 2245 968 2278 ut
992 2244 1088 2279 vidit
1112 2245 1291 2290 Wagner,
1330 2246 1377 2281 de
1403 2246 1522 2281 cervis
1564 2246 1721 2283 libidine

227 2301 493 2343 aestuantibus,
521 2302 585 2348 qui
602 2313 686 2337 cum
703 2303 750 2338 de
769 2302 916 2338 feminis
937 2303 1187 2343 decertarent,
1214 2316 1254 2340 se
1273 2305 1444 2340 cornibus
1462 2305 1719 2351 implicarunt;

232 2371 345 2395 caeca
371 2362 499 2396 autem
522 2361 579 2396 ira
603 2361 751 2397 incitati
775 2362 846 2408 ipsi
870 2362 908 2397 in
932 2363 1136 2408 perniciem
1162 2369 1283 2399 ruunt.

270 2440 272 2442 v
321 2420 450 2464 accipit
474 2420 570 2462 Vat.,
597 2422 728 2465 mpii
751 2422 856 2466 Pius;
898 2424 956 2458 est
981 2423 1072 2458 artis
1097 2423 1315 2459 venatoriae
1340 2424 1573 2465 vocabulum,
1615 2424 1721 2460 velut

227 2478 378 2521 Quintil.
402 2479 519 2514 instit.
548 2481 641 2516 orat.
660 2481 723 2522 IV,
751 2481 783 2523 2,
812 2481 865 2516 17.

321 2538 403 2574 423.
454 2537 648 2574 Sententia
674 2540 766 2576 haec
791 2541 941 2576 videtur
968 2553 1069 2577 esse:
1096 2553 1209 2583 arma,
1236 2553 1331 2589 quae
1356 2542 1395 2577 in
1421 2553 1530 2577 curru
1554 2543 1719 2588 reposita

227 2597 488 2643 inexspectato
513 2599 677 2634 tumultu
704 2601 833 2635 exorto
859 2613 934 2636 non
958 2601 1034 2635 iam
1060 2602 1149 2637 sede
1175 2613 1242 2636 sua
1265 2601 1452 2644 iacebant,
1478 2601 1717 2638 Ariasmenus

228 2657 276 2692 ad
301 2657 547 2703 pugnandum
563 2658 760 2704 recolligit,
787 2659 853 2694 sed
879 2659 927 2704 de
945 2671 1053 2699 curru
1079 2660 1253 2696 desiliens
1271 2661 1418 2696 secatur
1436 2660 1602 2703 falcibus,
1622 2672 1719 2706 quae

226 2716 265 2751 in
290 2717 381 2753 rotis
401 2719 510 2754 erant
534 2718 591 2753 sui
617 2718 848 2765 aliorumque
880 2730 1062 2761 curruum,
1080 2722 1282 2765 partesque
1309 2720 1460 2757 dissecti
1490 2720 1652 2766 corporis
1677 2720 1716 2756 in
