1890 3100
255 255 339 298 138
780 250 817 287 c.
841 251 1022 286 VALERI
1047 250 1221 286 FLACOI

359 372 547 410 Phoebus
577 371 715 410 Athon
742 370 975 423 mediasque
1005 370 1109 409 diem
1139 369 1326 422 dispersit
1353 370 1394 407 in
1421 368 1564 408 undas.

361 438 541 485 certatim
568 437 688 476 remis
719 437 848 488 agitur
875 449 985 474 mare
1014 441 1222 487 rostraque
1253 448 1369 473 cursu

360 504 487 554 prima
513 507 705 551 tremuntq
737 507 777 541 et
803 502 881 540 iam
912 501 1072 540 summis
1102 500 1300 539 Vulcania
1328 500 1455 550 surgit

358 569 532 607 Lemnos
562 568 687 620 aquis,
717 567 789 605 tibi
817 580 889 618 per
916 567 1046 605 varios
1077 564 1223 604 defleta
1249 565 1421 612 labores,

358 634 604 685 ignipotens3
634 646 710 671 nec
738 638 779 671 te
807 632 918 670 furiis
950 637 989 670 et
1018 631 1180 670 crimine
1210 636 1379 669 matrum

253 764 421 809 accendit,
449 763 515 798 cfr.
543 763 592 798 ad
616 762 658 804 V,
686 762 771 805 3703
796 762 907 808 primi
932 761 1029 797 radii
1055 761 1153 805 solis,
1171 762 1315 806 primus
1339 760 1514 802 Phoebus,
1548 759 1740 794 illustrant

255 834 434 859 cacumen
459 822 628 863 Athonis,
655 823 736 856 tum
762 821 877 857 etiam
901 821 1026 856 undae
1050 821 1298 855 illustrantur.

351 883 407 918 77.
455 883 561 917 remis
586 882 707 927 ayitur
732 892 843 916 mare:
871 881 958 916 Luc.
984 880 1049 920 IX,
1076 879 1156 915 319.

351 942 407 977 79.
458 941 558 977 Nota
585 952 629 976 ex
654 941 816 976 Homero
842 939 972 974 fabula
999 939 1046 974 de
1070 939 1238 974 Vulcano
1263 939 1303 974 in
1327 939 1508 974 Lemnum
1533 937 1693 972 insulam
1719 948 1742 972 a

252 1001 342 1038 Iove
369 1001 516 1037 deiecto
541 1000 583 1035 Il.
611 1000 638 1041 Ι,
667 999 736 1034 590
762 1011 874 1044 seqq.;
901 998 968 1034 cfr.
994 998 1070 1039 XV,
1098 998 1143 1033 18
1169 1009 1270 1043 seqq.
1295 998 1500 1043 Perperam
1515 996 1742 1042 interpretes

251 1062 407 1107 propter
442 1060 562 1094 varios
600 1059 735 1094 labores
774 1058 944 1103 cogitant
981 1057 1028 1093 de
1052 1056 1221 1092 Vulcano
1259 1057 1315 1092 bis
1348 1068 1393 1092 ex
1436 1056 1540 1091 caelo
1579 1055 1742 1103 deiect03

253 1132 341 1155 nam
369 1131 453 1154 cum
477 1119 571 1154 Iuno
599 1129 682 1154 eum
706 1118 818 1153 modo
844 1118 976 1152 natum
1002 1117 1049 1152 de
1075 1116 1179 1152 caelo
1212 1115 1388 1161 deiceret,
1419 1127 1494 1151 non
1527 1115 1669 1151 decidit
1704 1114 1744 1149 in

253 1180 444 1220 Lemnum,
471 1178 538 1213 sed
561 1177 600 1212 in
625 1188 740 1219 mare,
766 1176 840 1212 vid.
867 1176 909 1211 Il.
935 1175 1070 1217 XVIII,
1097 1174 1166 1210 394
1193 1186 1294 1220 seqq.
1311 1174 1414 1210 Varii
1430 1175 1580 1210 labores
1596 1173 1744 1210 intelle-

254 1237 367 1284 gendi
394 1238 433 1273 et
456 1237 572 1282 ipsius
596 1236 755 1271 Vulcani
779 1235 930 1271 miseria
963 1236 1002 1271 et
1037 1235 1094 1270 ira
1130 1234 1285 1270 Veneris
1324 1234 1531 1279 caedesque
1569 1233 1744 1274 virorum,

254 1309 366 1343 quam
389 1298 505 1342 poeta
529 1296 605 1331 iam
633 1296 872 1332 enarraturus
899 1296 965 1330 est.
991 1294 1115 1339 Atque
1142 1294 1189 1329 de
1212 1305 1260 1330 ea
1285 1305 1325 1329 re
1350 1293 1469 1328 multo
1494 1292 1608 1328 fusius
1635 1303 1745 1338 expo-

253 1357 325 1399 nit,
353 1367 465 1401 quam
489 1355 715 1401 Apollonius,
743 1354 805 1399 qui
831 1365 914 1390 eam
938 1353 1073 1399 viginti
1099 1354 1277 1398 quattuor
1301 1352 1472 1388 versibus
1502 1352 1531 1394 Ι,
1558 1351 1745 1387 609-632

253 1416 420 1452 breviter
462 1414 754 1460 comprehendit.
807 1413 879 1449 Sed
920 1413 1070 1448 maioris
1113 1413 1170 1448 est
1210 1412 1408 1454 momenti,
1451 1412 1551 1457 quod
1574 1410 1745 1446 Valerius

253 1487 403 1522 prorsus
430 1474 539 1520 culpa
575 1474 754 1509 vacantes
788 1473 941 1508 maritos
980 1471 1167 1514 describit,
1207 1473 1250 1506 ut
1287 1471 1422 1507 caedes
1459 1470 1563 1505 nulla
1586 1469 1747 1514 {ratione

256 1534 468 1571 excusanda
494 1534 532 1569 et
556 1533 718 1568 maxime
748 1531 971 1567 miserabilis
1009 1531 1058 1566 sit
1097 1532 1135 1566 et
1172 1532 1263 1576 apta
1298 1531 1347 1565 ad
1373 1530 1515 1565 animos
1540 1529 1748 1575 legentium

256 1593 552 1634 commovendos,
578 1592 656 1638 {cfn
683 1591 814 1627 Meieri
847 1592 991 1636 quaest.
1016 1593 1153 1636 Argon.
1194 1603 1231 1635 p.
1269 1589 1324 1625 38.
1354 1589 1493 1625 Contra
1528 1588 1747 1634 Apollonius

256 1664 410 1699 gravem
431 1652 579 1697 culpam
598 1650 758 1686 tradidit
773 1650 938 1686 virorum
950 1650 1125 1686 mulieres
1146 1660 1230 1684 suas
1250 1648 1526 1694 repudiantium
1544 1648 1747 1693 captasque

254 1712 399 1759 puellas
434 1710 641 1746 amantium
673 1709 754 1756 (cfr.
781 1710 877 1755 Hyg.
909 1709 986 1745 fab.
1014 1709 1060 1744 15
1085 1710 1124 1744 et
1149 1708 1262 1745 schol.
1288 1707 1331 1744 Il.
1357 1707 1445 1750 VII,
1471 1707 1565 1749 468),
1601 1717 1674 1752 qua
1706 1717 1748 1742 re

256 1770 435 1807 horribile
461 1769 604 1805 facinus
629 1769 826 1804 mulierum
852 1768 1088 1813 aliquomodo
1116 1767 1373 1809 excusaretur3
1401 1766 1468 1803 cfr.
1493 1766 1522 1808 Ι,
1541 1765 1611 1801 804
1636 1776 1748 1810 seqq„

256 1831 322 1866 ubi
345 1829 550 1875 Hypsipyle
575 1828 701 1863 multis
726 1828 851 1864 verbis
877 1827 1002 1863 Iasoni
1029 1827 1176 1872 culpam
1201 1826 1366 1862 virorum
1392 1825 1554 1871 exponit.
1579 1824 1613 1859 A
1636 1824 1750 1869 longe

255 1889 423 1936 plurimis
455 1887 697 1934 scriptoribus
723 1887 832 1933 culpa
858 1887 1008 1932 quidem
1032 1886 1120 1921 viris
1145 1886 1334 1927 tribuitur,
1361 1885 1428 1921 sed
1460 1884 1631 1920 elevatur
1654 1883 1750 1918 mira

256 1948 473 1984 narratione
505 1948 552 1983 de
578 1947 689 1983 foedo
714 1946 911 1982 mulierum
937 1946 1061 1987 odore,
1101 1938 1172 1990 quo
1210 1945 1279 1980 viri
1317 1944 1369 1980 eis
1405 1943 1596 1979 abstinere
1628 1943 1750 1979 coacti

257 2010 358 2044 sunt:
385 2008 572 2052 mythogr.
590 2006 675 2041 Vat.
694 2007 723 2048 I,
742 2006 828 2048 133;
855 2005 901 2047 ΙΙ,
930 2005 1015 2048 141;
1042 2005 1155 2040 schol.
1173 2005 1270 2041 Stat.
1295 2003 1412 2040 Theb.
1430 2003 1473 2047 V,
1491 2003 1552 2045 28;
1579 2002 1750 2048 Apollod.

256 2067 285 2110 Ι,
323 2067 355 2108 9,
396 2067 457 2109 17;
483 2066 596 2102 schol.
622 2066 726 2101 Pind.
755 2065 864 2110 Pyth.
890 2064 952 2106 IV,
979 2064 1041 2106 88;
1074 2064 1187 2100 schol.
1213 2063 1334 2109 Apoll.
1361 2062 1388 2105 Ι,
1421 2061 1510 2104 609;
1537 2061 1623 2104 615;
1649 2061 1751 2097 idem

259 2127 306 2162 de
331 2125 457 2161 Locris
484 2125 604 2161 Ozolis
628 2124 748 2160 tradit
779 2124 882 2160 Serv.
920 2124 970 2158 ad
994 2124 1085 2159 Aen.
1123 2122 1198 2169 ΙΙΙ,
1236 2122 1319 2158 399.
1358 2121 1551 2167 Scythicas
1576 2120 1750 2156 mulieres

257 2185 296 2220 in
334 2185 443 2231 culpa
479 2184 593 2220 fuisse
630 2184 818 2219 indicatur
855 2183 974 2219 Orest.
1012 2184 1109 2228 trag.
1147 2182 1218 2217 434
1256 2193 1356 2227 seqq.
1406 2181 1459 2216 Ex
1494 2179 1645 2215 Valerio
1683 2190 1751 2214 sua

257 2244 383 2279 hausit
408 2243 504 2280 Stat.
542 2243 659 2279 Theb.
694 2243 736 2285 V,
773 2242 948 2278 49-498.
982 2242 1034 2277 Eo
1073 2243 1199 2277 autem
1224 2241 1408 2278 Pindarus
1432 2239 1540 2285 Pyth.
1578 2238 1641 2280 IV,
1679 2238 1749 2272 447

259 2304 306 2338 ab
346 2303 515 2339 omnibus
542 2302 676 2338 ceteris
703 2302 888 2348 discessit,
920 2302 1019 2346 quod
1043 2301 1281 2346 Argonautas
1309 2311 1353 2336 ex
1380 2298 1524 2335 Colchis
1549 2297 1750 2334 redeuntes

258 2363 439 2398 Lemnum
476 2361 663 2407 appulisse
702 2361 808 2404 dicit;
848 2360 915 2398 cfr.
955 2360 1069 2396 etiam
1093 2359 1208 2396 schol.
1233 2359 1355 2405 Apoll.
1380 2358 1410 2401 I,
1437 2357 1507 2393 615
1532 2358 1571 2393 et
1594 2356 1749 2392 Theocr.

258 2420 362 2466 idyll.
403 2419 505 2462 XIII,
541 2420 597 2464 29,
640 2420 702 2465 qui
743 2420 980 2465 Argonautas
1021 2418 1164 2454 tertio
1207 2417 1267 2453 die
1309 2417 1358 2452 ad
1400 2407 1751 2461 Hellespontum

258 2479 474 2526 pervenisse
498 2479 626 2514 tradit.

354 2539 411 2575 80.
459 2538 579 2581 furiae
602 2539 673 2574 hoc
697 2538 780 2573 loco
805 2537 906 2573 idem
931 2537 1061 2572 valent
1086 2538 1198 2582 atque
1223 2536 1424 2571 vehemens
1450 2533 1566 2579 furor,
1591 2533 1748 2575 furores,

259 2599 303 2634 ut
326 2598 396 2640 111.
423 2597 511 2640 590;
538 2597 600 2639 IV,
627 2597 714 2639 235;
739 2596 801 2638 VI,
830 2597 873 2643 13
900 2595 986 2638 293;
1014 2596 1124 2641 Verg.
1150 2596 1242 2631 Aen.
1267 2593 1349 2641 VII,
1375 2593 1460 2636 392;
1488 2593 1553 2629 Ov.
1579 2593 1657 2628 her.
1684 2591 1746 2635 IV,

262 2658 325 2700 47;
353 2657 446 2692 Stat.
481 2656 597 2693 Theb.
629 2656 692 2698 VI,
723 2655 806 2697 488;
841 2654 902 2689 Sil.
935 2654 963 2696 Ι,
999 2655 1087 2697 146;
1120 2653 1237 2698 XVII,
1273 2653 1359 2695 236;
1394 2652 1528 2688 Auson.
1553 2651 1655 2697 idyll.
1685 2651 1745 2693 VI,

265 2716 330 2759 833
358 2717 489 2752 contra
513 2715 637 2751 Furor
663 2714 784 2750 dictus
808 2726 876 2759 pro
903 2714 1023 2749 Furia
1046 2713 1128 2750 Val.
1153 2713 1232 2754 VII,
1260 2711 1340 2748 510.
