1890 3100
603 198 990 237 ARGONAVTICON
1013 199 1160 234 LIBER
1184 199 1226 234 V.
1565 199 1652 243 353

276 321 404 373 prima
428 334 569 359 manus
597 319 695 358 belli
721 325 848 358 terras
878 317 1052 357 erudelis
1079 318 1122 355 in
1141 330 1292 358 omnes.

276 399 368 424 nam
395 386 504 437 prius
532 386 659 437 ignoti
686 398 805 437 quam
833 383 932 421 dura
959 383 1106 435 cubilia
1133 382 1228 420 ferri

278 456 466 490 emerent
494 463 695 502 ensesque
722 448 876 495 darent,
905 447 998 486 odia
1024 460 1147 498 aegra
1175 447 1261 486 sine
1290 447 1408 485 armis
1657 452 1710 480 145

277 516 465 555 errabant
490 516 656 567 iraeque
683 515 824 566 inopes
853 519 895 552 et
924 513 1059 564 segnis
1087 513 1251 563 Erinys.

274 580 368 619 inde
398 581 599 620 Genetaei
625 592 765 632 rupem
793 579 913 625 Iovis,
942 578 1035 616 hinc
1064 577 1310 616 Tibarenum

277 645 372 684 dant
401 645 549 691 virides
575 650 668 697 post
693 650 807 695 terga
834 644 959 690 lacus,
987 643 1058 681 ubi
1086 642 1226 681 deside
1254 643 1371 680 mitra

275 711 359 749 feta
386 711 486 762 ligat
512 715 709 762 partuque
735 710 865 747 virum
891 708 1005 747 fovet
1030 709 1119 760 ipsa
1147 708 1288 746 soluto.

273 789 346 814 vos
375 789 534 828 quoque
562 789 643 813 non
670 780 790 812 notae
818 774 948 812 mirati
975 773 1069 812 vela
1097 774 1268 821 carinae,
1656 771 1710 801 150

274 841 468 892 Mossyni,
496 854 569 879 vos
599 846 639 879 et
667 839 835 878 stabulis
862 840 1074 878 Macrones
1104 838 1153 876 ab
1183 838 1274 877 altis

262 947 342 983 143.
385 949 510 992 prima
534 957 662 982 mamas
674 947 754 982 belli
778 946 934 980 creatrix
950 946 1008 980 est
1027 956 1084 990 ea,
1101 956 1197 990 quae
1211 944 1373 990 primum
1390 944 1492 980 bella
1513 945 1656 980 creavit

167 1007 229 1043 vel
252 1007 438 1043 bellorum
462 1006 608 1051 copiam
633 1005 739 1041 dedit
764 1005 875 1040 armis
901 1004 1140 1040 fabricandis.

268 1065 346 1101 147.
397 1065 522 1101 Foede
548 1066 744 1110 corruptus
768 1064 907 1109 legitur
943 1063 1004 1098 hic
1028 1075 1156 1099 versus
1180 1063 1220 1098 in
1244 1063 1328 1098 Vat.
1354 1064 1425 1099 hoc
1455 1063 1566 1099 modo
1593 1064 1655 1098 In·

168 1125 296 1171 ἄμεναι
331 1129 365 1160 et
394 1135 559 1169 aerupem
584 1124 684 1160 Iovis
718 1125 802 1159 hinc
837 1124 903 1159 tibi
938 1134 1088 1163 mavors,
1129 1122 1272 1158 emend.
1306 1123 1401 1168 Aug.
1427 1122 1653 1164 Politianus;

166 1184 249 1219 inde
275 1184 443 1239 Gemffici
464 1195 573 1231 rupes
598 1184 677 1219 cod.
706 1183 828 1230 Carr.;
854 1182 921 1219 cfr.
948 1182 1068 1228 Apoll.
1094 1181 1141 1223 Π,
1170 1182 1260 1217 1011
1287 1193 1387 1227 seq.;
1413 1181 1494 1219 378.

262 1243 342 1279 148.
374 1242 522 1279 ’virides
545 1244 653 1284 laevas,
679 1242 880 1288 gramineis
914 1242 1004 1287 ripis
1030 1243 1070 1277 et
1093 1241 1195 1276 silvis
1221 1241 1408 1277 frondosis
1434 1240 1562 1282 cincti;
1601 1241 1655 1276 sic

167 1304 319 1339 virentia
339 1303 490 1346 flumina
512 1314 547 1338 v.
575 1302 667 1344 185;
692 1302 818 1337 viridis
855 1301 1005 1346 Myrace
1028 1300 1093 1346 VI,
1127 1301 1190 1342 503
1227 1300 1356 1336 viridis
1392 1301 1508 1336 Peuce
1543 1300 1648 1342 VIII,

164 1361 252 1406 2933
278 1361 344 1396 cfr.
368 1362 570 1407 praeterea
588 1360 656 1396 Ov.
674 1361 766 1395 artis
783 1359 830 1401 11,
856 1359 920 1402 92;
955 1359 1042 1395 fast.
1060 1359 1122 1401 IV,
1142 1359 1232 1402 164;
1266 1359 1327 1395 Sil.
1347 1359 1409 1401 IV,
1427 1359 1490 1402 843
1520 1359 1646 1395 Claud.

164 1421 260 1466 rapt.
285 1420 389 1456 Pros.
412 1419 461 1466 Π,
490 1420 559 1454 113
585 1420 718 1465 (lacus)
759 1430 937 1455 nemorum
960 1419 1132 1462 frondoso
1164 1420 1324 1464 maryine
1348 1420 1486 1454 cinctus
1515 1418 1650 1454 Vicinus·

160 1480 322 1524 pallescit
345 1471 466 1524 aquae(
506 1481 699 1524 πολύρρηνες
735 1478 912 1513 Tibareni
952 1478 1192 1513 nominantur
1233 1478 1282 1512 ab
1319 1478 1441 1523 Apoll.
1480 1477 1528 1519 Π,
1566 1478 1648 1519 377,

163 1539 264 1583 unde
302 1538 473 1574 concludi
508 1539 636 1584 potest
671 1538 819 1584 pascuis
857 1549 919 1573 eos
957 1537 1217 1574 abundavisse.
1289 1537 1346 1573 De
1383 1537 1502 1573 deside
1539 1538 1648 1572 mitra

164 1597 231 1633 cfr.
257 1597 317 1633 ad.
342 1597 372 1639 L
400 1597 478 1632 109.

261 1656 341 1692 149.
390 1656 447 1692 De
470 1657 542 1691 hac
560 1656 830 1691 Tibarenorum
855 1656 1133 1699 consuetudine,
1159 1666 1272 1700 quam
1296 1655 1481 1700 hodieque
1506 1656 1649 1692 multae

162 1715 274 1752 rudes
299 1716 339 1751 et
362 1715 547 1751 barbarae
571 1717 703 1760 gentes
729 1716 882 1750 servant
908 1715 1008 1760 (vide
1034 1715 1222 1750 ‘Ausland'
1250 1715 1394 1760 ephem.
1435 1715 1524 1750 anui
1556 1715 1649 1750 1890

162 1787 200 1821 p.
218 1775 288 1810 734
304 1786 425 1820 seqq.;
448 1775 516 1810 801
534 1786 653 1820 seqq.‚·
677 1774 747 1809 856
764 1786 882 1819 seqq.;
907 1774 978 1809 878
996 1775 1123 1819 seqq),
1143 1774 1210 1810 cfr.
1229 1774 1349 1819 Apoll.
1367 1774 1414 1815 ΙΙ,
1436 1775 1528 1809 1013
1547 1786 1646 1820 seqq.

163 1830 231 1870 ἔνθ’
255 1833 326 1871 ἐπεὶ
349 1834 389 1879 ἄρ
413 1847 450 1869 κε
474 1833 633 1870 τέκωνται
655 1835 712 1869 ὑπ’
738 1834 878 1879 ἀνδράσι
906 1833 1005 1869 τέκνα
1029 1837 1185 1879 γυναῖκες,
1223 1834 1313 1869 αὐτοὶ
1347 1834 1405 1878 μὲν
1438 1836 1647 1880 στενάχουσιν

168 1891 214 1930 ἐνὶ
237 1892 383 1940 λεχέεσσι
406 1893 568 1938 πεσόντες,
604 1895 734 1938 κράατα
758 1895 948 1938 δησάμενοι·
998 1894 1051 1928 ταὶ
1075 1895 1107 1928 δ’
1134 1891 1170 1928 εὖ
1194 1892 1369 1938 κομέουσιν
1394 1891 1507 1944 ἐδωδῇ
1532 1892 1650 1938 ἀνέρας

166 1951 227 1998 ἠδὲ
250 1955 366 1998 λοετρὰ
390 1954 512 1999 λεχώια
536 1956 618 1988 τοῖσι
641 1951 800 1988 πένονται.
850 1952 956 1987 Idem
993 1951 1152 1986 tradidit
1189 1951 1235 1987 de
1263 1951 1382 1987 Corsis
1408 1952 1516 1987 Diod.
1541 1952 1583 1993 V,
1604 1953 1649 1987 14

168 2013 209 2047 et
233 2011 280 2047 de
304 2011 505 2056 Hispaniae
531 2011 706 2056 gentibus
731 2010 866 2046 Strabo
891 2010 959 2051 ΠΙ,
991 2011 1023 2047 4,
1052 2011 1106 2045 17.
1169 2011 1372 2046 Tibarenos
1404 2014 1558 2056 gentem
1594 2012 1648 2046 hi-

166 2070 287 2106 larem
309 2070 571 2116 placidamque
596 2069 711 2105 fuisse
737 2070 828 2104 dicit
854 2069 981 2114 Steph.
1007 2069 1094 2114 Byz.
1121 2082 1148 2106 s.
1173 2082 1207 2105 v.

260 2129 338 2164 151.
387 2129 431 2164 In
458 2131 625 2165 extrema
650 2130 720 2164 hac
747 2128 1024 2164 enumeratione
1051 2129 1100 2163 ad
1117 2129 1228 2164 finem
1244 2130 1462 2174 properavit
1477 2129 1649 2166 Valerius

166 2188 308 2224 unxissis
334 2189 396 2232 eis,
421 2199 517 2234 quae
542 2188 758 2234 Apollonius
783 2187 832 2222 Π.
860 2187 1093 2222 1017-1234
1111 2188 1157 2223 de
1177 2188 1436 2232 Mosmoecis,
1464 2189 1511 2225 de
1527 2190 1649 2225 insula

162 2247 294 2283 Martis
317 2247 532 2293 impetuque
571 2247 704 2288 avium,
744 2247 791 2283 de
823 2247 952 2281 Phrixi
989 2247 1157 2288 filiorm
1196 2247 1258 2292 qui
1282 2247 1320 2282 in
1345 2259 1482 2283 navem
1505 2249 1647 2294 recepti

163 2307 258 2348 sunt,
284 2307 494 2352 naufragio.
507 2318 706 2352 eorumque
731 2318 815 2342 cum
838 2307 973 2342 Iasone
998 2306 1178 2351 colloquio
1202 2306 1373 2344 tradidit.

256 2366 507 2413 Moossonychi
533 2366 629 2402 Vat..
656 2366 897 2407 Μοσσυνοίκους
921 2366 1071 2401 vocavit
1095 2365 1229 2411 Apoll„
1255 2377 1351 2411 quae
1378 2366 1499 2402 forma
1525 2367 1649 2402 aliena

166 2426 224 2461 est
247 2436 270 2460 a
294 2437 403 2461 versu
428 2425 643 2467 Valet-ianm
685 2426 850 2471 Mossyni
886 2425 1127 2461 emendatum
1167 2437 1211 2461 ex
1236 2425 1329 2460 Plin.
1366 2428 1444 2463 nat.
1471 2427 1557 2462 hist.
1582 2427 1646 2465 VI.

165 2483 227 2526 11;
261 2483 389 2530 Pomp.
430 2482 516 2520 Mel.
543 2484 571 2521 I.
614 2484 669 2529 19,
711 2485 772 2526 10;
801 2484 900 2519 Curt.
942 2484 1001 2523 VI,
1045 2485 1078 2526 4,
1123 2484 1177 2519 17.
1229 2484 1284 2520 De
1326 2485 1479 2520 rudibus
1519 2497 1646 2521 eorum

163 2543 326 2578 moribus
362 2543 457 2578 mira
492 2547 741 2580 narraverunt
766 2544 898 2590 Apoll.‚
935 2543 1064 2588 Pomp.
1091 2543 1176 2579 Mel.
1203 2545 1226 2578 l.
1252 2544 1287 2581 l..
1326 2544 1434 2582 Diod.
1460 2545 1556 2585 XIV,
1583 2545 1646 2586 30;

166 2601 232 2638 cfr.
258 2602 372 2638 etiam
399 2602 522 2639 Strab.
549 2603 632 2646 XII,
657 2603 690 2643 3.
717 2603 772 2639 18.

259 2661 337 2698 152.
386 2662 555 2707 Byzerw:
581 2662 652 2697 vid.
680 2662 803 2698 Strab.
829 2663 851 2698 l.
878 2663 899 2697 1.
