1890 3100
607 170 991 208 ARGONAVTIGON
1014 169 1161 207 LIBER
1177 168 1258 204 vn.
1573 168 1659 212 513

289 293 412 332 flebat
439 298 481 331 et
507 293 632 331 invito
656 291 862 344 prospexit
891 289 1086 330 Colchida
1112 289 1238 328 vultu.
1664 311 1720 340 575

290 372 372 397 non
397 358 489 397 tulit
515 359 604 410 ipse
630 370 761 396 moras
790 369 962 408 seseque
989 355 1151 394 immisit
1175 354 1309 401 Iason,
1414 348 1418 351 ’

291 423 469 462 diversos
497 429 708 475 postquam
733 422 792 460 ire
819 421 942 469 videt,
971 420 1208 472 galeamque
1236 418 1453 456 minantem

293 494 458 541 quassat
486 494 527 527 et
555 493 752 527 errantem
781 486 923 526 dextra
950 485 1028 524 ciet
1056 484 1197 523 obvius
1224 483 1371 534 ignem.

293 624 500 657 cunctatus
527 618 690 670 paulum
718 617 849 656 subito
877 616 982 654 furit.
1040 627 1216 666 aequora
1241 625 1322 651 non
1350 612 1408 650 sic
1665 633 1719 663 581

293 684 335 722 in
363 683 547 736 scopulos
574 683 675 721 irata
701 687 822 720 ruunt
850 680 1072 732 eademque
1100 678 1295 718 recedunt

291 749 419 788 fracta
444 754 562 788 retro.
616 748 678 786 bis
705 747 907 786 fulmineis
936 760 981 785 se
1008 745 1166 784 flatibus
1194 744 1315 783 infert

293 814 538 866 obnubitque
565 813 704 860 virum,
735 812 808 851 sed
834 825 915 850 non
943 810 1130 850 incendia
1158 809 1321 848 Colchis

293 878 495 930 adspirare
524 878 628 925 sinit,
658 877 868 929 clipeoque
897 875 1077 914 inliditur
1103 875 1207 926 ignis
1665 896 1721 926 585

293 942 459 995 frigidus
489 949 530 982 et
556 942 642 981 viso
671 942 857 994 pallescit
884 941 1043 979 flamma
1070 953 1240 979 veneno.

283 1061 361 1096 575.
412 1062 524 1096 invito
550 1081 592 1087 —
618 1061 717 1095 vultu
742 1058 1048 1095 mwfflkfirfich'.

278 1120 358 1156 577.
406 1121 610 1165 qaleamque
624 1120 824 1163 rainonem,
851 1118 918 1154 cfr.
938 1117 1001 1159 VI,
1028 1117 1113 1161 5193
1138 1121 1294 1162 quassat,
1321 1115 1387 1152 cfr.
1413 1117 1494 1152 Iuv.
1511 1116 1562 1159 Π,
1581 1116 1667 1160 130;

186 1179 314 1216 Claud.
338 1178 378 1214 in
401 1178 554 1224 Eutrop.
579 1178 629 1216 H.
656 1178 734 1213 109.

281 1249 362 1285 578.
411 1253 584 1284 errantem
620 1249 745 1284 decem
780 1249 846 1284 ciet
888 1249 1011 1283 obtin-3
1046 1248 1175 1293 iynerm
1226 1247 1400 1292 quoniam
1437 1258 1520 1282 cum
1550 1247 1669 1282 tauris

186 1308 301 1345 etiam
323 1308 420 1354 ignis
445 1308 606 1356 qquam
630 1308 740 1343 modo
766 1307 927 1344 errabat.
966 1307 1063 1342 hunc
1094 1306 1257 1342 scribere
1283 1318 1392 1342 ausus
1418 1308 1477 1343 est
1499 1306 1670 1342 Valerius

182 1378 254 1414 pro
275 1366 393 1403 tauris
417 1366 613 1412 ignivomis
637 1366 736 1412 ipsis,
775 1378 867 1413 quos
892 1366 1001 1402 Iason
1024 1367 1135 1411 gestu
1165 1377 1342 1401 manuum
1376 1367 1566 1411 provocat.
1616 1365 1670 1401 Si-

183 1425 324 1462 militer
347 1437 529 1461 murmura
553 1425 701 1471 scripsit
715 1425 757 1466 V,
773 1425 841 1460 121
865 1436 932 1471 pro
948 1425 1068 1471 undis,
1093 1436 1115 1460 a
1131 1424 1264 1470 quibus
1280 1435 1470 1460 murmura
1487 1425 1666 1467 oriuntur,

187 1485 228 1521 et
250 1496 410 1521 men-mor
433 1484 534 1520 infra
557 1496 592 1520 v.
618 1484 688 1519 606
711 1496 780 1530 pro
806 1495 913 1531 equo.

279 1544 371 1580 Post
394 1545 493 1579 hunc
517 1555 665 1579 versum
688 1543 824 1579 lacuna
851 1544 909 1578 est
932 1543 972 1578 in
995 1543 1092 1585 Vat„
1133 1543 1173 1578 in
1199 1543 1306 1586 codd.
1334 1543 1435 1579 carr.
1474 1545 1513 1580 et
1538 1544 1667 1580 Mona-

185 1601 287 1639 censi
311 1603 363 1638 sic
388 1603 555 1649 expleta:
593 1607 633 1638 ut
656 1603 797 1638 tandem
819 1604 917 1638 stetit
932 1606 966 1638 et
979 1606 1080 1638 torvo
1107 1604 1215 1647 (torto
1232 1603 1316 1639 cod.
1335 1602 1451 1649 Cart.)
1476 1613 1515 1638 se
1538 1603 1669 1639 lumine

180 1663 282 1706 flexit
306 1661 377 1708 Qui
394 1662 501 1707 prior
523 1662 664 1698 adversi
686 1664 841 1706 respexit
865 1663 1010 1698 Iasonis
1033 1674 1136 1698 arma
1161 1662 1355 1698 Cunctatus
1380 1674 1411 1699 e.
1437 1675 1471 1708 q.
1497 1675 1526 1698 s.

279 1733 359 1769 582.
407 1733 460 1768 Ut
485 1733 585 1779 apud
604 1733 791 1769 Valerium
814 1733 976 1779 impetus
994 1735 1188 1769 taurorum
1205 1745 1289 1769 cum
1304 1733 1532 1769 irruentibus
1556 1734 1668 1769 maris

184 1792 295 1828 undis
321 1793 569 1838 comparatur,
595 1792 647 1827 sic
673 1793 772 1838 apud
795 1793 1032 1838 Apollonium
1055 1792 1123 1833 111,
1153 1792 1243 1828 1293
1268 1804 1345 1839 seq.
1372 1792 1492 1838 Iason,
1527 1793 1589 1838 qui
1613 1793 1667 1827 in-

185 1851 355 1898 trepidus
379 1851 562 1897 impetum
577 1852 782 1897 exspectat,
809 1863 891 1887 cum
909 1852 1059 1897 scopulo
1076 1851 1217 1887 frustra
1234 1852 1406 1887 fluctibus
1432 1853 1471 1887 et
1494 1852 1668 1897 procellis

186 1910 417 1956 impugnato.
469 1909 543 1946 Cfr.
572 1910 688 1945 etiam
712 1910 807 1947 Stat.
833 1910 949 1947 Theb.
974 1911 1037 1952 VI,
1064 1911 1133 1945 776
1158 1922 1261 1957 seqq.

279 1969 444 2004 recedunt
469 1990 514 1996 —
538 1973 650 2011 retrm
675 1981 750 2005 non
778 1969 929 2005 insolita
957 1971 1015 2005 est
1043 1969 1286 2015 scriptoribus
1306 1969 1448 2004 Lat-inis
1476 1970 1571 2005 haec
1586 1971 1669 2005 tau-

185 2027 339 2074 tologia,
377 2039 454 2075 qua
489 2032 584 2064 retro
621 2028 769 2063 additur
805 2028 855 2063 ad.
891 2028 1010 2064 verba
1046 2040 1130 2063 cum
1165 2039 1204 2063 re
1250 2028 1526 2074 praepositione
1571 2040 1669 2065 com-

183 2086 318 2133 posita,
343 2087 448 2123 velut
470 2091 566 2123 retro
589 2088 716 2122 reverti
739 2088 903 2132 repellere
925 2087 1056 2130 referre
1087 2087 1146 2123 vel
1175 2088 1365 2132 reprimere
1382 2087 1508 2132 pedem
1531 2088 1670 2134 remedi

185 2147 357 2191 respicere
385 2147 560 2182 remittere
588 2146 740 2182 residere
767 2147 924 2182 remetiri
952 2157 1144 2188 remanare,
1185 2147 1251 2183 cfr.
1282 2147 1388 2182 Lucr.
1414 2146 1442 2188 L
1481 2147 1568 2190 785;
1618 2147 1668 2190 11,

186 2204 273 2248 2833
297 2204 384 2248 516;
410 2205 453 2250 V,
478 2205 564 2247 2703
590 2205 699 2250 Verg.
726 2216 852 2250 georg.
877 2206 905 2247 Ι,
931 2205 1018 2248 200;
1042 2206 1135 2241 Aen.
1161 2206 1207 2244 ΙΙ.
1234 2205 1318 2248 169;
1345 2206 1390 2242 31.

281 2263 362 2302 583.
406 2264 508 2307 facta
534 2264 629 2309 Vat„
651 2264 771 2307 fracta
794 2263 893 2300 Pius.

280 2334 362 2372 586.
410 2336 485 2371 vieo
515 2336 680 2380 pallescit
713 2336 857 2378 flamma
890 2346 1031 2371 veneno.
1091 2335 1176 2372 Non
1212 2337 1303 2372 satis
1339 2337 1470 2383 aperte
1495 2336 1666 2373 Valerius

188 2394 413 2430 sententiam
430 2394 625 2440 expressit:
644 2405 830 2430 venenum
847 2394 945 2430 enim
960 2396 1089 2440 ipsum,
1099 2407 1171 2441 quo
1184 2396 1324 2442 clipeus
1336 2396 1453 2432 illitus
1467 2396 1666 2442 cogitatur,

189 2453 221 2489 si
244 2453 392 2490 omnino
418 2453 580 2500 conspici
596 2455 733 2500 posset,
760 2453 874 2489 etiam
890 2456 1027 2490 Aeetes
1044 2456 1304 2501 conspexisset,
1330 2456 1370 2491 id
1387 2456 1487 2501 quod
1502 2456 1669 2492 statuere

188 2508 296 2549 noh&
318 2523 394 2548 non
416 2512 523 2549 licet:
550 2512 682 2558 Itaque
698 2514 774 2549 vieo
789 2523 920 2549 veneno
937 2515 1003 2548 aut
1019 2514 1219 2559 significat:
1247 2517 1454 2562 ‘postquam
1471 2526 1665 2555 venenum,

188 2570 266 2606 vim
288 2572 422 2607 veneni
446 2571 620 2612 sensit’,
648 2571 713 2607 cfr.
740 2571 851 2617 Verg.
876 2572 968 2608 Aen.
992 2572 1056 2615 IV,
1080 2572 1149 2608 491
1188 2575 1357 2620 muyire
1387 2574 1571 2610 videbis
1596 2575 1662 2610 sub

183 2629 336 2674 pedibus
359 2634 505 2673 terram
547 2630 655 2677 Prop.
682 2630 730 2672 11,
758 2631 812 2672 16,
838 2630 884 2666 49
908 2631 1046 2668 vidi-stas
1070 2635 1142 2669 toto
1165 2634 1303 2670 sonitus
1321 2644 1530 2678 percurrere
1553 2634 1667 2676 eadm
