1890 3100
249 255 336 298 404
772 255 809 292 C.
835 254 1014 292 VALERI
1039 255 1212 292 FLACGI

355 374 669 427 Heniochosque
697 380 830 414 truces
859 376 936 414 iam
963 375 1117 428 pridem
1145 375 1324 415 infensus
1352 376 1539 425 Anausis,

355 445 472 491 pacta
500 439 607 492 quod
633 440 793 479 Albano
823 442 993 480 coniunx
1021 441 1167 480 Medea
1194 448 1382 493 tyranno,

356 506 515 544 nescius
545 505 636 554 heu,
668 507 804 558 quanti
831 507 1027 545 thalamos
1057 506 1275 546 ascendere
1303 508 1467 546 monstri

355 571 497 609 arserit
524 575 645 623 atque
672 571 792 610 urbes
820 578 980 611 maneat
1009 573 1075 625 qui
1103 578 1230 610 terror
1258 572 1453 620 Achaeas,

354 636 504 687 gratior
530 636 617 688 ipse
647 635 732 675 deis
762 637 936 689 orbaque
966 637 1119 676 beatior
1147 638 1247 676 aula.

354 702 534 753 proxima
561 701 739 740 Bisaltae
767 702 873 754 legio
903 702 1122 755 ductorque
1153 703 1338 751 Colaxes,

356 768 518 819 sanguis
549 773 589 806 et
616 768 704 819 ipse
734 767 863 815 deum,
895 768 1095 819 Scythicis
1125 782 1243 820 quem
1272 769 1452 821 Iuppiter
1480 769 1556 807 oris

248 911 375 947 hostes
406 909 656 952 nominantur,
696 921 831 956 eosque
856 910 1044 946 Maeotida
1074 910 1200 947 bibere
1216 911 1438 947 Claudianus
1469 911 1558 947 dicit
1581 911 1620 946 in
1645 911 1730 946 Ruf.

248 970 277 1015 I,
302 970 388 1013 312;
414 970 453 1005 in
479 970 551 1005 hac
575 970 700 1005 autem
724 969 878 1015 regione
905 981 966 1005 eos
992 969 1070 1005 sine
1094 970 1205 1006 dubio
1225 970 1339 1006 etiam
1363 970 1532 1007 Valerius
1557 970 1732 1006 habitare

249 1029 440 1075 cogitavit,
479 1040 563 1064 cum
601 1040 662 1065 eos
698 1029 909 1065 nominaret
933 1029 1148 1065 coniunctos
1175 1041 1258 1065 cum
1282 1029 1491 1072 Heniochis,
1527 1031 1587 1075 qui
1612 1030 1731 1066 orien-

247 1089 365 1124 talem
403 1099 507 1124 oram
543 1088 684 1124 Pontus
720 1088 853 1124 Euxini
889 1088 1114 1131 incolebant,
1151 1089 1225 1125 vid.
1263 1088 1354 1124 Plin.
1386 1088 1448 1135 VI,
1481 1090 1542 1136 143
1574 1089 1635 1134 163
1667 1089 1731 1132 30;

248 1148 367 1186 Strab.
394 1148 456 1191 XI,
483 1148 515 1190 2,
544 1148 598 1195 14,
623 1148 685 1193 qui
711 1149 730 1194 ξ
756 1148 800 1183 12
827 1148 935 1194 (Plin.
960 1148 978 1194 ξ
1004 1148 1059 1191 16,
1085 1148 1206 1186 Amm.
1230 1147 1350 1191 XXII,
1377 1148 1408 1191 8,
1435 1148 1495 1194 24)
1513 1160 1576 1184 eos
1594 1160 1730 1185 nomen

247 1208 434 1254 accepisse
467 1207 559 1243 dicit
592 1208 640 1243 ab
675 1207 813 1253 aurigis
841 1207 1046 1244 Castorum.
1095 1207 1224 1253 Neque
1255 1219 1344 1244 vero
1375 1207 1465 1243 satis
1500 1219 1629 1244 causae
1662 1209 1730 1250 est,

248 1279 312 1304 cur
335 1267 591 1303 Burmannum
615 1267 733 1303 secuti
757 1268 959 1313 propterea
986 1267 1175 1303 Valerium
1199 1267 1468 1313 vituperemus,
1507 1267 1605 1312 quod
1630 1267 1731 1313 ‘ipsis

247 1327 435 1363 Dioscuris
459 1326 730 1372 praesentibus’
757 1328 909 1372 gentem
941 1326 1298 1368 commemoraverit,
1337 1337 1432 1372 quae
1462 1327 1548 1372 post
1580 1326 1732 1372 expedi-

246 1386 388 1422 tionem
415 1386 564 1422 demum
587 1386 890 1431 Argonautarum
917 1386 1067 1422 condita
1092 1387 1201 1422 esset.

341 1458 398 1493 47.
447 1458 587 1503 qratior
610 1458 687 1502 ipse
711 1457 802 1503 deis,
834 1468 883 1494 sc.
911 1469 1021 1502 quam
1046 1457 1172 1498 Iason,
1201 1457 1263 1502 qui
1289 1458 1514 1493 ‘monstrum’
1540 1457 1579 1492 in
1603 1457 1732 1492 matri-

245 1517 410 1553 monium
437 1516 601 1560 duxerit;
636 1516 723 1552 orba
747 1517 833 1552 aula
858 1516 1044 1552 ablativus
1075 1528 1150 1552 non
1174 1516 1316 1562 pendet
1346 1527 1368 1552 a
1393 1516 1648 1562 comparativo
1675 1517 1729 1552 be-

246 1577 350 1622 atior,
377 1576 426 1611 ad
451 1587 561 1621 quem
585 1588 710 1611 rursus
736 1575 960 1611 audiendum
987 1581 1107 1621 ‘quam
1130 1576 1263 1618 Iason’,
1290 1576 1356 1611 sed
1380 1575 1527 1611 beatior
1553 1577 1619 1616 est,
1646 1587 1729 1611 cum

246 1635 361 1681 ipsius
387 1635 473 1670 aula
499 1635 591 1671 orba
614 1635 805 1672 manserit.
855 1635 1020 1671 Mentem
1044 1636 1182 1681 poetae
1205 1646 1280 1671 non
1305 1634 1490 1670 intellexit
1514 1636 1686 1680 Wagner.

340 1707 397 1743 48.
441 1708 611 1752 proxima
634 1706 798 1742 Bisaltae
813 1707 909 1751 regio
930 1706 1015 1742 Vat.
1035 1705 1118 1752 (nisi
1141 1706 1237 1751 quod
1261 1706 1411 1741 hisaltae
1432 1705 1583 1750 habet);
1608 1716 1728 1750 neque

247 1766 434 1802 sententia
459 1767 605 1802 constat
629 1776 750 1811 neque
776 1765 1001 1801 constructio
1025 1765 1221 1801 verborum
1246 1766 1337 1811 apta
1363 1766 1429 1807 est,
1455 1776 1544 1800 nam
1565 1764 1728 1800 Bisaltas

246 1825 345 1871 ipsos
371 1825 557 1871 regionem
582 1825 775 1861 nominare
799 1836 873 1860 non
898 1824 988 1861 licet
1018 1836 1137 1870 neque
1168 1824 1268 1870 regio
1292 1824 1518 1860 Bisaltarum
1541 1824 1580 1859 in
1604 1824 1727 1860 Mace-

247 1885 356 1921 donia
392 1885 644 1920 habitantium
683 1884 763 1929 (cfr.
789 1884 893 1930 Verg.
932 1895 1058 1930 georg.
1097 1883 1166 1926 III,
1191 1884 1277 1927 461;
1317 1884 1436 1920 Grratt.
1475 1895 1602 1929 cyneg.
1640 1883 1728 1926 523;

249 1944 374 1980 Claud.
402 1944 449 1980 de
474 1944 573 1980 laud.
601 1943 680 1980 Stil.
707 1944 737 1990 I,
764 1944 848 1991 134;
873 1943 967 1979 Plin.
993 1945 1071 1979 nat.
1097 1943 1182 1981 hist.
1201 1942 1262 1984 IV,
1289 1943 1351 1986 38;
1377 1943 1512 1979 Herod.
1533 1942 1613 1985 VII,
1642 1942 1726 1985 115;

249 2004 386 2040 Conon.
426 2015 455 2039 c.
493 2003 564 2040 XX
601 2003 657 2039 ed.
683 2003 881 2039 Westerm.
921 2003 980 2048 al.)
1018 2002 1187 2049 proxima
1216 2004 1274 2038 est
1297 2002 1506 2044 Heniochis,
1545 2002 1612 2037 sed
1648 2002 1727 2037 lon-

247 2063 399 2108 gissime
424 2064 586 2105 remota;
612 2064 715 2098 recte
741 2062 827 2097 Pius
853 2063 948 2108 leyio,
975 2062 999 2098 i.
1026 2073 1056 2098 e.
1085 2061 1279 2108 exercitus,
1304 2073 1434 2097 manus
1460 2062 1624 2103 armata3
1656 2062 1728 2096 hoc

248 2123 307 2158 vel
346 2134 389 2158 ex
415 2122 550 2158 Plauto
587 2123 726 2163 notum,
766 2123 830 2157 cfr.
868 2134 902 2156 v.
942 2121 1025 2164 508;
1064 2121 1146 2163 VII,
1179 2121 1263 2163 573;
1302 2121 1406 2166 Verg.
1432 2121 1524 2156 Aen.
1548 2120 1612 2162 IX,
1639 2120 1727 2167 3683

245 2181 416 2227 proxima
440 2181 555 2226 igitur
579 2181 618 2216 in
644 2181 724 2216 acie
740 2180 939 2217 Heniochis
965 2182 1110 2216 armata
1132 2191 1262 2215 manns
1288 2181 1396 2216 erant
1419 2179 1596 2220 Bisaltae,
1622 2179 1727 2215 tertii

249 2240 435 2276 Cimmerii
459 2252 492 2276 v.
519 2241 575 2277 60.

342 2300 531 2345 ductorque
558 2299 718 2342 Colaoeeae
747 2300 892 2336 Colaxis
917 2311 1052 2336 nomen
1077 2299 1309 2344 fabulamque
1336 2299 1382 2334 de
1407 2298 1485 2334 eius
1510 2298 1651 2344 origine
1679 2309 1723 2334 ex

248 2360 388 2395 duabus
426 2360 710 2402 narrationibus,
750 2371 844 2404 quae
876 2359 1113 2395 inveniuntur
1150 2359 1250 2404 apud
1273 2358 1514 2401 Herodotum,
1550 2357 1649 2393 inter
1686 2368 1725 2393 se

247 2419 454 2455 commixtis
479 2419 718 2464 paullumque
742 2418 895 2454 mutatis
921 2418 1077 2464 sumpsit
1101 2417 1284 2453 Valerius:
1321 2417 1407 2452 libri
1430 2417 1483 2452 IV
1507 2427 1536 2452 c.
1562 2416 1584 2451 5
1609 2417 1726 2452 Hero-

249 2479 358 2514 dotus
387 2478 562 2514 Colaxain
586 2479 763 2523 nepotem
780 2478 875 2513 Iovis
902 2489 946 2514 ex
971 2477 1146 2523 nympha,
1172 2477 1248 2512 filia
1264 2475 1516 2521 Borysthenis
1543 2475 1722 2516 nominat,

249 2538 371 2584 capite
398 2539 524 2574 autem
549 2548 646 2573 nono
670 2536 789 2572 tradit
814 2537 1007 2572 Herculem
1038 2537 1075 2571 in
1101 2536 1253 2581 Scythia
1278 2535 1518 2571 concubuisse
1545 2546 1627 2570 cum
1651 2534 1726 2569 vir-

247 2598 335 2643 gine
359 2598 608 2638 monstruosa,
650 2607 744 2641 quae
769 2607 927 2641 superne
959 2597 1120 2631 humana
1145 2596 1262 2641 figura
1286 2594 1454 2640 praedita
1479 2605 1630 2640 corpore
1663 2604 1723 2629 ex-

245 2658 368 2692 tremo
392 2657 431 2691 in
456 2667 617 2701 anguem
643 2655 778 2691 exiret:
804 2655 891 2690 inde
916 2656 1023 2697 natos
1048 2657 1125 2690 tres
1150 2654 1243 2690 filios
1267 2654 1518 2699 Agathyrsum
1545 2652 1726 2688 Gelonum

248 2715 435 2761 Scytham.
489 2715 561 2751 Cfr.
587 2714 736 2751 Hesiod.
761 2715 888 2759 theog.
914 2714 983 2749 295
1009 2725 1125 2761 seqq.;
1151 2713 1256 2750 Diod.
1284 2713 1347 2755 IX,
1372 2712 1429 2748 43.

1868 2622 1883 2650 *³1
1867 2487 1890 2606 ἐς-ετ
1863 2444 1869 2452 ·

1852 3081 1867 3100 Ι
1888 3080 1890 3100 1
