1890 3100
546 188 935 227 ARGONAVTICOR
958 189 1109 224 LIBER
1133 188 1195 224 lv,
1562 189 1652 232 333

274 312 506 350 comminus.
561 311 627 350 hic
653 312 755 350 Iuno
782 323 1058 362 praecepsque
1087 323 1140 348 ex
1166 309 1332 348 aethere
1359 293 1495 346 Pallas

273 377 455 415 insiliunt
480 377 631 428 pariter
658 376 866 427 scopulos:
894 375 1001 413 hunc
1028 380 1125 412 nata
1151 379 1324 420 coercet,

274 442 381 480 hunc
410 442 583 480 coniunx
610 441 730 488 Iovis,
766 447 810 478 ut
837 439 972 478 valido
1000 440 1070 491 qui
1096 439 1240 477 robore
1266 444 1404 476 tauros

274 507 349 546 sub
377 508 473 559 iuga
500 513 541 545 et
567 507 693 544 invito
722 505 935 557 detorquet
961 505 1004 542 in
1030 504 1101 542 ilia
1128 517 1263 542 cornu.
1654 508 1710 538 ⁶85

273 572 381 619 inde,
409 572 524 610 velut
550 572 684 610 mixtis
712 570 934 609 Vulcanius
963 569 1084 607 ardor
1110 569 1271 607 harenis

272 644 410 676 verset
437 650 575 689 aquas,
603 637 660 675 sic
687 636 767 674 ima
794 635 981 681 fremunt,
1010 634 1215 686 fluctuque
1243 640 1382 672 coacto

276 703 436 754 angitur
463 708 505 741 et
532 702 712 740 clausum
741 700 928 752 scopulos
957 713 1080 751 super
1107 699 1234 738 effluit
1261 713 1425 751 aequor.

277 773 415 806 contra
442 780 580 806 omnes
608 765 752 805 validis
779 766 895 804 tenui
922 765 1149 803 discrimine
1177 765 1298 803 remis

274 846 445 885 pergere
471 833 551 871 iter
575 831 810 883 mediosque
838 837 966 869 ratem
992 830 1210 869 transferre
1238 844 1312 882 per
1338 831 1460 875 ictus;
1656 834 1712 863 69⁰

273 910 372 936 saxa
399 897 475 936 sed
502 897 691 936 extremis
719 903 856 934 tamen
883 897 1121 947 increpuere
1150 896 1362 947 corymbis,

271 976 447 1015 parsque
477 962 625 1013 (nefas)
654 961 853 1014 deprensa
881 961 1004 1012 iugis;
1032 975 1125 999 nam
1153 967 1291 1000 cetera
1318 961 1433 1000 caelo

274 1027 423 1067 debita.
479 1027 730 1066 conclamant
756 1027 933 1078 Minyae,
962 1026 1093 1064 latera
1119 1033 1289 1079 utraque
1318 1027 1467 1078 quippe

273 1092 498 1132 dissiluisse
526 1098 679 1144 putant.
735 1092 839 1143 fugit
866 1092 953 1143 ipse
981 1092 1222 1130 novissimus
1250 1093 1354 1130 ictus

271 1158 430 1210 Tiphys
459 1164 501 1196 et
529 1171 551 1196 e
580 1157 721 1196 mediis
750 1158 932 1209 sequitur
957 1157 1061 1195 freta
1089 1164 1204 1209 rapta
1231 1158 1375 1204 ruinis3
1657 1163 1713 1192 695

274 1237 350 1262 nec
377 1223 486 1274 prius
515 1223 725 1261 obsessum
754 1222 929 1273 scopulis
958 1223 1137 1274 respexit
1166 1222 1217 1260 ad
1246 1236 1398 1274 aequor

257 1341 340 1377 282.
390 1341 485 1376 Iuno
510 1353 581 1376 om.
606 1340 703 1376 vat.-
730 1340 816 1375 add.
844 1340 902 1376 ed.
926 1341 1020 1376 Bon.
1046 1342 1085 1375 et
1110 1340 1210 1381 Ald.;
1238 1341 1340 1385 apud
1363 1340 1485 1386 Apoll.
1512 1339 1559 1376 Π.
1586 1339 1658 1375 6oe

164 1400 439 1436 eola'ffinerva
463 1399 539 1435 fert
563 1411 683 1445 opem.
710 1399 812 1445 apud
836 1399 1009 1445 Apollod.
1035 1399 1062 1435 L
1089 1399 1121 1436 9,
1148 1400 1207 1444 22,
1233 1400 1256 1434 5
1279 1400 1360 1435 sola
1384 1400 1491 1435 Iuno.

159 1447 185 1504 ¹,
257 1459 339 1495 685.
388 1459 569 1504 detorquet
593 1460 633 1494 in
665 1459 731 1494 ilia
762 1459 785 1494 i.
813 1470 844 1494 e.
871 1459 920 1493 ad
950 1461 1092 1494 terram
1126 1470 1254 1494 versus
1284 1460 1414 1494 tauros
1447 1471 1497 1494 sc.
1531 1458 1658 1504 capita

164 1529 292 1555 eorum
315 1518 516 1564 detorquet
540 1518 713 1554 cornibus
737 1518 943 1564 prehensis,
966 1518 1023 1553 ita
1047 1520 1090 1553 ut
1114 1518 1225 1553 ilibus
1251 1519 1537 1555 admoveantur.

223 1589 228 1592 ·
257 1577 339 1614 686.
393 1577 589 1613 Vulcanius
624 1578 735 1612 ardor
771 1577 1012 1623 explicandus
1050 1578 1098 1613 de
1134 1578 1172 1612 vi
1208 1578 1351 1623 ignium
1388 1578 1458 1613 sub
1483 1578 1579 1613 mari
1604 1578 1657 1613 la-

164 1636 336 1677 tentium,
362 1637 425 1682 qui
449 1636 619 1672 funditus
644 1648 781 1682 aquam
806 1637 955 1673 harenis
980 1638 1149 1672 miscent.
1175 1637 1281 1672 Hanc
1306 1649 1387 1673 esse
1412 1639 1550 1683 poetae
1575 1649 1656 1673 sen·

167 1695 329 1732 tentiam
342 1696 405 1732 vel
419 1701 534 1731 verset
544 1696 781 1732 conjunctivo
792 1696 996 1743 indicatur3
1014 1697 1149 1732 iniuria
1161 1697 1390 1732 recentiores
1405 1697 1660 1733 coniecturam

170 1752 313 1791 Heinsii
334 1757 468 1791 mutuas
494 1779 536 1784 —
560 1756 687 1790 aheni-s·
710 1759 946 1801 receperunt.

257 1814 339 1850 688.
389 1813 481 1849 Cum
505 1814 646 1860 scopuli
665 1826 687 1849 a
713 1814 793 1850 deis
808 1817 1039 1856 tenerentur,
1056 1815 1150 1850 mari
1162 1817 1364 1860 angustum
1376 1815 1450 1851 iter
1467 1815 1566 1851 inter
1595 1826 1659 1850 eos

170 1873 345 1910 relictum
369 1875 462 1914 erat,
487 1874 587 1919 quod
611 1873 830 1919 insequente
866 1886 977 1910 versu
1011 1879 1114 1909 tenue
1151 1875 1341 1910 discrimen
1376 1876 1491 1920 poeta
1523 1876 1655 1914 vocat;

163 1932 221 1968 ita
238 1934 449 1969 coartatum
474 1933 590 1968 etiam
612 1944 681 1978 per
704 1933 921 1969 inferiorem
945 1934 1181 1979 scopulorum
1205 1936 1355 1979 partem
1381 1934 1511 1969 effluit.

259 2003 341 2040 691.
388 2004 593 2048 ine-regmae
615 2004 639 2038 i.
666 2015 698 2039 e.
725 2016 809 2039 cum
834 2005 979 2050 crepitu
1003 2004 1102 2039 illisa
1127 2006 1231 2042 sunt:
1257 2005 1352 2041 solet
1387 2005 1545 2041 verbum
1575 2017 1658 2040 cum

167 2062 382 2099 accusativo
407 2063 593 2108 coniungi,
617 2063 686 2099 sed
710 2062 870 2098 fortasse
896 2063 1045 2098 dativus
1069 2063 1351 2109 intellegendus
1379 2066 1437 2100 est
1462 2064 1579 2100 etiam
1596 2063 1659 2100 Sil.

167 2120 252 2165 m,
287 2121 358 2157 684
382 2123 559 2167 clipeoque
594 2123 812 2158 tremendum
846 2123 1023 2167 increpat:
1061 2123 1204 2159 incerta
1242 2125 1301 2159 eet
1333 2124 1527 2170 scriptura
1550 2124 1662 2170 Verg.

169 2182 260 2217 Aen.
286 2181 369 2222 XII,
394 2181 476 2228 3323
502 2181 550 2217 de
574 2193 616 2217 re
642 2181 709 2217 cfr.
738 2181 857 2227 Apoll.
882 2182 931 2217 H.
958 2182 1039 2217 603.

262 2239 343 2277 692.
386 2252 480 2285 pars
507 2261 548 2268 —
587 2241 761 2285 deprensa
797 2242 909 2286 5¹⁴9ssss
947 2253 1038 2277 saxa
1069 2254 1182 2288 super
1219 2254 1355 2279 navem
1390 2243 1663 2289 impendebant

176 2299 242 2340 ita,
265 2301 310 2334 ut
332 2311 514 2335 summam
536 2302 686 2346 partem
700 2301 960 2345 eorymborum
974 2302 1013 2336 et
1041 2303 1248 2337 extremam
1265 2302 1447 2347 iugomm,
1473 2302 1511 2337 in
1530 2302 1663 2348 quibus

170 2358 331 2404 remiges
367 2359 569 2401 sedebant,
608 2359 901 2396 contunderent:
943 2360 1047 2395 auxit
1084 2372 1162 2397 rem
1202 2361 1287 2397 Luc.
1328 2361 1384 2398 Π,
1423 2362 1491 2396 717
1529 2366 1664 2406 rapta

168 2427 316 2462 puppe
336 2419 455 2454 aanor
476 2418 651 2454 subducta
675 2423 726 2453 est
749 2420 927 2454 montibus
951 2421 1061 2465 Argo.

266 2481 382 2512 edom
406 2478 502 2513 caelo
526 2478 654 2514 debita.
681 2477 749 2514 cfr.
775 2478 826 2513 ad
850 2478 879 2517 L
905 2479 938 2514 4.

265 2535 347 2572 695.
393 2537 554 2582 sequatur
577 2549 627 2573 sc.
653 2548 790 2573 navem
814 2538 1040 2583 gubernans.

263 2596 384 2631 nivii-⁹
406 2596 532 2632 omnia
556 2597 931 2642 comprehenduntur,
968 2609 1065 2643 quae
1102 2598 1140 2633 in
1166 2610 1346 2634 concursu
1382 2610 1557 2634 saxorum
1582 2599 1662 2635 fieri

175 2655 289 2689 anteo.
312 2654 453 2690 dictum
478 2657 545 2697 eet;
571 2655 717 2692 accedit
741 2658 950 2702 praeterea.
977 2658 1077 2702 quod
1100 2669 1188 2703 pars
1213 2658 1319 2693 navis
1345 2658 1543 2704 frangitur.

1676 1410 1696 1418 -
