1890 3100
260 233 346 277 134
783 233 820 268 Ο.
846 233 1027 269 VALERI
1053 234 1226 270 FLAOOI

369 365 420 390 an
447 366 528 390 non
558 353 723 404 experti,
755 353 908 392 subitus
938 367 1027 392 cum
1056 354 1146 393 luce
1175 354 1314 406 fugata

365 417 518 456 horruit
545 417 671 456 imbre
700 417 813 456 dies?
841 420 1011 470 quantis,
1041 433 1112 471 pro
1141 420 1331 472 Iuppiter,
1362 421 1505 459 austris

367 483 603 521 restitimus!
634 489 783 535 quanta
811 485 994 536 quotiens
1026 490 1065 523 et
1092 485 1269 524 Palladis
1299 491 1383 524 arte

366 548 566 586 incassum
596 547 774 587 decimae
805 549 948 588 cecidit
976 555 1107 588 tumor
1135 550 1281 589 arduus
1311 550 1461 590 undae!

369 613 463 665 quin
492 613 611 664 agite,
643 627 665 652 o
696 614 812 661 socii3
842 615 962 653 micat
989 615 1235 654 immutabile
1266 616 1421 655 caelum

367 691 547 731 puraque
576 692 652 718 nec
680 679 845 730 gravido
876 680 1048 718 surrexit
1077 680 1254 732 Cynthia
1283 695 1415 729 cornu,

261 803 424 848 pot-erat.
475 803 615 838 erudire
639 815 723 838 cum
749 804 960 840 accusativo
986 804 1041 840 rei
1068 804 1304 850 coniungitur
1340 805 1405 840 Ov.
1431 806 1521 841 met.
1548 806 1650 848 VIII,
1677 806 1747 842 215

261 863 492 907 hortaturque
516 864 615 907 sequi
632 863 888 908 damnosasque
913 864 1028 899 erudit
1054 868 1149 899 artes
1166 867 1228 909 (sc.
1248 865 1426 910 Icarum);
1454 864 1547 901 Stat.
1567 865 1684 901 Theb.
1703 866 1746 907 X,

261 921 330 956 507
355 926 612 967 praeceptaque
635 923 750 965 fortia
775 923 854 958 belli
878 923 1027 958 Rediit
1049 924 1224 968 ρεηετνίως
1252 924 1298 960 de
1322 924 1455 970 partic.
1490 925 1650 961 eraditus
1681 925 1747 961 cfr.

260 981 404 1017 Kuehn.
432 993 588 1026 gramm.
614 981 679 1016 lat.
706 982 755 1024 II,
783 982 804 1028 ξ
833 982 886 1023 73,
913 983 946 1022 4,
974 994 1005 1023 a,
1033 984 1159 1020 annot.
1186 983 1218 1018 3.

357 1054 412 1090 51.
452 1054 585 1098 eoeperti
618 1065 666 1089 sc.
700 1064 823 1088 sumus
857 1054 1044 1089 Brevitati
1084 1054 1238 1090 studens
1269 1054 1451 1098 Valerius,
1493 1057 1536 1090 ut
1577 1056 1749 1091 omittam

262 1118 313 1149 est
327 1114 365 1149 eb
377 1118 461 1149 sunt
473 1113 605 1149 tertias
619 1124 798 1159 personas
814 1114 853 1148 eb
869 1113 1092 1148 infinitivum
1110 1125 1191 1154 esse,
1211 1125 1323 1159 saepe
1342 1114 1466 1149 varias
1485 1115 1623 1150 formas
1639 1127 1748 1161 prae-

263 1173 378 1209 sentis
405 1174 444 1208 et
468 1172 681 1218 imperfecbi
704 1172 884 1218 temporis
910 1172 1016 1208 verbi
1041 1173 1267 1208 substantivi
1291 1185 1366 1209 non
1384 1173 1501 1211 addi‘o.
1529 1174 1617 1210 Sum
1642 1175 1748 1211 deest

262 1232 419 1278 saepius,
447 1232 478 1267 si
503 1243 563 1277 eqo
600 1232 809 1267 subiectum
844 1233 910 1274 est,
950 1231 1016 1270 cfr.
1043 1231 1204 1267 Schmjtz
1243 1233 1289 1268 de
1314 1232 1395 1268 Val.
1429 1233 1578 1268 dicendi
1610 1245 1748 1279 genere

261 1305 299 1337 p.
325 1292 381 1334 33,
407 1292 450 1326 ut
475 1291 524 1336 II,
549 1292 636 1338 4713
663 1291 724 1332 IV,
752 1291 822 1326 213
848 1292 906 1333 al„
933 1303 1017 1327 raro
1044 1291 1174 1327 aliter:
1201 1291 1283 1334 VII,
1314 1292 1374 1334 733
1401 1303 1437 1328 es
1461 1292 1521 1334 IV,
1549 1293 1634 1336 242;
1660 1293 1746 1336 4673

263 1351 305 1394 V,
332 1351 394 1394 373
422 1351 507 1393 223;
534 1351 603 1385 556
612 1364 620 1393 ;
646 1362 767 1386 sumus
791 1350 836 1396 V,
861 1351 948 1393 658;
976 1351 1069 1395 (Iuv.
1096 1352 1164 1386 sab.
1192 1351 1294 1394 XIII,
1323 1352 1423 1398 142);
1449 1353 1530 1388 estis
1554 1352 1623 1394 111,
1662 1353 1746 1396 703;

260 1411 302 1454 V,
331 1411 417 1458 150;
442 1410 503 1453 IV,
530 1410 615 1453 650;
643 1411 738 1453 (Iuv.
765 1411 833 1445 sat.
861 1410 961 1454 VIII,
987 1411 1060 1456 44).
1094 1422 1188 1445 eram
1226 1410 1253 1452 I,
1292 1411 1379 1454 3433
1419 1415 1495 1447 erat
1530 1411 1560 1457 Ι,
1598 1412 1644 1447 34
1681 1413 1746 1459 al.;

262 1474 365 1506 erant
387 1471 415 1512 1,
434 1470 499 1515 23‚·
525 1470 582 1515 VI,
612 1469 696 1517 1293
722 1471 789 1505 sim
814 1469 856 1511 V,
884 1469 972 1512 652;
999 1471 1091 1515 (Iuv.
1118 1470 1188 1506 sab.
1214 1469 1241 1511 I,
1270 1470 1316 1515 1);
1342 1471 1392 1505 sis
1416 1470 1497 1517 VII,
1527 1471 1610 1516 159;
1627 1472 1675 1506 sit
1699 1471 1746 1514 II,

262 1530 308 1565 66
317 1543 325 1572 ;
351 1530 438 1574 2513
464 1529 547 1574 VII,
575 1529 641 1564 541
669 1529 728 1571 al.;
754 1529 834 1564 sitis
859 1528 919 1570 IV,
945 1529 1031 1571 438;
1059 1529 1154 1574 (Iuv.
1169 1529 1350 1570 sat.X1V‚
1376 1530 1448 1576 46);
1475 1531 1547 1565 sint
1571 1530 1633 1572 IV,
1661 1531 1745 1574 204;

260 1589 304 1633 V,
318 1590 405 1632 467;
431 1588 512 1631 VII,
532 1589 618 1631 332;
646 1593 733 1624 esset
751 1588 810 1630 IV,
830 1588 914 1636 3793
938 1588 994 1627 VI,
1014 1589 1059 1622 44
1075 1587 1215 1633 (erat?);
1235 1593 1346 1624 essent
1368 1589 1398 1634 I,
1415 1589 1477 1631 51;
1495 1589 1575 1625 336.
1613 1590 1747 1625 Rarius

263 1649 360 1684 aliae
386 1648 528 1684 formae
555 1647 794 1688 omithuntur,
821 1649 864 1682 ut
887 1647 997 1690 fuerit
1021 1647 1063 1693 V,
1092 1647 1170 1694 138,
1197 1648 1267 1683 m'si
1293 1648 1390 1693 quod
1417 1649 1484 1684 erit
1507 1649 1615 1684 deest
1638 1649 1676 1684 in
1693 1649 1747 1684 in-

261 1708 591 1753 terrogationibus,
617 1707 683 1742 cfr.
711 1706 872 1742 Schmitz
896 1720 934 1753 p.
959 1707 1016 1743 34.

356 1769 511 1809 subitus;
538 1778 652 1813 saepe
676 1767 747 1802 hoc
785 1767 1012 1802 adjectivum
1038 1767 1189 1802 additur
1216 1767 1278 1808 eis,
1305 1778 1400 1812 quae
1427 1767 1550 1803 subito
1583 1767 1750 1803 oriantur

262 1828 323 1863 vel
349 1828 442 1862 fiant
466 1826 527 1862 vel
553 1828 772 1872 appareant,
800 1826 867 1862 sed
893 1826 1094 1862 admodum
1118 1838 1203 1862 raro
1229 1827 1275 1862 de
1303 1826 1365 1866 eis,
1392 1838 1488 1872 quae
1512 1827 1636 1863 subito
1663 1838 1748 1863 eva-

263 1887 428 1928 nescant,
467 1898 578 1921 unum
617 1886 767 1921 rantum
803 1887 956 1931 praeter
993 1885 1234 1931 Valerianum
1270 1885 1358 1922 novi
1396 1886 1606 1931 exemplum
1636 1886 1749 1932 Verg.

264 1947 356 1982 Aen.
383 1946 447 1987 IX,
473 1946 544 1980 473
569 1949 608 1980 at
631 1946 770 1980 subitus
793 1947 943 1980 miserae
967 1946 1064 1980 calor
1089 1957 1171 1981 ossa
1194 1946 1346 1990 reliquit.

358 2018 414 2053 53.
465 2021 600 2062 quanta
625 2018 784 2062 quotiens
809 2021 841 2051 et
867 2017 1031 2053 Palladis
1068 2021 1145 2052 arte
1182 2029 1256 2052 non
1293 2018 1396 2052 recte
1432 2017 1570 2063 putant
1608 2017 1749 2052 dictum

265 2089 345 2114 esse
369 2089 437 2123 pro
462 2080 598 2122 quanta
622 2080 655 2111 et
679 2076 847 2121 quotiens,
874 2076 941 2111 sed
966 2076 1045 2111 sine
1071 2076 1328 2112 coniunctione
1352 2075 1458 2111 iuxta
1481 2077 1669 2121 ponuntur
1695 2087 1751 2112 se-

266 2137 427 2172 cundum
466 2135 772 2171 consuebudinem
813 2139 949 2180 quanta
979 2137 1148 2182 quotiens,
1175 2139 1207 2170 et
1245 2135 1371 2170 autem
1406 2134 1628 2171 traiectione
1664 2137 1750 2181 post

267 2197 427 2240 quotiens
450 2195 614 2240 positum
638 2194 789 2240 proprie
813 2195 1028 2240 ponendum
1059 2195 1141 2230 erat
1166 2195 1255 2230 ante
1281 2197 1431 2239 qmtm
1464 2193 1530 2229 cfr.
1558 2194 1608 2229 ad
1631 2194 1660 2236 I,
1692 2193 1750 2230 89.

362 2266 418 2302 54.
469 2266 802 2312 decimae—undae3
843 2267 940 2301 hanc
985 2265 1125 2300 undam
1164 2266 1207 2300 ut
1245 2265 1379 2300 ceteris
1416 2264 1534 2300 multo
1571 2264 1752 2300 maiorem

265 2325 413 2371 saepius
436 2326 573 2370 poetae
601 2326 909 2360 commemorant:
938 2325 1003 2360 Ov.
1030 2326 1118 2360 met.
1138 2325 1198 2365 XI,
1227 2324 1295 2359 529
1321 2335 1397 2369 seq.
1416 2325 1468 2360 sie
1484 2324 1546 2359 ubi
1554 2324 1753 2368 pulsarunt

266 2385 348 2420 σοις-ι’
372 2386 485 2420 latera
509 2385 626 2419 ardua
648 2386 787 2427 fluetus,
820 2385 964 2420 Vastius
981 2385 1168 2429 insumens
1185 2384 1338 2419 decimae
1354 2384 1428 2419 ruit
1455 2384 1607 2428 impetras
1622 2383 1750 2425 undem

265 2445 361 2480 trist.
389 2443 416 2486 Ι,
443 2444 476 2488 2,
502 2443 564 2490 50;
593 2444 728 2478 Lucan.
755 2443 799 2488 V,
823 2444 910 2489 672;
937 2443 999 2480 Sil.
1026 2443 1120 2489 XIV,
1155 2443 1238 2485 122;
1278 2442 1361 2479 Sen.
1387 2443 1516 2488 Agam.
1557 2442 1644 2484 502;
1683 2442 1751 2479 cfr.

266 2503 370 2539 Paul.
396 2516 433 2550 p.
460 2503 503 2537 71
528 2503 657 2542 fluctus
682 2503 835 2538 decimus
858 2504 938 2546 lieri
962 2504 1138 2538 maximus
1163 2503 1303 2538 dicitur.

361 2574 415 2611 55.
468 2575 560 2619 agite
584 2574 654 2609 hoc
679 2574 760 2609 loco
793 2574 912 2609 altero
944 2574 1166 2619 imperativo
1198 2585 1272 2609 non
1304 2572 1434 2608 addito
1468 2571 1586 2607 solum
1618 2571 1752 2607 adhor-

265 2634 404 2669 tationi
427 2633 591 2674 inservit,
619 2632 685 2668 cfr.
711 2633 832 2669 Plaut.
862 2634 991 2678 Amph.
1019 2633 1098 2668 302.

361 2705 419 2742 56.
462 2703 766 2750 pura—Cynthia
790 2704 824 2741 i..
841 2715 871 2740 e.
898 2716 972 2739 non
996 2704 1134 2739 nebula
1159 2705 1226 2738 aut
1261 2702 1421 2738 nubibus
1457 2702 1602 2744 velata;
1635 2712 1746 2737 cornu
