1890 3100
241 198 328 242 482
769 199 806 235 ο.
832 199 1014 236 VALERI
1039 201 1214 238 FLACCI

348 316 450 355 Iuno
479 316 590 356 videt
618 317 790 357 necdum
820 325 998 358 extremo
1028 334 1169 371 parere
1198 321 1332 369 furori,

285 405 296 415 -
351 396 432 420 non
460 383 540 421 iam
569 384 759 423 mentitae
787 385 942 423 vultum
970 399 1193 438 vocemque
1221 388 1390 425 resumit
1732 401 1786 431 155

353 447 607 500 Chalciopes.
666 449 824 502 quando
854 450 971 489 ardor
998 451 1122 490 hebet
1150 453 1389 505 propiorque
1417 453 1559 505 pudori

351 526 546 565 mensque
577 513 723 552 obnixa
750 515 868 559 malo,
898 521 1041 554 tenues
1072 516 1252 555 sublimis
1281 517 1321 555 in
1351 531 1466 556 auras

352 578 507 616 tollitur
535 584 576 617 et
604 579 715 617 fulvo
745 580 946 619 Venerem
975 582 1150 633 vestigat
1180 581 1367 634 Olympo.

354 643 466 682 ‘Sum
493 657 656 692 memor,
701 651 746 683 ut
775 645 827 684 sis
857 646 964 684 hunc
991 660 1148 685 mecum
1175 648 1322 699 partita
1349 648 1545 698 laborem;

350 708 422 747 illa
449 710 564 748 nimis
595 709 668 748 sed
697 710 796 749 dura
823 718 958 750 manet
989 725 1264 765 conversaque
1293 713 1335 751 in
1362 713 1477 752 iram'
1735 720 1790 750 160

354 781 394 813 et
421 775 543 814 furias
574 775 701 825 (dolet
729 776 816 825 affl)
845 790 909 815 me
938 791 1019 815 non
1048 777 1219 830 decepta
1246 779 1420 831 reliquit.

350 841 374 888 i,
404 854 557 892 precor,
589 846 709 893 atque
738 842 869 889 istum,
901 856 979 894 quo
1008 856 1073 881 me
1101 843 1324 892 frustratur,
1356 858 1532 884 amorem

320 906 323 907 ⁷
350 906 479 953 vince,
508 919 658 957 procax
685 907 823 958 patriis
851 912 896 945 ut
924 907 1087 946 tandem
1117 908 1290 948 evadere
1318 911 1435 949 tectis

353 970 500 1010 audeat
530 977 651 1023 atque
680 985 813 1010 meum
843 985 939 1011 casu
969 972 1189 1013 defendere
1219 974 1267 1013 ab
1299 976 1405 1014 omni

341 1119 420 1155 155.
470 1121 636 1155 mentitae
669 1142 707 1146 -
734 1120 951 1166 Chalciopes,
977 1123 1021 1156 ut
1045 1122 1193 1157 mentita
1217 1123 1286 1157 tela
1309 1122 1421 1168 Verg.
1452 1123 1544 1161 Aen.
1570 1123 1620 1170 H,
1645 1125 1736 1169 422;

248 1180 288 1215 et
325 1179 451 1214 activa
489 1179 760 1224 significatione
799 1179 860 1215 Sil.
893 1180 937 1221 Π,
965 1180 1033 1215 637
1072 1181 1302 1227 Eurymedon
1332 1182 1483 1224 fratrem
1518 1187 1551 1219 et
1584 1184 1737 1227 fratrem

246 1240 388 1274 mentite
418 1238 603 1284 Lycorma.

342 1298 421 1334 156.
472 1299 646 1343 leviorque
673 1298 767 1341 Vat„
788 1301 1008 1344 propiorque
1025 1299 1166 1345 scripsi.

342 1357 420 1392 157.
470 1368 635 1403 mensque
653 1358 786 1393 obnixa
804 1359 915 1400 rnalo;
941 1369 1008 1403 que
1023 1358 1211 1404 particula
1229 1359 1412 1405 traicitur,
1438 1371 1522 1396 cum
1536 1361 1734 1398 dicendum

244 1416 360 1452 fuerit
387 1416 548 1462 ‘propior
573 1417 707 1463 pudori
733 1417 943 1463 obnixaque
969 1418 1070 1454 malo
1095 1429 1200 1454 mens
1228 1420 1319 1461 est’;
1347 1418 1414 1455 cfr.
1441 1420 1491 1455 ad
1515 1420 1543 1462 I,
1570 1420 1651 1457 844.

341 1476 419 1512 158.
468 1477 591 1519 subcus
616 1476 794 1522 Olympus
833 1477 970 1512 dicitur
993 1479 1150 1523 propter
1175 1478 1408 1523 splendorem
1431 1478 1602 1523 siderum,
1640 1480 1736 1516 sicut

243 1535 364 1572 sidera
387 1535 470 1581 ipsa
491 1536 594 1579 fulva
619 1536 721 1582 apud
744 1536 874 1572 Tibull.
901 1537 948 1578 II,
977 1537 1008 1583 1,
1035 1537 1092 1573 88.

341 1595 420 1631 159.
471 1591 583 1631 tecum
607 1596 704 1636 Vat„
731 1607 862 1631 mecum
886 1597 938 1631 82⁸8
961 1597 1056 1632 hunc
1079 1596 1174 1631 Phil.
1203 1597 1379 1642 Wagner.

343 1655 423 1692 161.
473 1655 566 1691 dolet
590 1666 633 1690 ac
657 1666 712 1690 me
734 1667 830 1690 nunc
868 1656 1010 1700 decepta
1046 1656 1187 1701 reliquit
1218 1656 1313 1697 Vat.‚
1340 1656 1407 1692 sed
1438 1658 1622 1702 quomodo
1654 1658 1734 1703 quis

243 1714 282 1750 in
306 1714 419 1750 iram
445 1715 484 1750 et
509 1714 654 1750 furias
676 1726 875 1751 conversus
902 1714 993 1750 satis
1012 1717 1112 1751 recte
1131 1715 1256 1751 dolere
1282 1715 1356 1751 dici
1371 1715 1499 1761 possit,
1525 1728 1597 1752 non
1615 1715 1735 1759 video,

243 1785 366 1819 neque
392 1774 552 1819 decepta
590 1776 646 1810 est
670 1774 803 1810 Medea.
829 1775 876 1810 ab
902 1775 1063 1821 Iunone3
1089 1774 1220 1820 scripsi
1251 1774 1366 1819 igitur
1392 1774 1655 1811 Schenkelium
1679 1787 1737 1812 se-

245 1834 351 1869 cutus
376 1844 462 1869 non
486 1834 639 1878 decepta,
665 1835 866 1879 praeterea
891 1834 983 1869 dolet
1009 1834 1076 1869 ah!
1100 1845 1149 1869 sc.
1168 1833 1269 1876 mihi,
1296 1834 1441 1871 Iunoni.

340 1893 420 1929 163.
468 1893 569 1928 vince
587 1904 718 1938 precor
754 1894 850 1935 Vat„
877 1894 976 1929 vince
993 1904 1136 1938 procax
1171 1892 1416 1930 Sandstroem
1442 1894 1586 1930 emend.
1611 1906 1644 1940 p.
1670 1894 1734 1937 39;

243 1964 319 1988 non
355 1953 476 1988 solum
510 1953 668 1998 propter
716 1952 982 1997 repetitionem
1013 1963 1144 1997 precor
1178 1952 1268 1988 ferri
1293 1964 1367 1988 non
1403 1954 1537 1999 potest,
1568 1953 1635 1989 sed
1661 1965 1737 1989 om-

243 2011 331 2048 nino
357 2012 406 2047 ad
430 2011 706 2058 imperativum,
739 2011 859 2057 qualis
886 2012 942 2047 est
966 2013 1074 2054 vince,
1114 2012 1254 2047 addere
1279 2024 1355 2048 non
1379 2011 1484 2048 licet:
1520 2013 1645 2058 potest
1670 2012 1737 2048 ali-

244 2071 324 2116 quis
356 2071 482 2117 rogari
513 2072 555 2107 ut
584 2072 780 2117 pugnet,
819 2083 894 2107 non
923 2072 1067 2117 potest,
1105 2073 1148 2106 ut
1172 2071 1349 2107 vincat:
1389 2072 1430 2106 at
1460 2083 1610 2117 prorsus
1641 2072 1736 2108 falso

242 2130 336 2166 illud
355 2142 497 2175 procax
521 2132 652 2167 auctor
677 2130 914 2167 coniecturae
940 2131 989 2166 ad
1009 2131 1196 2167 Venerem
1220 2131 1378 2174 rettulit,
1405 2142 1488 2166 cum
1511 2130 1651 2167 referre
1669 2131 1735 2167 de-

249 2189 362 2225 beret
388 2190 437 2224 ad
461 2190 648 2226 Medeam.

344 2260 497 2285 amorem
532 2251 632 2285 vince
655 2250 679 2287 i.
720 2261 749 2285 e.
776 2249 959 2285 vincendo
984 2250 1022 2285 in
1047 2250 1183 2286 Medea
1209 2249 1337 2291 excita,
1365 2249 1472 2285 office
1497 2259 1660 2285 amorem
1683 2261 1733 2287 sc.

249 2307 409 2351 Iasonis;
447 2308 487 2343 in
518 2320 630 2354 prosa
661 2309 798 2344 dicitur
831 2309 1006 2345 iudicium
1040 2310 1178 2344 vincere
1204 2309 1277 2345 Cic.
1303 2309 1342 2344 in
1373 2309 1476 2345 Verr.
1515 2308 1586 2344 act.
1617 2308 1668 2355 H,
1701 2309 1733 2353 1,

250 2367 338 2414 1393
379 2379 482 2403 amor
507 2367 612 2412 quasi
636 2368 800 2413 pretium
825 2369 893 2414 est,
927 2369 1026 2413 quod
1057 2368 1223 2405 vincenti
1256 2368 1384 2411 datur;
1418 2367 1483 2403 cfr.
1511 2366 1612 2403 Suet.
1638 2367 1734 2414 Aug.

249 2426 294 2461 71
320 2447 364 2453 --
390 2427 548 2462 vicissem
572 2427 627 2462 vel
660 2427 920 2472 quinquaqinta
944 2428 1057 2463 millia
1083 2428 1153 2463 ‘ich
1179 2429 1286 2463 hatte
1318 2430 1542 2473 gewonnen'‚
1575 2427 1615 2462 et
1639 2427 1688 2462 ad
1703 2426 1732 2470 Ι,

248 2486 334 2529 248;
355 2487 427 2522 hoc
446 2487 573 2522 autem
590 2486 733 2521 Iasonis
753 2498 879 2522 amore
894 2487 1097 2530 frustratum
1114 2487 1248 2523 Medea
1263 2488 1452 2532 Iunonem,
1472 2485 1495 2522 i.
1511 2497 1542 2521 e.
1558 2486 1592 2521 ei
1605 2487 1733 2533 negat,

247 2557 323 2581 non
351 2546 429 2581 dat.

345 2605 491 2640 evadere
514 2606 614 2641 tectis
639 2605 784 2647 audeat;
812 2605 951 2641 audeat
976 2606 1090 2641 clam
1116 2606 1226 2642 domo
1252 2605 1362 2647 exire,
1388 2616 1607 2650 quamquam
1632 2604 1731 2650 peri-

246 2663 369 2699 culum
396 2665 462 2705 est,
489 2675 537 2700 ne
560 2667 668 2710 pater
694 2676 776 2700 eam
802 2666 998 2704 exeuntem
1024 2664 1294 2710 deprehendat.
