1890 3100
606 206 998 244 ARGONAVTICON
1021 206 1168 242 LIBER
1192 206 1236 242 V.
1553 207 1639 250 381

255 327 355 379 legit
380 327 530 365 honore
558 332 706 378 patres,
734 327 911 379 motique
941 325 994 365 ad
1019 325 1179 378 proelia
1205 338 1337 376 reges.
1374 375 1378 379 ⁵

256 391 444 430 admonet
471 391 535 430 hic
563 392 692 430 socios
720 391 989 443 nebulamque
1018 391 1189 442 erumpit
1214 391 1348 436 Iason,
1637 400 1695 429 465

262 456 419 495 siderea
447 470 515 495 ora
541 456 695 495 ferens:
722 470 827 495 nova
854 456 925 494 lux
953 456 1081 495 offusa
1108 455 1288 506 Cytaeis.

255 522 502 560 conveniunt
530 522 758 574 stipantque
785 521 892 559 viros
920 521 1189 572 rogitantque,
1219 520 1315 573 quid
1344 520 1444 567 ausi,

266 586 412 639 quidve
440 587 581 625 ferant.
637 592 850 638 postquam
876 586 1013 637 primis
1037 586 1241 624 'inhiantia
1269 585 1384 623 dictis

267 652 427 703 agmina
454 664 791 703 suppressumque
819 650 931 689 videt
957 652 1036 689 iam
1064 665 1240 689 murmur
1266 651 1399 696 Iason,

258 717 356 755 talia
381 717 539 755 miranti
564 722 769 768 promptus
797 716 888 754 tulit
916 729 1007 754 orsa
1032 721 1227 767 tyranno:
1637 719 1697 748 470

260 787 344 820 ‘rex
370 780 658 833 Hyperionide,
688 794 807 832 quem
834 794 907 832 per
933 780 1037 819 freta
1062 786 1175 819 tanta
1201 779 1419 832 petendum

247 922 328 957 464.
371 926 514 967 patres:
541 921 607 957 cfr.
633 921 720 965 2693
746 922 814 957 sed
839 933 861 956 a
878 922 1028 957 Titania
1052 921 1199 964 tellure,
1224 921 1247 956 i.
1274 933 1306 957 e.
1332 922 1380 957 ab
1404 921 1533 957 incolis
1559 921 1637 957 eius

153 980 325 1027 regionis,
357 981 423 1016 ubi
446 982 581 1017 Aeetes
613 980 713 1016 filius
745 980 850 1018 Solis.
885 982 947 1026 qui
971 980 1085 1016 Titan
1116 981 1262 1027 dieitur,
1292 981 1489 1026 regnabat,
1521 980 1639 1016 lectos

152 1051 235 1076 esse
256 1042 395 1086 patres,
420 1052 496 1076 non
520 1040 569 1075 ab
594 1051 684 1086 rege
708 1040 799 1086 ipso.
825 1052 976 1086 prorsus
1002 1042 1060 1076 est
1082 1040 1303 1076 incredibile
1319 1051 1439 1086 neque
1455 1040 1495 1075 id
1512 1040 1638 1076 dicere

150 1099 303 1144 poterat
325 1100 450 1144 poeta,
477 1110 562 1134 cum
585 1110 635 1134 ne
659 1099 803 1134 liberae
827 1099 977 1144 quidem
1003 1099 1229 1144 reipublicae
1252 1099 1443 1135 Romanae
1466 1100 1639 1144 tempore

150 1169 313 1202 unquam
335 1159 528 1194 senatores
553 1169 576 1193 a
598 1158 737 1204 populo
762 1158 851 1193 lecti
877 1160 1011 1194 essent.
1055 1160 1176 1201 Quare
1207 1160 1311 1194 recte
1335 1158 1461 1193 Burm.
1486 1169 1555 1203 pro
1581 1169 1637 1202 eo,

152 1217 251 1262 quod
275 1220 331 1252 est
353 1216 394 1252 in
418 1229 452 1252 v.
477 1217 549 1251 463
572 1217 611 1252 in
639 1217 720 1252 Vat.
746 1218 857 1261 tellus,
883 1217 1032 1262 scripsit
1050 1218 1182 1261 proles.

245 1287 345 1321 reyes
368 1278 455 1311 sunt
479 1276 592 1312 duces
616 1276 800 1312 sociorum
823 1276 863 1311 in
886 1276 988 1312 bello
1013 1278 1144 1312 contra
1167 1276 1325 1312 fratrem
1349 1277 1527 1322 gerendo.

244 1340 327 1376 465.
374 1340 536 1376 nob-dam
560 1342 727 1385 erumpit:
752 1341 866 1386 Verg.
886 1342 976 1377 Aen.
994 1340 1022 1381 L
1048 1341 1276 1387 580nubem3
1304 1341 1373 1378 cul.
1401 1341 1470 1376 182
1492 1342 1635 1384 fauce&

155 1398 299 1446 Coripp.
325 1399 406 1436 Ioh.
432 1399 460 1439 L
486 1399 533 1434 66
558 1399 756 1443 Βοπιαηως
782 1400 867 1435 vide
893 1400 1008 1435 etiam
1032 1400 1083 1435 ad
1106 1412 1142 1437 v.
1166 1400 1249 1435 315.

247 1465 329 1500 466.
378 1465 507 1500 sideris
529 1465 625 1502 Vat..
650 1465 787 1500 siderea
812 1465 996 1501 Heinsius.

248 1523 391 1569 Cytaea
416 1525 499 1560 erat
523 1524 701 1570 oppidum
731 1524 952 1560 Colchorum
975 1524 1087 1560 schol.
1106 1525 1175 1570 Ap.
1201 1525 1251 1566 II.
1278 1524 1365 1567 399;
1393 1524 1506 1570 Cytas
1523 1525 1639 1560 nomi-

151 1583 227 1618 nat'
242 1582 333 1618 Plin.
364 1582 428 1628 IV,
457 1583 520 1624 86;
551 1583 639 1619 inde
666 1582 814 1629 Cytaeos
843 1595 912 1629 pro
945 1583 1091 1619 Colchis
1125 1584 1220 1618 dixit
1256 1583 1442 1625 Valerium
1475 1584 1527 1619 ibi
1559 1584 1620 1620 Me

156 1641 267 1677 deam
285 1643 415 1677 natam
440 1653 520 1678 esse
543 1642 703 1678 tradidit
726 1644 879 1688 praeter
904 1643 997 1678 alios
1023 1642 1152 1688 Steph.
1178 1643 1266 1688 Byz.
1299 1655 1327 1678 s.
1340 1655 1376 1678 v·
1389 1645 1502 1685 Κύτα;
1516 1644 1639 1680 Κυται-

156 1699 210 1742 έος
232 1701 356 1746 Αἰήταο
380 1701 538 1746 legimus
562 1701 683 1747 Apoll,
709 1702 759 1741 Π,
786 1702 857 1737 405
881 1703 920 1737 et
943 1702 1014 1739 111.
1038 1702 1127 1742 22&
1154 1703 1280 1748 Αἰήταο
1303 1702 1449 1738 Κυταίου
1475 1702 1579 1738 1096.

251 1759 482 1805 Quamquam
506 1771 619 1806 supra
641 1761 713 1796 408
736 1762 851 1807 poeta
876 1761 1031 1802 dixerat,
1057 1761 1241 1807 templum
1265 1761 1357 1797 Solis
1381 1763 1490 1797 tanto
1515 1762 1637 1807 splen-

155 1817 245 1854 dore
269 1820 417 1859 micare,
443 1819 549 1864 quasi
571 1831 635 1854 arx
658 1820 741 1865 ipsa
766 1820 909 1855 Phoebi
934 1822 1042 1858 esset,
1067 1822 1196 1856 tamen
1222 1821 1291 1856 hoc
1315 1821 1398 1857 loco
1424 1821 1474 1855 ad
1489 1821 1633 1856 Iasonis

153 1877 316 1923 speciem
340 1878 552 1922 augendam
577 1878 752 1919 affirmat,
779 1891 941 1915 novam
964 1880 1087 1915 lucem
1113 1879 1258 1915 Colchis
1284 1879 1441 1915 offusam
1466 1891 1558 1916 esse.

246 1942 329 1980 467.
376 1943 601 1988 royitantqnoe
631 1944 725 1984 Vat,
758 1944 961 1988 stipantque
991 1944 1193 1980 Loehbach
1230 1944 1375 1980 observ.
1408 1945 1489 1980 crit.
1520 1957 1558 1990 p.
1591 1946 1635 1979 11

157 2000 239 2036 coll.
263 2000 346 2042 vn,
373 2001 460 2047 5573
490 2001 597 2047 Verg.
622 2013 746 2048 georg.
772 2002 833 2042 lv,
859 2003 940 2038 216.

248 2066 331 2102 468.
378 2067 676 2102 mamacas
693 2068 837 2112 agmina
855 2067 878 2102 i.
898 2079 930 2103 e.
945 2079 1030 2103 cum
1050 2079 1187 2113 magno
1212 2068 1336 2103 studio
1361 2069 1637 2114 exspectantia;

154 2125 326 2161 similiter
355 2124 468 2171 Verg.
502 2129 590 2161 Aen.
626 2125 688 2166 IV,
726 2125 772 2160 64
805 2127 1050 2172 pecudumque
1081 2128 1229 2162 recmis
1253 2128 1457 2172 poam-ibus
1492 2129 1639 2164 inhians

154 2183 278 2229 (Dido)
301 2184 326 2220 i.
352 2195 383 2220 e.
416 2196 501 2220 cum
530 2196 667 2230 magno
697 2185 822 2221 studio
853 2185 1070 2231 inspiciens;
1108 2187 1227 2222 Amm.
1260 2186 1374 2223 Marc.
1399 2186 1531 2232 XXVI,
1556 2187 1589 2228 7,
1615 2187 1639 2222 9

148 2243 339 2288 promissis
371 2244 559 2278 uberrimis
594 2244 772 2279 inhiantes
810 2244 975 2290 (milites)
1006 2244 1030 2280 i.
1063 2256 1095 2281 e.
1126 2256 1265 2290 magna
1307 2257 1391 2280 cum
1428 2246 1638 2292 cupiditate

154 2302 405 2347 expectantes.

246 2365 329 2403 470.
388 2368 545 2411 propia-3
575 2366 671 2409 Vat.v
704 2372 870 2411 promtus
901 2368 1097 2413 Meyncke;
1134 2370 1217 2404 tulit
1253 2380 1337 2405 orsa
1376 2374 1547 2415 tyranno:
1586 2370 1638 2405 sic

154 2423 194 2460 in
216 2425 476 2471 respondendo
501 2425 602 2471 apud
626 2425 735 2471 Verg.
761 2427 853 2463 Aen.
877 2426 961 2467 VII,
984 2427 1056 2462 435
1079 2429 1119 2463 et
1135 2427 1197 2469 XI,
1226 2428 1293 2463 124
1310 2440 1394 2464 orsa
1420 2429 1543 2471 refert:
1571 2428 1637 2464 cfr.

156 2482 271 2520 etiam
293 2484 343 2519 ad
366 2483 415 2529 11,
441 2483 522 2520 282.

249 2541 360 2578 Iason
391 2542 482 2588 ipse,
514 2544 556 2578 ut
587 2543 697 2579 dccet
728 2543 870 2585 ducem.
910 2545 959 2580 ab
990 2545 1107 2581 Aeeta
1130 2545 1248 2581 vellus
1274 2557 1428 2582 aureum
1452 2546 1634 2592 postulat;

158 2600 258 2646 apud
289 2601 525 2647 Apollonium
561 2602 680 2637 minus
717 2604 805 2648 apte
836 2604 957 2649 Argus
991 2603 1087 2639 filius
1122 2604 1248 2640 Phrixi
1278 2616 1347 2650 pro
1379 2604 1511 2641 Iasone
1543 2605 1635 2640 facit

158 2659 276 2695 verba
297 2659 368 2700 m,
393 2660 461 2696 317
487 2672 587 2706 seqq.
