1890 3100
794 817 1151 871 ADDENDA.

315 1003 440 1040 Praef.
467 1016 503 1049 p.
532 1004 586 1039 13.
637 1004 826 1050 Exemplis
851 1005 966 1040 medii
991 1005 1119 1050 graeci
1143 1005 1350 1042 Valerianis
1376 1007 1574 1043 adicienda
1598 1009 1719 1044 verba

217 1063 246 1109 Ι,
272 1064 317 1098 34
344 1075 420 1108 seq.
462 1063 633 1099 Cleonaeo
666 1064 738 1098 iam
771 1068 931 1108 tempora
964 1065 1082 1100 clusus
1106 1066 1210 1100 hiatu
1240 1066 1399 1102 Alcides:
1435 1078 1515 1102 sua
1545 1070 1720 1113 tempora

219 1123 425 1167 clauserat3
452 1122 502 1168 II,
528 1123 598 1157 249
623 1124 687 1158 illa
704 1124 792 1167 pias
816 1128 959 1159 armata
983 1135 1120 1161 manus,

313 1183 341 1228 Ι,
370 1181 427 1219 39.
478 1182 615 1218 Versus
641 1182 825 1218 Leoninos
851 1183 919 1218 hos
945 1183 1094 1218 addidit
1117 1183 1273 1219 Hosius:
1306 1184 1417 1231 Prop.
1443 1185 1473 1227 Ι,
1502 1185 1557 1230 17,
1584 1185 1606 1220 5
1631 1187 1719 1231 quin

218 1242 325 1277 etiam
352 1242 492 1277 absenti
509 1246 667 1286 prosunt
692 1243 766 1284 tibi,
797 1242 960 1287 Cynthia,
987 1243 1082 1278 venti
1089 1256 1097 1288 3
1138 1242 1204 1279 Ov.
1232 1243 1323 1278 artis
1349 1244 1377 1286 Ι,
1405 1244 1451 1280 59
1476 1249 1560 1290 quot
1584 1245 1720 1280 caebum

217 1301 346 1342 stellas,
373 1305 426 1336 tot
450 1301 556 1336 habet
579 1305 644 1336 tua
670 1301 786 1336 Roma
805 1302 957 1346 puellas.

314 1361 344 1404 Ι,
370 1361 450 1396 211.
502 1360 623 1395 Multa
655 1372 776 1405 neque
807 1360 916 1402 levia,
949 1372 1044 1406 quae
1074 1363 1208 1406 postea
1239 1362 1409 1398 narravit
1433 1363 1614 1405 Valerius,
1647 1364 1718 1399 hoc

218 1419 302 1454 loco
345 1419 496 1464 Mopsus
538 1431 613 1455 non
656 1421 942 1464 commemorat,
991 1420 1096 1455 velut
1137 1421 1469 1458 commorationem
1510 1422 1716 1464 Lemniam,

217 1478 360 1513 bellum
409 1478 508 1514 inter
550 1479 790 1523 Argonautas
841 1480 880 1514 et
929 1478 1127 1523 Cyzicenos
1166 1481 1279 1525 atque
1320 1480 1420 1516 inter
1463 1481 1622 1517 Aeetam
1673 1483 1712 1516 et

217 1537 359 1572 Persen
391 1538 549 1582 gestum,
588 1549 661 1582 qua
698 1549 742 1572 ex
774 1549 814 1572 re
847 1538 1036 1573 concludit
1065 1538 1272 1583 Pignataro
1303 1539 1466 1582 Poliffiui,
1495 1539 1532 1576 C.
1559 1539 1710 1576 Valerio

216 1596 350 1631 Flacco
390 1608 409 1632 e
448 1596 647 1641 Apollonio
682 1596 816 1641 Rodio,
869 1596 1000 1641 saggio
1045 1597 1171 1633 critico
1209 1610 1242 1643 p.
1282 1597 1362 1645 192,
1400 1610 1476 1634 non
1521 1599 1568 1634 ab
1606 1599 1715 1634 initio

215 1655 371 1700 poetam
396 1654 436 1689 in
468 1656 595 1690 mente
627 1655 703 1689 iam
735 1655 949 1690 absolutum
980 1656 1205 1692 narrationis
1240 1658 1503 1702 argumentum
1533 1657 1714 1693 informa-

215 1714 298 1748 tum
325 1714 509 1750 habuisse.

311 1773 341 1814 Ι,
369 1773 449 1809 335.
501 1773 600 1808 Sane
627 1785 711 1808 cum
735 1774 880 1809 totam
907 1774 1087 1810 discessus
1101 1775 1402 1819 Argonautarum
1427 1775 1717 1821 descriptionem

216 1831 387 1868 consider
393 1843 510 1877 amus,
520 1832 687 1877 palmam
698 1832 777 1868 sine
786 1833 899 1868 dubio
907 1833 946 1868 in
953 1834 1023 1868 hac
1031 1833 1182 1878 quidem
1187 1835 1298 1879 parte
1307 1834 1461 1869 carmini
1469 1834 1718 1880 Apolloniano

213 1890 382 1926 tribuere
414 1891 594 1926 debemus
618 1893 774 1937 propter
799 1892 1079 1927 vehementiam
1103 1904 1232 1928 sensus
1266 1894 1304 1928 et
1328 1904 1418 1929 vere
1450 1893 1596 1939 epicam
1629 1904 1709 1928 narr

214 1950 324 1985 randi
349 1950 554 1993 rationem3
582 1950 648 1986 cfr.
676 1951 782 1996 Pign.
809 1951 888 1987 Pol.
914 1964 949 1996 p.
976 1952 1031 1986 64.

310 2009 339 2047 1.
372 2009 453 2045 351.
511 2011 565 2045 De
598 2010 720 2055 signo,
761 2011 858 2055 quod
895 2010 1075 2046 militibus
1106 2012 1167 2047 ter
1200 2011 1294 2046 tuba
1326 2012 1453 2055 datur,
1487 2011 1553 2047 cfr.
1584 2012 1717 2057 Polyb,

213 2067 275 2109 VI,
302 2068 360 2104 40.

307 2127 337 2168 Ι,
365 2127 445 2162 355.
493 2127 567 2165 Cfr.
596 2127 691 2163 Stat.
720 2128 801 2165 silv.
828 2128 855 2170 I,
883 2129 916 2173 2,
936 2128 1005 2163 109
1030 2130 1152 2164 tellure
1169 2129 1349 2164 cadentem
1374 2129 1412 2169 (i.
1427 2141 1458 2165 e.
1476 2131 1716 2175 nascentem)

211 2185 364 2229 Excepi.

306 2244 336 2288 Ι,
366 2245 445 2282 611,
498 2245 596 2280 Euro
624 2257 737 2290 equos
762 2245 897 2280 tribuit
921 2246 1032 2291 Verg.
1058 2247 1150 2282 Aen.
1177 2246 1226 2288 ΙΙ,
1253 2247 1334 2285 417.

239 2327 241 2329 ·
305 2303 334 2344 Ι,
365 2303 444 2339 671.
503 2305 602 2348 Bury
633 2305 699 2339 the
731 2305 895 2340 classica]
933 2305 1071 2341 review
1101 2305 1145 2350 X,
1170 2318 1207 2351 p.
1234 2305 1280 2340 35
1310 2305 1506 2351 proposuit
1535 2306 1588 2341 eie
1616 2309 1716 2342 stan

211 2366 243 2397 et
263 2373 354 2406 opus
378 2363 521 2406 tollique
554 2364 710 2398 vicissim
733 2368 871 2407 pontus
895 2365 1000 2399 habet
1023 2364 1046 2399 i.
1074 2375 1105 2400 e.
1136 2364 1275 2400 etiam
1298 2366 1451 2410 pontus·
1472 2376 1563 2410 opus
1598 2365 1717 2400 habet

211 2422 325 2462 stare,
354 2421 420 2456 ubi
447 2421 647 2457 collocatio
674 2426 708 2457 et
731 2423 940 2467 particulae
965 2423 1076 2458 valde
1102 2423 1286 2468 displicet.

305 2480 335 2524 I,
365 2480 446 2517 675.
494 2480 607 2522 suerit
631 2492 700 2525 pro
728 2492 781 2526 eo,
810 2482 909 2525 quod
936 2483 994 2517 est
1025 2483 1101 2527 erit,
1136 2482 1325 2518 invenitur
1351 2482 1465 2517 etiam
1477 2481 1589 2526 Vei-g.
1615 2482 1710 2518 Aen.

210 2538 258 2583 ΙΙ,
285 2539 348 2582 77;
374 2539 485 2584 Prop.
513 2539 541 2580 Ι,
571 2539 625 2580 19,
655 2539 715 2581 15;
747 2539 819 2574 Cic.
847 2539 952 2576 Tusc.
978 2540 1021 2586 V,
1047 2541 1081 2583 4,
1109 2541 1169 2587 103
1195 2541 1274 2577 Liv.
1300 2540 1416 2585 XXX,
1443 2540 1500 2585 30,
1525 2541 1559 2575 4.

305 2597 333 2632 I.
361 2597 440 2634 782.
490 2598 550 2632 Ad
577 2599 695 2634 verba
725 2602 845 2633 retro
871 2610 1012 2633 carmen
1037 2611 1146 2644 ayens
1183 2598 1389 2644 Seyffertus
1416 2610 1499 2634 cum
1525 2599 1712 2634 Koestlini

212 2657 464 2702 explicatione
504 2657 741 2693 consentiens
779 2658 871 2692 haec
908 2658 1122 2697 adnotavit:
1161 2659 1278 2703 „noch
1304 2659 1417 2693 heute
1443 2658 1616 2693 herrscht
1643 2658 1712 2693 der
