1890 3100
571 263 957 301 ARGONAVTIGON
983 263 1131 299 LIBER
1156 263 1224 299 111.
1539 268 1624 310 241

255 386 427 426 necdum
455 399 591 425 omnes
619 376 802 424 lacrimas
831 389 952 436 atque
981 383 1113 421 omnia
1138 381 1296 420 reddita
1323 383 1452 421 caesis

254 453 361 491 iusta
386 456 544 504 putant3
571 450 700 502 patria
728 462 779 488 ex
807 449 933 487 oculis
961 453 1134 499 ace'rque
1161 447 1342 485 laborum

253 517 395 569 pulsus
423 529 533 555 amor
559 515 754 566 segnique
781 514 892 552 iuvat
918 514 1135 565 frigescere
1163 512 1287 550 luctu.

254 583 341 634 ipse
370 582 488 620 etiam
515 579 752 626 Aesonides,
782 592 1020 631 quamquam
1047 578 1274 616 tristissima
1301 591 1432 616 rerum

256 646 487 698 castiganda
514 645 604 684 duci
631 645 825 696 vultuque
852 643 1071 695 premenda
1099 656 1252 690 sereno,

253 711 436 750 dulcibus
463 710 646 761 indulget
671 709 843 747 lacrimis
873 709 1079 760 aperitque
1109 707 1298 746 dolorem.

251 782 336 815 tum
363 781 519 814 secreta
545 775 708 813 trahens
735 773 967 813 Phoebeum
996 772 1047 811 ad
1074 773 1192 812 litora
1217 773 1401 825 Mopsum

252 840 471 894 ‘quaenam’
501 841 556 879 ait
585 841 673 878 ‘ista
698 839 800 887 lues,
829 845 898 878 aut
926 852 1028 891 quae
1058 839 1257 877 sententia
1286 838 1447 878 divum?

250 906 488 946 decretusne
515 906 627 944 venit
653 905 736 943 fato
765 903 916 957 pavor?
944 918 996 942 an
1024 904 1100 942 sibi
1126 911 1294 943 nectunt

1624 661 1681 690 370

249 971 370 1010 corda
395 969 552 1010 moras?
581 984 651 1009 cur
677 971 927 1009 immemores
956 969 1167 1022 famaeque
1194 970 1370 1022 larisque
1618 994 1675 1023 375

249 1035 456 1088 angimur?
483 1042 551 1075 aut
578 1036 708 1087 pariet
736 1049 948 1088 quemnam
975 1035 1077 1073 haec
1104 1036 1265 1086 ignavia
1292 1035 1450 1074 finem?

302 1101 468 1139 ‘Dicam’
498 1101 553 1139 ait
582 1106 640 1139 ‘ac
667 1101 826 1152 penitus
856 1113 997 1138 causas
1024 1100 1238 1152 labemque
1267 1099 1432 1139 docebo'

247 1166 423 1218 MopsuS,
453 1171 494 1204 ct
522 1172 629 1204 astra
655 1172 772 1203 truens
802 1171 894 1203 ‘non
923 1165 957 1203 si
984 1165 1168 1203 mortalia
1195 1165 1372 1204 membra

248 1231 489 1283 sortitusque
516 1231 661 1269 breves
691 1236 731 1269 et
757 1230 871 1282 parvi
897 1236 1077 1281 tempora
1105 1229 1176 1268 fati

245 1297 499 1348 perpetimur,
530 1296 660 1334 socius
689 1296 823 1347 superi
851 1295 1050 1348 quondam
1076 1295 1180 1346 ignis
1211 1293 1386 1347 Olympi,
1616 1313 1672 1343 38⁰

246 1360 307 1399 fas
333 1360 425 1399 ideo
453 1361 620 1400 miscere
647 1373 769 1399 neces
796 1360 983 1412 ferroque
1011 1366 1210 1398 morantes

230 1485 312 1523 367.
359 1495 525 1530 sacerque
547 1484 644 1526 vat„
670 1495 816 1529 acerque
841 1485 920 1520 cod.
949 1484 1067 1519 Carr:

229 1542 312 1580 370.
359 1545 564 1580 uastissima
586 1555 704 1579 rerum
728 1544 937 1589 wstiyanda
961 1544 1043 1579 dua·
1065 1543 1090 1579 i.
1110 1555 1140 1580 e.
1159 1543 1283 1580 animo
1309 1544 1530 1586 cohibenda,
1556 1557 1614 1581 re-

133 1603 340 1649 primenda,
365 1605 409 1639 ut
431 1603 493 1644 VI,
519 1603 590 1638 660
613 1604 831 1648 castiyatque
854 1607 980 1645 metus;
1006 1603 1156 1639 Petron.
1182 1604 1228 1637 47
1254 1604 1468 1649 castigamus
1484 1605 1615 1641 crebris

129 1663 350 1707 potiunculis
383 1664 511 1710 ri8um;
546 1662 657 1708 Verg.
693 1664 823 1698 contra
848 1663 939 1698 Aen.
965 1662 993 1704 Ι,
1019 1661 1089 1697 209
1126 1663 1274 1708 scripsit
1304 1665 1467 1708 premit
1503 1665 1615 1699 altum

49 1722 54 1729 ¹
134 1721 238 1757 corde
260 1721 421 1757 dolorem.

227 1781 310 1817 374.
357 1785 500 1816 nectunt
524 1802 568 1808 —
593 1793 728 1817 moras:
768 1781 850 1817 Sen.
876 1782 985 1818 Herc.
1012 1781 1094 1817 Oet.
1121 1781 1176 1818 10.

229 1839 310 1876 376.
358 1851 541 1886 quemnam
564 1842 716 1886 praeter
741 1841 1045 1876 consuetudinem
1074 1841 1333 1886 postponitur;
1374 1841 1615 1878 referendum

60 1926 62 1931 ,
134 1897 206 1934 hoc
232 1898 282 1934 ad
304 1910 481 1945 magnam
504 1899 608 1934 illam
630 1900 857 1941 libertatem,
884 1911 995 1945 quam
1019 1899 1091 1935 sibi
1115 1901 1228 1935 sumit
1251 1900 1422 1936 Valerius
1447 1901 1486 1935 in
1502 1913 1613 1937 voca-

59 1978 78 2002 ¹..
133 1955 230 1992 bulis
254 1957 490 1993 collocandis.
531 1958 613 1994 Iam
628 1958 668 1993 in
684 1970 803 1999 versu,
830 1959 892 2003 qui
908 1959 1083 2003 sequitur,
1102 1960 1178 1995 tale
1196 1959 1285 2004 quid
1302 1959 1521 2002 invenimus,
1546 1961 1615 1995 ubi

12 2036 16 2046 2
62 2039 70 2049 -,
131 2015 187 2051 ait
209 2017 250 2052 et
266 2015 419 2061 Mopsus
440 2028 562 2063 paene
585 2019 668 2053 toto
693 2029 802 2053 versu
826 2018 925 2054 inter
950 2030 989 2053 se
1009 2020 1184 2064 separata
1201 2020 1303 2061 sunt;
1323 2019 1369 2054 de
1388 2020 1459 2054 hac
1475 2031 1519 2055 re
1543 2019 1611 2055 cfr.

59 2077 81 2109 ἶ
130 2073 177 2116 11,
201 2074 291 2118 575;
323 2075 390 2115 m.
419 2076 503 2123 1433
529 2076 572 2118 V,
598 2076 678 2114 129.

224 2133 304 2171 378.
353 2135 437 2170 Iam
461 2136 651 2171 exorditur
675 2136 824 2182 Mopsus
850 2137 1076 2172 sententiam
1101 2137 1148 2173 de
1174 2137 1381 2173 animorum
1404 2140 1490 2183 post
1513 2150 1612 2174 mor-

15 2191 19 2200 ‘
71 2190 89 2243 *J
130 2191 209 2228 tom
245 2194 461 2231 condicione
500 2206 685 2240 exponere
693 2209 701 2237 ;
738 2197 852 2241 poeta
888 2196 1055 2231 imitatus
1091 2196 1238 2232 videtur
1268 2197 1380 2242 Verg.
1418 2200 1508 2234 Aen.
1546 2197 1608 2238 VI,

70 2270 93 2298 ,;,
132 2250 202 2286 '224
225 2263 337 2298 seqq„
362 2253 427 2288 ubi
451 2253 631 2290 Anchises
656 2255 756 2300 apud
778 2254 918 2291 inferos
943 2255 1078 2290 similia
1104 2256 1238 2292 edocet
1261 2256 1388 2298 filium,
1413 2258 1495 2291 tum
1512 2256 1610 2306 Stoi-

20 2323 27 2361 j
86 2326 95 2349 ς
130 2319 256 2346 eorum
279 2311 327 2348 de
351 2312 482 2348 animis
517 2315 722 2359 praecepta
745 2314 919 2359 respexit,
958 2315 1117 2360 denique
1141 2315 1319 2351 nonnulla
1342 2315 1422 2361 ipse
1449 2316 1606 2358 addidit,

81 2371 98 2378 ’
130 2366 310 2415 imprimis
332 2371 402 2407 384
427 2383 528 2418 seqq.

222 2428 306 2468 379.
329 2432 477 2467 sonitus
500 2432 570 2467 hoc
586 2431 668 2468 loco
682 2444 751 2478 pro
764 2435 865 2469 sorte
877 2433 1048 2479 ponitur;
1074 2433 1127 2469 sic
1150 2434 1303 2480 propria
1326 2435 1435 2470 sortis
1451 2434 1605 2470 notione

22 2503 29 2547 ᾗ
129 2483 315 2524 invonitur
340 2490 440 2535 apud
464 2489 556 2526 stat.
585 2491 701 2529 Theb.
726 2491 789 2533 VI,
814 2492 884 2527 389
908 2497 941 2529 et
970 2494 1042 2529 iam
1069 2495 1216 2529 amitus
1239 2494 1419 2529 Rotam
1445 2498 1607 2529 versarat

14 2559 33 2606 ³5⁴
130 2554 221 2581 eona
245 2545 404 2596 Gaoeide3
439 2551 478 2585 et
501 2550 686 2586 translata
710 2551 774 2596 IX,
811 2552 857 2586 54
880 2563 943 2588 nec
978 2554 1051 2588 iam
1074 2554 1221 2588 sortitus
1244 2557 1373 2588 veteres
1398 2570 1439 2576 —
1463 2557 1547 2597 peto
1566 2555 1607 2588 et

15 2622 42 2656 μ’.
81 2611 97 2654 ς’
129 2601 207 2646 ΠΙ,
231 2605 302 2642 556
325 2607 509 2659 eademque
539 2610 578 2645 in
600 2610 729 2655 sidera,
767 2611 902 2647 eosdem
927 2612 1084 2648 Sortitus
1108 2613 1308 2647 animarum
1333 2633 1377 2639 —
1403 2612 1604 2657 (homines)

220 2721 301 2762 381.
347 2726 488 2762 meboere
510 2738 609 2763 nece-9
631 2728 654 2764 i.
682 2739 712 2764 e.
738 2729 836 2766 inter
861 2741 900 2765 se
930 2741 1099 2775 pugnare
1134 2730 1408 2776 pugnandoque
1434 2729 1603 2764 homines

1321 2789 1364 2823 16
