<?xml version="1.0" encoding="UTF-8"?>
<!DOCTYPE html PUBLIC "-//W3C//DTD XHTML 1.0 Transitional//EN"
    "http://www.w3.org/TR/xhtml1/DTD/xhtml1-transitional.dtd">
<html xmlns="http://www.w3.org/1999/xhtml" xml:lang="en" lang="en">
 <head>
  <title>
</title>
<meta http-equiv="Content-Type" content="text/html;charset=utf-8" />
  <meta name='ocr-system' content='tesseract 3.04.00' />
  <meta name='ocr-capabilities' content='ocr_page ocr_carea ocr_par ocr_line ocrx_word'/>
</head>
<body>
  <div class='ocr_page' id='page_1' title='image "argonauticonlibr00valeuoft_0058.png"; bbox 0 0 1890 3100; ppageno 0'>
   <div class='ocr_carea' id='block_1_1' title="bbox 233 225 1202 270">
    <p class='ocr_par' dir='ltr' id='par_1_1' title="bbox 233 225 1202 270">
     <span class='ocr_line' id='line_1_1' title="bbox 233 225 1202 270; baseline 0.001 -9"><span class='ocrx_word' id='word_1_1' title='bbox 233 227 290 270; x_wconf 86' lang='lat'>48</span> <span class='ocrx_word' id='word_1_2' title='bbox 759 225 795 262; x_wconf 83' lang='grc'>0.</span> <span class='ocrx_word' id='word_1_3' title='bbox 823 226 1003 261; x_wconf 82' lang='lat' dir='ltr'>VALERI</span> <span class='ocrx_word' id='word_1_4' title='bbox 1029 226 1202 262; x_wconf 83' lang='lat' dir='ltr'>FLACCI</span> 
     </span>
    </p>
   </div>
   <div class='ocr_carea' id='block_1_2' title="bbox 338 344 1796 817">
    <p class='ocr_par' dir='ltr' id='par_1_2' title="bbox 341 344 1396 397">
     <span class='ocr_line' id='line_1_2' title="bbox 341 344 1396 397; baseline 0 -14"><span class='ocrx_word' id='word_1_5' title='bbox 341 344 392 383; x_wconf 88' lang='lat' dir='ltr'>da</span> <span class='ocrx_word' id='word_1_6' title='bbox 419 346 589 384; x_wconf 86' lang='lat' dir='ltr'>veniam.</span> <span class='ocrx_word' id='word_1_7' title='bbox 621 346 703 384; x_wconf 84' lang='lat' dir='ltr'>seio</span> <span class='ocrx_word' id='word_1_8' title='bbox 732 359 795 384; x_wconf 89' lang='lat' dir='ltr'>me</span> <span class='ocrx_word' id='word_1_9' title='bbox 826 347 976 385; x_wconf 85' lang='lat' dir='ltr'>cunctis</span> <span class='ocrx_word' id='word_1_10' title='bbox 1008 359 1029 384; x_wconf 90' lang='lat' dir='ltr'>e</span> <span class='ocrx_word' id='word_1_11' title='bbox 1059 346 1244 397; x_wconf 84' lang='lat' dir='ltr'>gentibus</span> <span class='ocrx_word' id='word_1_12' title='bbox 1274 359 1396 384; x_wconf 91' lang='lat' dir='ltr'>unum</span> 
     </span>
    </p>

    <p class='ocr_par' dir='ltr' id='par_1_3' title="bbox 339 409 1351 463">
     <span class='ocr_line' id='line_1_3' title="bbox 339 409 1351 463; baseline 0.001 -16"><span class='ocrx_word' id='word_1_13' title='bbox 339 409 510 449; x_wconf 84' lang='lat' dir='ltr'>inlicitas</span> <span class='ocrx_word' id='word_1_14' title='bbox 539 415 735 463; x_wconf 88' lang='lat' dir='ltr'>temptare</span> <span class='ocrx_word' id='word_1_15' title='bbox 763 411 849 449; x_wconf 84' lang='lat' dir='ltr'>vias</span> <span class='ocrx_word' id='word_1_16' title='bbox 878 411 1131 463; x_wconf 78' lang='lat' dir='ltr'>hiememque</span> <span class='ocrx_word' id='word_1_17' title='bbox 1160 411 1322 450; x_wconf 89' lang='lat' dir='ltr'>mereri:</span> <span class='ocrx_word' id='word_1_18' title='bbox 1350 425 1351 428; x_wconf 48' lang='lat'>¹</span> 
     </span>
    </p>

    <p class='ocr_par' dir='ltr' id='par_1_4' title="bbox 338 471 1657 594">
     <span class='ocr_line' id='line_1_4' title="bbox 341 475 1580 528; baseline 0.001 -15"><span class='ocrx_word' id='word_1_19' title='bbox 341 475 414 513; x_wconf 85' lang='lat' dir='ltr'>sed</span> <span class='ocrx_word' id='word_1_20' title='bbox 441 488 521 513; x_wconf 91' lang='lat' dir='ltr'>non</span> <span class='ocrx_word' id='word_1_21' title='bbox 551 481 692 528; x_wconf 88' lang='lat' dir='ltr'>sponte</span> <span class='ocrx_word' id='word_1_22' title='bbox 721 476 838 523; x_wconf 82' lang='lat' dir='ltr'>feror,</span> <span class='ocrx_word' id='word_1_23' title='bbox 868 489 943 515; x_wconf 90' lang='lat' dir='ltr'>nec</span> <span class='ocrx_word' id='word_1_24' title='bbox 972 490 1078 515; x_wconf 91' lang='lat' dir='ltr'>nunc</span> <span class='ocrx_word' id='word_1_25' title='bbox 1106 476 1202 515; x_wconf 87' lang='lat' dir='ltr'>mihi</span> <span class='ocrx_word' id='word_1_26' title='bbox 1230 477 1396 528; x_wconf 84' lang='lat' dir='ltr'>iungere</span> <span class='ocrx_word' id='word_1_27' title='bbox 1425 481 1580 514; x_wconf 87' lang='lat' dir='ltr'>montes</span> 
     </span>
     <span class='ocr_line' id='line_1_5' title="bbox 338 541 1498 594; baseline 0.001 -16"><span class='ocrx_word' id='word_1_28' title='bbox 338 553 451 579; x_wconf 87' lang='lat' dir='ltr'>mens</span> <span class='ocrx_word' id='word_1_29' title='bbox 482 546 574 579; x_wconf 82' lang='lat' dir='ltr'>avet</span> <span class='ocrx_word' id='word_1_30' title='bbox 603 547 671 579; x_wconf 87' lang='lat' dir='ltr'>aut</span> <span class='ocrx_word' id='word_1_31' title='bbox 701 555 851 579; x_wconf 88' lang='lat' dir='ltr'>summo</span> <span class='ocrx_word' id='word_1_32' title='bbox 881 541 1100 594; x_wconf 83' lang='lat' dir='ltr'>deposcere</span> <span class='ocrx_word' id='word_1_33' title='bbox 1129 541 1281 580; x_wconf 87' lang='lat' dir='ltr'>fulmen</span> <span class='ocrx_word' id='word_1_34' title='bbox 1312 541 1498 594; x_wconf 86' lang='lat' dir='ltr'>Olympo.</span> 
     </span>
    </p>

    <p class='ocr_par' dir='ltr' id='par_1_5' title="bbox 338 605 1796 817">
     <span class='ocr_line' id='line_1_6' title="bbox 339 605 1773 659; baseline 0.002 -16"><span class='ocrx_word' id='word_1_35' title='bbox 339 618 391 643; x_wconf 89' lang='lat' dir='ltr'>ne</span> <span class='ocrx_word' id='word_1_36' title='bbox 419 605 559 644; x_wconf 86' lang='lat' dir='ltr'>Peliae</span> <span class='ocrx_word' id='word_1_37' title='bbox 589 611 629 645; x_wconf 88' lang='lat' dir='ltr'>te</span> <span class='ocrx_word' id='word_1_38' title='bbox 658 612 752 645; x_wconf 87' lang='lat' dir='ltr'>vota</span> <span class='ocrx_word' id='word_1_39' title='bbox 779 607 955 645; x_wconf 82' lang='lat' dir='ltr'><strong>trahant:</strong></span> <span class='ocrx_word' id='word_1_40' title='bbox 999 607 1068 645; x_wconf 88' lang='lat' dir='ltr'>ille</span> <span class='ocrx_word' id='word_1_41' title='bbox 1098 620 1240 659; x_wconf 83' lang='lat' dir='ltr'>aspera</span> <span class='ocrx_word' id='word_1_42' title='bbox 1269 607 1378 645; x_wconf 82' lang='lat' dir='ltr'>iussa</span> <span class='ocrx_word' id='word_1_43' title='bbox 1719 621 1773 651; x_wconf 81' lang='lat'>200</span> 
     </span>
     <span class='ocr_line' id='line_1_7' title="bbox 339 671 1434 724; baseline 0.001 -16"><span class='ocrx_word' id='word_1_44' title='bbox 339 671 517 723; x_wconf 86' lang='lat' dir='ltr'>repperit</span> <span class='ocrx_word' id='word_1_45' title='bbox 547 676 587 709; x_wconf 85' lang='lat' dir='ltr'>et</span> <span class='ocrx_word' id='word_1_46' title='bbox 618 671 792 710; x_wconf 83' lang='lat' dir='ltr'>Colchos</span> <span class='ocrx_word' id='word_1_47' title='bbox 822 673 863 710; x_wconf 90' lang='lat' dir='ltr'>in</span> <span class='ocrx_word' id='word_1_48' title='bbox 891 685 954 711; x_wconf 90' lang='lat' dir='ltr'>me</span> <span class='ocrx_word' id='word_1_49' title='bbox 984 672 1215 724; x_wconf 86' lang='lat' dir='ltr'>luctumque</span> <span class='ocrx_word' id='word_1_50' title='bbox 1244 685 1434 711; x_wconf 88' lang='lat' dir='ltr'>meorum.</span> 
     </span>
     <span class='ocr_line' id='line_1_8' title="bbox 338 735 1796 817; baseline 0.002 -45"><span class='ocrx_word' id='word_1_51' title='bbox 338 735 451 773; x_wconf 87' lang='lat' dir='ltr'>illum</span> <span class='ocrx_word' id='word_1_52' title='bbox 481 749 556 786; x_wconf 87' lang='lat' dir='ltr'>ego</span> <span class='ocrx_word' id='word_1_53' title='bbox 584 760 637 764; x_wconf 89' lang='lat'>-—</span> <span class='ocrx_word' id='word_1_54' title='bbox 666 736 739 775; x_wconf 88' lang='lat' dir='ltr'>sed</span> <span class='ocrx_word' id='word_1_55' title='bbox 765 741 919 775; x_wconf 85' lang='lat' dir='ltr'>tantum</span> <span class='ocrx_word' id='word_1_56' title='bbox 947 750 1028 774; x_wconf 90' lang='lat' dir='ltr'>non</span> <span class='ocrx_word' id='word_1_57' title='bbox 1056 736 1354 788; x_wconf 84' lang='lat' dir='ltr'>indignantibus</span> <span class='ocrx_word' id='word_1_58' title='bbox 1389 736 1527 803; x_wconf 38' lang='lat' dir='ltr'>undis,</span> <span class='ocrx_word' id='word_1_59' title='bbox 1576 795 1577 798; x_wconf 10' lang='grc' dir='ltr'><strong>Ἰ</strong></span> <span class='ocrx_word' id='word_1_60' title='bbox 1629 765 1671 817; x_wconf 34' lang='grc' dir='ltr'>ἐἰ</span> <span class='ocrx_word' id='word_1_61' title='bbox 1688 757 1720 811; x_wconf 47' lang='grc' dir='ltr'>)Ι</span> <span class='ocrx_word' id='word_1_62' title='bbox 1732 755 1796 815; x_wconf 51' lang='lat'>“⁶7³</span> 
     </span>
    </p>
   </div>
   <div class='ocr_carea' id='block_1_3' title="bbox 338 800 1514 919">
    <p class='ocr_par' dir='ltr' id='par_1_6' title="bbox 338 800 1514 919">
     <span class='ocr_line' id='line_1_9' title="bbox 338 800 1514 858; baseline 0.002 -20"><span class='ocrx_word' id='word_1_63' title='bbox 338 800 415 838; x_wconf 86' lang='lat' dir='ltr'>hoc</span> <span class='ocrx_word' id='word_1_64' title='bbox 445 806 564 853; x_wconf 85' lang='lat' dir='ltr'>caput</span> <span class='ocrx_word' id='word_1_65' title='bbox 592 802 764 854; x_wconf 87' lang='lat' dir='ltr'>accipias</span> <span class='ocrx_word' id='word_1_66' title='bbox 795 807 835 840; x_wconf 86' lang='lat' dir='ltr'>et</span> <span class='ocrx_word' id='word_1_67' title='bbox 863 815 1043 858; x_wconf 70' lang='lat' dir='ltr'>pressam</span> <span class='ocrx_word' id='word_1_68' title='bbox 1071 802 1233 853; x_wconf 82' lang='lat' dir='ltr'>regibus</span> <span class='ocrx_word' id='word_1_69' title='bbox 1264 800 1422 840; x_wconf 81' lang='lat' dir='ltr'>alnum.’</span> <span class='ocrx_word' id='word_1_70' title='bbox 1465 810 1514 831; x_wconf 39' lang='lat' dir='ltr'>¹5²*ss</span> 
     </span>
     <span class='ocr_line' id='line_1_10' title="bbox 341 865 1362 919; baseline 0.002 -16"><span class='ocrx_word' id='word_1_71' title='bbox 341 866 397 903; x_wconf 90' lang='lat' dir='ltr'>sic</span> <span class='ocrx_word' id='word_1_72' title='bbox 425 865 530 904; x_wconf 85' lang='lat' dir='ltr'>fatus</span> <span class='ocrx_word' id='word_1_73' title='bbox 559 867 698 919; x_wconf 85' lang='lat' dir='ltr'>pingui</span> <span class='ocrx_word' id='word_1_74' title='bbox 728 866 903 905; x_wconf 82' lang='lat' dir='ltr'>cumulat</span> <span class='ocrx_word' id='word_1_75' title='bbox 931 867 1120 905; x_wconf 84' lang='lat' dir='ltr'>libamine</span> <span class='ocrx_word' id='word_1_76' title='bbox 1154 867 1362 905; x_wconf 88' lang='lat' dir='ltr'>flammam.</span> 
     </span>
    </p>
   </div>
   <div class='ocr_carea' id='block_1_4' title="bbox 232 932 516 939">
    <p class='ocr_par' dir='ltr' id='par_1_7' title="bbox 232 932 516 939">
     <span class='ocr_line' id='line_1_11' title="bbox 232 932 516 939; baseline 0 0"><span class='ocrx_word' id='word_1_77' title='bbox 232 932 516 939; x_wconf 95' lang='lat' dir='ltr'> </span> 
     </span>
    </p>
   </div>
   <div class='ocr_carea' id='block_1_5' title="bbox 230 965 1720 2730">
    <p class='ocr_par' dir='ltr' id='par_1_8' title="bbox 232 965 1720 1248">
     <span class='ocr_line' id='line_1_12' title="bbox 234 965 1720 1012; baseline 0.001 -12"><span class='ocrx_word' id='word_1_78' title='bbox 234 965 288 1007; x_wconf 88' lang='grc'>10,</span> <span class='ocrx_word' id='word_1_79' title='bbox 317 966 355 1000; x_wconf 87' lang='lat'>7:</span> <span class='ocrx_word' id='word_1_80' title='bbox 382 966 535 1001; x_wconf 73' lang='lat' dir='ltr'>eiusdem</span> <span class='ocrx_word' id='word_1_81' title='bbox 565 967 618 1001; x_wconf 77' lang='lat' dir='ltr'>rei</span> <span class='ocrx_word' id='word_1_82' title='bbox 648 978 759 1002; x_wconf 78' lang='lat' dir='ltr'>cansa</span> <span class='ocrx_word' id='word_1_83' title='bbox 792 967 867 1001; x_wconf 79' lang='lat' dir='ltr'>ludi</span> <span class='ocrx_word' id='word_1_84' title='bbox 885 967 1006 1012; x_wconf 76' lang='lat' dir='ltr'>maqni</span> <span class='ocrx_word' id='word_1_85' title='bbox 1030 968 1103 1002; x_wconf 77' lang='lat' dir='ltr'>voti</span> <span class='ocrx_word' id='word_1_86' title='bbox 1128 967 1222 1002; x_wconf 77' lang='lat' dir='ltr'>aeris</span> <span class='ocrx_word' id='word_1_87' title='bbox 1247 967 1409 1002; x_wconf 67' lang='lat' dir='ltr'>trecentis</span> <span class='ocrx_word' id='word_1_88' title='bbox 1433 967 1582 1012; x_wconf 70' lang='lat' dir='ltr'>triqinta</span> <span class='ocrx_word' id='word_1_89' title='bbox 1607 967 1720 1002; x_wconf 79' lang='lat' dir='ltr'>tribus</span> 
     </span>
     <span class='ocr_line' id='line_1_13' title="bbox 232 1025 1717 1072; baseline 0.001 -13"><span class='ocrx_word' id='word_1_90' title='bbox 232 1025 386 1060; x_wconf 77' lang='lat' dir='ltr'>millibus</span> <span class='ocrx_word' id='word_1_91' title='bbox 410 1025 572 1060; x_wconf 78' lang='lat' dir='ltr'>trecentis</span> <span class='ocrx_word' id='word_1_92' title='bbox 596 1026 746 1070; x_wconf 66' lang='lat' dir='ltr'>triginta</span> <span class='ocrx_word' id='word_1_93' title='bbox 772 1026 886 1061; x_wconf 55' lang='lat' dir='ltr'>tribus</span> <span class='ocrx_word' id='word_1_94' title='bbox 911 1027 1051 1067; x_wconf 74' lang='lat' dir='ltr'>triente,</span> <span class='ocrx_word' id='word_1_95' title='bbox 1078 1026 1164 1062; x_wconf 79' lang='lat' dir='ltr'>vide</span> <span class='ocrx_word' id='word_1_96' title='bbox 1189 1027 1388 1072; x_wconf 82' lang='lat' dir='ltr'>praeterea</span> <span class='ocrx_word' id='word_1_97' title='bbox 1417 1026 1499 1062; x_wconf 83' lang='lat' dir='ltr'>Val.</span> <span class='ocrx_word' id='word_1_98' title='bbox 1529 1025 1595 1067; x_wconf 89' lang='lat' dir='ltr'>III,</span> <span class='ocrx_word' id='word_1_99' title='bbox 1632 1026 1717 1067; x_wconf 84' lang='lat'>347;</span> 
     </span>
     <span class='ocr_line' id='line_1_14' title="bbox 232 1083 1717 1131; baseline 0.001 -13"><span class='ocrx_word' id='word_1_100' title='bbox 232 1084 318 1126; x_wconf 88' lang='lat'>441;</span> <span class='ocrx_word' id='word_1_101' title='bbox 358 1083 423 1119; x_wconf 86' lang='lat' dir='ltr'>Ov.</span> <span class='ocrx_word' id='word_1_102' title='bbox 450 1085 538 1119; x_wconf 82' lang='lat' dir='ltr'>met.</span> <span class='ocrx_word' id='word_1_103' title='bbox 565 1083 646 1125; x_wconf 87' lang='lat' dir='ltr'>VH,</span> <span class='ocrx_word' id='word_1_104' title='bbox 675 1084 743 1119; x_wconf 88' lang='grc'>189</span> <span class='ocrx_word' id='word_1_105' title='bbox 768 1096 885 1130; x_wconf 88' lang='lat' dir='ltr'>seqq.;</span> <span class='ocrx_word' id='word_1_106' title='bbox 916 1084 1022 1130; x_wconf 85' lang='lat' dir='ltr'>Verg.</span> <span class='ocrx_word' id='word_1_107' title='bbox 1051 1085 1165 1131; x_wconf 83' lang='lat' dir='ltr'>eclog.</span> <span class='ocrx_word' id='word_1_108' title='bbox 1192 1085 1295 1127; x_wconf 81' lang='lat' dir='ltr'>VIII,</span> <span class='ocrx_word' id='word_1_109' title='bbox 1322 1085 1368 1120; x_wconf 86' lang='lat'>73</span> <span class='ocrx_word' id='word_1_110' title='bbox 1393 1096 1510 1130; x_wconf 83' lang='lat' dir='ltr'>seqq.;</span> <span class='ocrx_word' id='word_1_111' title='bbox 1537 1096 1664 1130; x_wconf 86' lang='lat' dir='ltr'>georg.</span> <span class='ocrx_word' id='word_1_112' title='bbox 1690 1085 1717 1126; x_wconf 91' lang='lat' dir='ltr'>I,</span> 
     </span>
     <span class='ocr_line' id='line_1_15' title="bbox 232 1142 1717 1190; baseline 0.001 -12"><span class='ocrx_word' id='word_1_113' title='bbox 232 1142 321 1185; x_wconf 87' lang='lat'>345;</span> <span class='ocrx_word' id='word_1_114' title='bbox 347 1143 438 1179; x_wconf 89' lang='lat' dir='ltr'>Aen.</span> <span class='ocrx_word' id='word_1_115' title='bbox 462 1143 519 1184; x_wconf 87' lang='lat' dir='ltr'>VI,</span> <span class='ocrx_word' id='word_1_116' title='bbox 546 1143 638 1185; x_wconf 90' lang='lat'>229;</span> <span class='ocrx_word' id='word_1_117' title='bbox 665 1143 800 1179; x_wconf 87' lang='lat' dir='ltr'>Tibull.</span> <span class='ocrx_word' id='word_1_118' title='bbox 826 1145 854 1185; x_wconf 91' lang='lat' dir='ltr'>I,</span> <span class='ocrx_word' id='word_1_119' title='bbox 873 1144 895 1178; x_wconf 92' lang='lat'>2</span> <span class='ocrx_word' id='word_1_120' title='bbox 921 1144 985 1186; x_wconf 86' lang='lat'>56;</span> <span class='ocrx_word' id='word_1_121' title='bbox 1011 1145 1044 1185; x_wconf 87' lang='lat'>3,</span> <span class='ocrx_word' id='word_1_122' title='bbox 1064 1145 1127 1186; x_wconf 89' lang='lat'>11;</span> <span class='ocrx_word' id='word_1_123' title='bbox 1155 1145 1186 1186; x_wconf 82' lang='lat'>5,</span> <span class='ocrx_word' id='word_1_124' title='bbox 1215 1145 1275 1186; x_wconf 87' lang='lat'>14;</span> <span class='ocrx_word' id='word_1_125' title='bbox 1301 1144 1390 1181; x_wconf 85' lang='lat' dir='ltr'>Hor.</span> <span class='ocrx_word' id='word_1_126' title='bbox 1408 1144 1515 1190; x_wconf 85' lang='lat' dir='ltr'>epist.</span> <span class='ocrx_word' id='word_1_127' title='bbox 1541 1145 1569 1186; x_wconf 96' lang='lat' dir='ltr'>I,</span> <span class='ocrx_word' id='word_1_128' title='bbox 1598 1145 1628 1185; x_wconf 89' lang='lat'>1,</span> <span class='ocrx_word' id='word_1_129' title='bbox 1655 1144 1700 1179; x_wconf 84' lang='lat'>37</span> <span class='ocrx_word' id='word_1_130' title='bbox 1709 1157 1717 1187; x_wconf 93' lang='grc'><strong>;</strong></span> 
     </span>
     <span class='ocr_line' id='line_1_16' title="bbox 232 1201 1335 1248; baseline 0.001 -12"><span class='ocrx_word' id='word_1_131' title='bbox 232 1201 342 1247; x_wconf 85' lang='lat' dir='ltr'>Prop.</span> <span class='ocrx_word' id='word_1_132' title='bbox 380 1202 441 1243; x_wconf 92' lang='lat' dir='ltr'>IV,</span> <span class='ocrx_word' id='word_1_133' title='bbox 468 1202 500 1244; x_wconf 85' lang='lat'>8,</span> <span class='ocrx_word' id='word_1_134' title='bbox 528 1202 583 1237; x_wconf 85' lang='lat'>86.</span> <span class='ocrx_word' id='word_1_135' title='bbox 610 1202 666 1238; x_wconf 90' lang='lat' dir='ltr'>De</span> <span class='ocrx_word' id='word_1_136' title='bbox 693 1214 863 1248; x_wconf 78' lang='lat' dir='ltr'>aequoreo</span> <span class='ocrx_word' id='word_1_137' title='bbox 883 1207 991 1248; x_wconf 76' lang='lat' dir='ltr'>patre</span> <span class='ocrx_word' id='word_1_138' title='bbox 1017 1203 1083 1238; x_wconf 87' lang='lat' dir='ltr'>cfr.</span> <span class='ocrx_word' id='word_1_139' title='bbox 1110 1204 1159 1238; x_wconf 86' lang='lat' dir='ltr'>ad</span> <span class='ocrx_word' id='word_1_140' title='bbox 1183 1204 1229 1245; x_wconf 92' lang='grc' dir='ltr'>ΙΙ,</span> <span class='ocrx_word' id='word_1_141' title='bbox 1256 1203 1335 1238; x_wconf 85' lang='lat'>256.</span> 
     </span>
    </p>

    <p class='ocr_par' dir='ltr' id='par_1_9' title="bbox 231 1261 1719 1357">
     <span class='ocr_line' id='line_1_17' title="bbox 352 1261 1719 1308; baseline 0.001 -12"><span class='ocrx_word' id='word_1_142' title='bbox 352 1261 432 1297; x_wconf 84' lang='lat'>196.</span> <span class='ocrx_word' id='word_1_143' title='bbox 458 1273 510 1297; x_wconf 84' lang='lat' dir='ltr'>me</span> <span class='ocrx_word' id='word_1_144' title='bbox 534 1262 670 1297; x_wconf 76' lang='lat' dir='ltr'>cunctis</span> <span class='ocrx_word' id='word_1_145' title='bbox 687 1273 704 1296; x_wconf 90' lang='lat' dir='ltr'>e</span> <span class='ocrx_word' id='word_1_146' title='bbox 718 1263 882 1307; x_wconf 72' lang='lat' dir='ltr'>yenn’bus</span> <span class='ocrx_word' id='word_1_147' title='bbox 905 1274 1031 1297; x_wconf 80' lang='lat' dir='ltr'>unum:</span> <span class='ocrx_word' id='word_1_148' title='bbox 1060 1262 1126 1299; x_wconf 84' lang='lat' dir='ltr'>cfr.</span> <span class='ocrx_word' id='word_1_149' title='bbox 1145 1263 1256 1308; x_wconf 86' lang='lat' dir='ltr'>Verg.</span> <span class='ocrx_word' id='word_1_150' title='bbox 1271 1262 1363 1299; x_wconf 85' lang='lat' dir='ltr'>Aen.</span> <span class='ocrx_word' id='word_1_151' title='bbox 1381 1262 1449 1303; x_wconf 88' lang='lat' dir='ltr'>III,</span> <span class='ocrx_word' id='word_1_152' title='bbox 1465 1262 1550 1298; x_wconf 82' lang='lat'>602:</span> <span class='ocrx_word' id='word_1_153' title='bbox 1568 1274 1622 1298; x_wconf 82' lang='lat' dir='ltr'>me</span> <span class='ocrx_word' id='word_1_154' title='bbox 1640 1263 1719 1299; x_wconf 87' lang='lat' dir='ltr'>Da—</span> 
     </span>
     <span class='ocr_line' id='line_1_18' title="bbox 231 1320 697 1357; baseline 0.004 -2"><span class='ocrx_word' id='word_1_155' title='bbox 231 1320 314 1356; x_wconf 78' lang='lat' dir='ltr'>nais</span> <span class='ocrx_word' id='word_1_156' title='bbox 340 1331 357 1355; x_wconf 88' lang='lat' dir='ltr'>e</span> <span class='ocrx_word' id='word_1_157' title='bbox 381 1321 554 1356; x_wconf 59' lang='lat' dir='ltr'>classibus</span> <span class='ocrx_word' id='word_1_158' title='bbox 576 1332 697 1357; x_wconf 83' lang='lat' dir='ltr'>unum.</span> 
     </span>
    </p>

    <p class='ocr_par' dir='ltr' id='par_1_10' title="bbox 354 1379 1719 1427">
     <span class='ocr_line' id='line_1_19' title="bbox 354 1379 1719 1427; baseline 0.003 -13"><span class='ocrx_word' id='word_1_159' title='bbox 354 1379 432 1414; x_wconf 88' lang='grc'>197.</span> <span class='ocrx_word' id='word_1_160' title='bbox 458 1380 616 1416; x_wconf 77' lang='lat' dir='ltr'>inlicitas</span> <span class='ocrx_word' id='word_1_161' title='bbox 641 1384 813 1425; x_wconf 77' lang='lat' dir='ltr'>temptare</span> <span class='ocrx_word' id='word_1_162' title='bbox 836 1381 924 1424; x_wconf 64' lang='lat' dir='ltr'>via-s,</span> <span class='ocrx_word' id='word_1_163' title='bbox 953 1380 1020 1418; x_wconf 88' lang='lat' dir='ltr'>cfr.</span> <span class='ocrx_word' id='word_1_164' title='bbox 1047 1381 1116 1416; x_wconf 86' lang='lat'>672</span> <span class='ocrx_word' id='word_1_165' title='bbox 1142 1392 1254 1426; x_wconf 59' lang='lat' dir='ltr'>seqq„</span> <span class='ocrx_word' id='word_1_166' title='bbox 1280 1381 1370 1419; x_wconf 87' lang='lat' dir='ltr'>Hor.</span> <span class='ocrx_word' id='word_1_167' title='bbox 1395 1393 1425 1417; x_wconf 92' lang='grc'>0.</span> <span class='ocrx_word' id='word_1_168' title='bbox 1444 1384 1472 1423; x_wconf 85' lang='grc' dir='ltr'>Ι,</span> <span class='ocrx_word' id='word_1_169' title='bbox 1496 1381 1528 1423; x_wconf 81' lang='grc'>3,</span> <span class='ocrx_word' id='word_1_170' title='bbox 1547 1381 1592 1417; x_wconf 88' lang='grc'>21</span> <span class='ocrx_word' id='word_1_171' title='bbox 1618 1393 1719 1427; x_wconf 85' lang='lat' dir='ltr'>seqq.</span> 
     </span>
    </p>

    <p class='ocr_par' dir='ltr' id='par_1_11' title="bbox 231 1438 1720 1782">
     <span class='ocr_line' id='line_1_20' title="bbox 352 1438 1720 1482; baseline 0.002 -9"><span class='ocrx_word' id='word_1_172' title='bbox 352 1438 431 1474; x_wconf 87' lang='lat'>199.</span> <span class='ocrx_word' id='word_1_173' title='bbox 468 1450 565 1474; x_wconf 79' lang='lat' dir='ltr'>mens</span> <span class='ocrx_word' id='word_1_174' title='bbox 601 1443 717 1475; x_wconf 80' lang='lat' dir='ltr'>tamen</span> <span class='ocrx_word' id='word_1_175' title='bbox 754 1439 792 1474; x_wconf 96' lang='grc'>111</span> <span class='ocrx_word' id='word_1_176' title='bbox 817 1439 902 1476; x_wconf 87' lang='lat' dir='ltr'>Vat.</span> <span class='ocrx_word' id='word_1_177' title='bbox 939 1440 1122 1475; x_wconf 85' lang='lat' dir='ltr'>traditum</span> <span class='ocrx_word' id='word_1_178' title='bbox 1158 1452 1250 1475; x_wconf 86' lang='lat' dir='ltr'>sana</span> <span class='ocrx_word' id='word_1_179' title='bbox 1281 1441 1469 1476; x_wconf 83' lang='lat' dir='ltr'>sententia</span> <span class='ocrx_word' id='word_1_180' title='bbox 1496 1442 1609 1482; x_wconf 82' lang='lat' dir='ltr'>caret,</span> <span class='ocrx_word' id='word_1_181' title='bbox 1637 1452 1720 1476; x_wconf 88' lang='lat' dir='ltr'>cum</span> 
     </span>
     <span class='ocr_line' id='line_1_21' title="bbox 232 1497 1720 1546; baseline 0.001 -13"><span class='ocrx_word' id='word_1_182' title='bbox 232 1497 326 1533; x_wconf 82' lang='lat' dir='ltr'>nihil</span> <span class='ocrx_word' id='word_1_183' title='bbox 351 1499 563 1544; x_wconf 83' lang='lat' dir='ltr'>opponatur</span> <span class='ocrx_word' id='word_1_184' title='bbox 588 1498 712 1534; x_wconf 87' lang='lat' dir='ltr'>verbis</span> <span class='ocrx_word' id='word_1_185' title='bbox 737 1499 800 1533; x_wconf 74' lang='lat' dir='ltr'>sed</span> <span class='ocrx_word' id='word_1_186' title='bbox 823 1511 894 1534; x_wconf 84' lang='lat' dir='ltr'>non</span> <span class='ocrx_word' id='word_1_187' title='bbox 925 1503 1050 1544; x_wconf 76' lang='lat' dir='ltr'>sponte</span> <span class='ocrx_word' id='word_1_188' title='bbox 1072 1500 1178 1542; x_wconf 74' lang='lat' dir='ltr'>feror,</span> <span class='ocrx_word' id='word_1_189' title='bbox 1206 1499 1318 1535; x_wconf 87' lang='lat' dir='ltr'>immo</span> <span class='ocrx_word' id='word_1_190' title='bbox 1345 1511 1433 1536; x_wconf 87' lang='lat' dir='ltr'>vero</span> <span class='ocrx_word' id='word_1_191' title='bbox 1458 1500 1585 1546; x_wconf 82' lang='lat' dir='ltr'>pergit</span> <span class='ocrx_word' id='word_1_192' title='bbox 1608 1500 1720 1536; x_wconf 83' lang='lat' dir='ltr'>Iason</span> 
     </span>
     <span class='ocr_line' id='line_1_22' title="bbox 233 1557 1719 1604; baseline 0.001 -12"><span class='ocrx_word' id='word_1_193' title='bbox 233 1568 274 1593; x_wconf 86' lang='lat' dir='ltr'>se</span> <span class='ocrx_word' id='word_1_194' title='bbox 299 1568 486 1599; x_wconf 85' lang='lat' dir='ltr'>excusare,</span> <span class='ocrx_word' id='word_1_195' title='bbox 514 1569 629 1602; x_wconf 85' lang='lat' dir='ltr'>quare</span> <span class='ocrx_word' id='word_1_196' title='bbox 666 1569 735 1593; x_wconf 90' lang='lat' dir='ltr'>nec</span> <span class='ocrx_word' id='word_1_197' title='bbox 771 1558 957 1604; x_wconf 83' lang='lat' dir='ltr'>particula</span> <span class='ocrx_word' id='word_1_198' title='bbox 995 1571 1070 1594; x_wconf 93' lang='lat' dir='ltr'>non</span> <span class='ocrx_word' id='word_1_199' title='bbox 1106 1560 1233 1604; x_wconf 87' lang='lat' dir='ltr'>potest</span> <span class='ocrx_word' id='word_1_200' title='bbox 1269 1571 1343 1595; x_wconf 92' lang='lat' dir='ltr'>non</span> <span class='ocrx_word' id='word_1_201' title='bbox 1377 1559 1587 1604; x_wconf 85' lang='lat' dir='ltr'>significare</span> <span class='ocrx_word' id='word_1_202' title='bbox 1609 1557 1719 1595; x_wconf 82' lang='lat' dir='ltr'>‘auch</span> 
     </span>
     <span class='ocr_line' id='line_1_23' title="bbox 232 1615 1718 1664; baseline 0.003 -14"><span class='ocrx_word' id='word_1_203' title='bbox 232 1615 359 1658; x_wconf 84' lang='lat' dir='ltr'>nicht&#39;‚</span> <span class='ocrx_word' id='word_1_204' title='bbox 386 1628 459 1661; x_wconf 85' lang='lat' dir='ltr'>qua</span> <span class='ocrx_word' id='word_1_205' title='bbox 484 1617 638 1653; x_wconf 91' lang='lat' dir='ltr'>notione</span> <span class='ocrx_word' id='word_1_206' title='bbox 674 1621 791 1652; x_wconf 81' lang='lat' dir='ltr'>tamen</span> <span class='ocrx_word' id='word_1_207' title='bbox 826 1617 1046 1654; x_wconf 83' lang='lat' dir='ltr'>excluditur.</span> <span class='ocrx_word' id='word_1_208' title='bbox 1095 1618 1213 1654; x_wconf 83' lang='lat' dir='ltr'>Recte</span> <span class='ocrx_word' id='word_1_209' title='bbox 1238 1618 1430 1654; x_wconf 77' lang='lat' dir='ltr'>Baehrens</span> <span class='ocrx_word' id='word_1_210' title='bbox 1456 1617 1605 1664; x_wconf 88' lang='lat' dir='ltr'>scripsit</span> <span class='ocrx_word' id='word_1_211' title='bbox 1629 1623 1718 1655; x_wconf 80' lang='lat' dir='ltr'>avet.</span> 
     </span>
     <span class='ocr_line' id='line_1_24' title="bbox 231 1674 1719 1722; baseline 0.002 -12"><span class='ocrx_word' id='word_1_212' title='bbox 231 1674 316 1711; x_wconf 87' lang='lat' dir='ltr'>Non</span> <span class='ocrx_word' id='word_1_213' title='bbox 341 1687 380 1711; x_wconf 86' lang='lat' dir='ltr'>se</span> <span class='ocrx_word' id='word_1_214' title='bbox 407 1675 688 1711; x_wconf 85' lang='lat' dir='ltr'>commissurum</span> <span class='ocrx_word' id='word_1_215' title='bbox 711 1677 823 1712; x_wconf 83' lang='lat' dir='ltr'>Iason</span> <span class='ocrx_word' id='word_1_216' title='bbox 850 1676 942 1712; x_wconf 80' lang='lat' dir='ltr'>dicit</span> <span class='ocrx_word' id='word_1_217' title='bbox 967 1677 1066 1722; x_wconf 87' lang='lat' dir='ltr'>quod</span> <span class='ocrx_word' id='word_1_218' title='bbox 1103 1677 1277 1722; x_wconf 82' lang='lat' dir='ltr'>gigantes</span> <span class='ocrx_word' id='word_1_219' title='bbox 1316 1677 1476 1713; x_wconf 84' lang='lat' dir='ltr'>fecerint</span> <span class='ocrx_word' id='word_1_220' title='bbox 1515 1678 1580 1712; x_wconf 83' lang='lat' dir='ltr'>aut</span> <span class='ocrx_word' id='word_1_221' title='bbox 1617 1677 1719 1713; x_wconf 83' lang='lat' dir='ltr'>aliud</span> 
     </span>
     <span class='ocr_line' id='line_1_25' title="bbox 233 1734 1503 1782; baseline 0.003 -13"><span class='ocrx_word' id='word_1_222' title='bbox 233 1734 521 1770; x_wconf 80' lang='lat' dir='ltr'>audacissimum</span> <span class='ocrx_word' id='word_1_223' title='bbox 547 1735 701 1777; x_wconf 86' lang='lat' dir='ltr'>facinus,</span> <span class='ocrx_word' id='word_1_224' title='bbox 729 1748 800 1781; x_wconf 89' lang='lat' dir='ltr'>quo</span> <span class='ocrx_word' id='word_1_225' title='bbox 826 1735 925 1772; x_wconf 83' lang='lat' dir='ltr'>Iovis</span> <span class='ocrx_word' id='word_1_226' title='bbox 951 1736 1007 1771; x_wconf 84' lang='lat' dir='ltr'>ira</span> <span class='ocrx_word' id='word_1_227' title='bbox 1035 1738 1072 1772; x_wconf 82' lang='lat' dir='ltr'>et</span> <span class='ocrx_word' id='word_1_228' title='bbox 1098 1736 1243 1772; x_wconf 89' lang='lat' dir='ltr'>fulmen</span> <span class='ocrx_word' id='word_1_229' title='bbox 1266 1738 1503 1782; x_wconf 73' lang='lat' dir='ltr'>provocetur.</span> 
     </span>
    </p>

    <p class='ocr_par' dir='ltr' id='par_1_12' title="bbox 231 1794 1719 2008">
     <span class='ocr_line' id='line_1_26' title="bbox 348 1794 1719 1841; baseline 0.001 -12"><span class='ocrx_word' id='word_1_230' title='bbox 348 1794 494 1839; x_wconf 74' lang='lat' dir='ltr'>iunqere</span> <span class='ocrx_word' id='word_1_231' title='bbox 518 1799 652 1830; x_wconf 77' lang='lat' dir='ltr'>montes</span> <span class='ocrx_word' id='word_1_232' title='bbox 688 1795 838 1831; x_wconf 76' lang='lat' dir='ltr'>insolite</span> <span class='ocrx_word' id='word_1_233' title='bbox 873 1796 1014 1831; x_wconf 89' lang='lat' dir='ltr'>dictum</span> <span class='ocrx_word' id='word_1_234' title='bbox 1038 1807 1107 1841; x_wconf 89' lang='lat' dir='ltr'>pro</span> <span class='ocrx_word' id='word_1_235' title='bbox 1134 1807 1177 1831; x_wconf 90' lang='lat' dir='ltr'>eo</span> <span class='ocrx_word' id='word_1_236' title='bbox 1203 1796 1302 1841; x_wconf 87' lang='lat' dir='ltr'>quod</span> <span class='ocrx_word' id='word_1_237' title='bbox 1329 1797 1385 1832; x_wconf 86' lang='lat' dir='ltr'>est</span> <span class='ocrx_word' id='word_1_238' title='bbox 1409 1797 1576 1832; x_wconf 86' lang='lat' dir='ltr'>montem</span> <span class='ocrx_word' id='word_1_239' title='bbox 1600 1795 1719 1832; x_wconf 79' lang='lat' dir='ltr'>monti</span> 
     </span>
     <span class='ocr_line' id='line_1_27' title="bbox 232 1854 1719 1901; baseline 0.001 -13"><span class='ocrx_word' id='word_1_240' title='bbox 232 1864 494 1898; x_wconf 82' lang='lat' dir='ltr'>superponere,</span> <span class='ocrx_word' id='word_1_241' title='bbox 533 1854 599 1889; x_wconf 84' lang='lat' dir='ltr'>sed</span> <span class='ocrx_word' id='word_1_242' title='bbox 636 1854 721 1890; x_wconf 89' lang='lat' dir='ltr'>vide</span> <span class='ocrx_word' id='word_1_243' title='bbox 760 1855 855 1891; x_wconf 83' lang='lat' dir='ltr'>Stat.</span> <span class='ocrx_word' id='word_1_244' title='bbox 894 1855 973 1890; x_wconf 86' lang='lat' dir='ltr'>silv.</span> <span class='ocrx_word' id='word_1_245' title='bbox 1013 1855 1079 1896; x_wconf 89' lang='grc' dir='ltr'>ΙΙΙ,</span> <span class='ocrx_word' id='word_1_246' title='bbox 1112 1855 1193 1896; x_wconf 83' lang='grc'>2,65</span> <span class='ocrx_word' id='word_1_247' title='bbox 1220 1855 1364 1899; x_wconf 78' lang='lat' dir='ltr'>(virtus)</span> <span class='ocrx_word' id='word_1_248' title='bbox 1389 1866 1545 1890; x_wconf 71' lang='lat' dir='ltr'>summae</span> <span class='ocrx_word' id='word_1_249' title='bbox 1567 1855 1719 1901; x_wconf 73' lang='lat' dir='ltr'>yelidnm</span> 
     </span>
     <span class='ocr_line' id='line_1_28' title="bbox 231 1912 1719 1960; baseline 0.002 -13"><span class='ocrx_word' id='word_1_250' title='bbox 231 1923 321 1957; x_wconf 78' lang='lat' dir='ltr'>quae</span> <span class='ocrx_word' id='word_1_251' title='bbox 345 1913 472 1948; x_wconf 82' lang='lat' dir='ltr'>Pelion</span> <span class='ocrx_word' id='word_1_252' title='bbox 498 1912 607 1948; x_wconf 77' lang='lat' dir='ltr'>Ossae</span> <span class='ocrx_word' id='word_1_253' title='bbox 624 1914 751 1949; x_wconf 75' lang='lat' dir='ltr'>Iunxit</span> <span class='ocrx_word' id='word_1_254' title='bbox 776 1915 814 1950; x_wconf 87' lang='lat' dir='ltr'>et</span> <span class='ocrx_word' id='word_1_255' title='bbox 840 1914 958 1951; x_wconf 89' lang='lat' dir='ltr'>Theb.</span> <span class='ocrx_word' id='word_1_256' title='bbox 983 1914 1081 1956; x_wconf 92' lang='lat' dir='ltr'>VIII,</span> <span class='ocrx_word' id='word_1_257' title='bbox 1109 1914 1154 1949; x_wconf 84' lang='lat'>79</span> <span class='ocrx_word' id='word_1_258' title='bbox 1176 1914 1359 1957; x_wconf 75' lang='lat' dir='ltr'>frondenti</span> <span class='ocrx_word' id='word_1_259' title='bbox 1375 1935 1420 1941; x_wconf 92' lang='lat'><em>-</em></span> <span class='ocrx_word' id='word_1_260' title='bbox 1437 1915 1581 1960; x_wconf 75' lang='lat' dir='ltr'>iunyere</span> <span class='ocrx_word' id='word_1_261' title='bbox 1593 1914 1719 1950; x_wconf 80' lang='lat' dir='ltr'>Pelion</span> 
     </span>
     <span class='ocr_line' id='line_1_29' title="bbox 233 1970 352 2008; baseline 0.008 -2"><span class='ocrx_word' id='word_1_262' title='bbox 233 1970 352 2008; x_wconf 75' lang='lat' dir='ltr'>Ossae.</span> 
     </span>
    </p>

    <p class='ocr_par' dir='ltr' id='par_1_13' title="bbox 230 2031 1717 2197">
     <span class='ocr_line' id='line_1_30' title="bbox 350 2031 1716 2079; baseline 0 -13"><span class='ocrx_word' id='word_1_263' title='bbox 350 2031 430 2067; x_wconf 92' lang='lat'>200.</span> <span class='ocrx_word' id='word_1_264' title='bbox 455 2043 500 2066; x_wconf 84' lang='lat' dir='ltr'>ne</span> <span class='ocrx_word' id='word_1_265' title='bbox 524 2032 646 2067; x_wconf 82' lang='lat' dir='ltr'>Peliae</span> <span class='ocrx_word' id='word_1_266' title='bbox 671 2036 703 2067; x_wconf 80' lang='lat' dir='ltr'>te</span> <span class='ocrx_word' id='word_1_267' title='bbox 726 2036 810 2067; x_wconf 79' lang='lat' dir='ltr'>vcta</span> <span class='ocrx_word' id='word_1_268' title='bbox 835 2033 1000 2067; x_wconf 79' lang='lat' dir='ltr'>trahant:</span> <span class='ocrx_word' id='word_1_269' title='bbox 1026 2044 1073 2068; x_wconf 90' lang='lat' dir='ltr'>ne</span> <span class='ocrx_word' id='word_1_270' title='bbox 1098 2033 1255 2078; x_wconf 85' lang='lat' dir='ltr'>patiaris</span> <span class='ocrx_word' id='word_1_271' title='bbox 1279 2034 1319 2068; x_wconf 87' lang='lat' dir='ltr'>te</span> <span class='ocrx_word' id='word_1_272' title='bbox 1345 2033 1441 2079; x_wconf 86' lang='lat' dir='ltr'>duci,</span> <span class='ocrx_word' id='word_1_273' title='bbox 1467 2032 1534 2069; x_wconf 83' lang='lat' dir='ltr'>cfr.</span> <span class='ocrx_word' id='word_1_274' title='bbox 1559 2033 1604 2074; x_wconf 88' lang='lat'>11,</span> <span class='ocrx_word' id='word_1_275' title='bbox 1631 2031 1716 2074; x_wconf 88' lang='lat'>381;</span> 
     </span>
     <span class='ocr_line' id='line_1_31' title="bbox 231 2089 1717 2139; baseline 0.001 -15"><span class='ocrx_word' id='word_1_276' title='bbox 231 2089 273 2131; x_wconf 89' lang='lat' dir='ltr'>V,</span> <span class='ocrx_word' id='word_1_277' title='bbox 301 2090 384 2132; x_wconf 79' lang='lat'>5403</span> <span class='ocrx_word' id='word_1_278' title='bbox 412 2092 472 2130; x_wconf 88' lang='lat' dir='ltr'>VI.</span> <span class='ocrx_word' id='word_1_279' title='bbox 499 2091 586 2133; x_wconf 88' lang='lat'>663;</span> <span class='ocrx_word' id='word_1_280' title='bbox 614 2091 678 2127; x_wconf 88' lang='lat' dir='ltr'>Ov.</span> <span class='ocrx_word' id='word_1_281' title='bbox 707 2102 766 2126; x_wconf 87' lang='lat' dir='ltr'>ars</span> <span class='ocrx_word' id='word_1_282' title='bbox 799 2094 827 2133; x_wconf 90' lang='lat' dir='ltr'>I,</span> <span class='ocrx_word' id='word_1_283' title='bbox 855 2092 948 2126; x_wconf 83' lang='lat'><strong>631:</strong></span> <span class='ocrx_word' id='word_1_284' title='bbox 976 2093 1124 2127; x_wconf 75' lang='lat' dir='ltr'>trahant</span> <span class='ocrx_word' id='word_1_285' title='bbox 1146 2093 1322 2139; x_wconf 77' lang='lat' dir='ltr'>promissa</span> <span class='ocrx_word' id='word_1_286' title='bbox 1340 2093 1483 2137; x_wconf 62' lang='lat' dir='ltr'>puellas·</span> <span class='ocrx_word' id='word_1_287' title='bbox 1507 2093 1547 2128; x_wconf 87' lang='grc'>013</span> <span class='ocrx_word' id='word_1_288' title='bbox 1571 2090 1717 2128; x_wconf 79' lang='grc'>110131001-</span> 
     </span>
     <span class='ocr_line' id='line_1_32' title="bbox 230 2149 1598 2197; baseline 0.002 -14"><span class='ocrx_word' id='word_1_289' title='bbox 230 2161 332 2184; x_wconf 83' lang='grc'>11111111</span> <span class='ocrx_word' id='word_1_290' title='bbox 356 2149 450 2184; x_wconf 81' lang='lat' dir='ltr'>fflud</span> <span class='ocrx_word' id='word_1_291' title='bbox 477 2149 662 2186; x_wconf 77' lang='lat' dir='ltr'>Ciceronis</span> <span class='ocrx_word' id='word_1_292' title='bbox 688 2151 864 2186; x_wconf 72' lang='lat' dir='ltr'>trahimur</span> <span class='ocrx_word' id='word_1_293' title='bbox 888 2162 1006 2186; x_wconf 74' lang='lat' dir='ltr'>omnes</span> <span class='ocrx_word' id='word_1_294' title='bbox 1031 2151 1148 2186; x_wconf 78' lang='lat' dir='ltr'>laudis</span> <span class='ocrx_word' id='word_1_295' title='bbox 1171 2152 1290 2187; x_wconf 72' lang='lat' dir='ltr'>studio</span> <span class='ocrx_word' id='word_1_296' title='bbox 1313 2163 1382 2197; x_wconf 86' lang='lat' dir='ltr'>pro</span> <span class='ocrx_word' id='word_1_297' title='bbox 1407 2151 1515 2187; x_wconf 87' lang='lat' dir='ltr'>Arch.</span> <span class='ocrx_word' id='word_1_298' title='bbox 1542 2151 1598 2186; x_wconf 90' lang='grc'>26.</span> 
     </span>
    </p>

    <p class='ocr_par' dir='ltr' id='par_1_14' title="bbox 230 2209 1717 2480">
     <span class='ocr_line' id='line_1_33' title="bbox 348 2209 1717 2256; baseline 0.002 -13"><span class='ocrx_word' id='word_1_299' title='bbox 348 2209 433 2244; x_wconf 85' lang='lat'>202.</span> <span class='ocrx_word' id='word_1_300' title='bbox 470 2209 608 2254; x_wconf 84' lang='lat' dir='ltr'>Figura</span> <span class='ocrx_word' id='word_1_301' title='bbox 649 2210 876 2256; x_wconf 74' lang='lat' dir='ltr'>aposiopesis</span> <span class='ocrx_word' id='word_1_302' title='bbox 919 2222 1002 2245; x_wconf 89' lang='lat' dir='ltr'>cum</span> <span class='ocrx_word' id='word_1_303' title='bbox 1050 2211 1391 2256; x_wconf 83' lang='lat' dir='ltr'>probabilissimum</span> <span class='ocrx_word' id='word_1_304' title='bbox 1431 2211 1480 2246; x_wconf 81' lang='lat' dir='ltr'>sit</span> <span class='ocrx_word' id='word_1_305' title='bbox 1527 2211 1717 2247; x_wconf 82' lang='lat' dir='ltr'>Valerium</span> 
     </span>
     <span class='ocr_line' id='line_1_34' title="bbox 230 2265 1715 2316; baseline 0.001 -14"><span class='ocrx_word' id='word_1_306' title='bbox 230 2265 420 2302; x_wconf 80' lang='lat' dir='ltr'>imitatum</span> <span class='ocrx_word' id='word_1_307' title='bbox 445 2279 525 2304; x_wconf 86' lang='lat' dir='ltr'>esse</span> <span class='ocrx_word' id='word_1_308' title='bbox 550 2269 668 2304; x_wconf 81' lang='lat' dir='ltr'>verba</span> <span class='ocrx_word' id='word_1_309' title='bbox 684 2269 796 2315; x_wconf 88' lang='lat' dir='ltr'>Verg.</span> <span class='ocrx_word' id='word_1_310' title='bbox 822 2270 913 2305; x_wconf 89' lang='lat' dir='ltr'>Aen.</span> <span class='ocrx_word' id='word_1_311' title='bbox 940 2271 968 2315; x_wconf 73' lang='grc' dir='ltr'>Ι,</span> <span class='ocrx_word' id='word_1_312' title='bbox 996 2270 1073 2311; x_wconf 82' lang='grc'>135,</span> <span class='ocrx_word' id='word_1_313' title='bbox 1102 2270 1231 2316; x_wconf 86' lang='lat' dir='ltr'>scripsi</span> <span class='ocrx_word' id='word_1_314' title='bbox 1256 2270 1354 2306; x_wconf 83' lang='lat' dir='ltr'>illum</span> <span class='ocrx_word' id='word_1_315' title='bbox 1379 2281 1440 2316; x_wconf 76' lang='grc'>090</span> <span class='ocrx_word' id='word_1_316' title='bbox 1465 2291 1511 2297; x_wconf 88' lang='lat'><em>-</em></span> <span class='ocrx_word' id='word_1_317' title='bbox 1534 2270 1604 2312; x_wconf 71' lang='lat' dir='ltr'>sed,</span> <span class='ocrx_word' id='word_1_318' title='bbox 1630 2269 1715 2306; x_wconf 80' lang='lat' dir='ltr'>Vat.</span> 
     </span>
     <span class='ocr_line' id='line_1_35' title="bbox 230 2327 1716 2374; baseline 0.003 -13"><span class='ocrx_word' id='word_1_319' title='bbox 230 2327 349 2362; x_wconf 86' lang='lat' dir='ltr'>habet</span> <span class='ocrx_word' id='word_1_320' title='bbox 384 2327 439 2362; x_wconf 81' lang='lat' dir='ltr'>illi</span> <span class='ocrx_word' id='word_1_321' title='bbox 474 2328 532 2363; x_wconf 84' lang='lat' dir='ltr'>mi.</span> <span class='ocrx_word' id='word_1_322' title='bbox 571 2331 626 2364; x_wconf 84' lang='lat' dir='ltr'>Ex</span> <span class='ocrx_word' id='word_1_323' title='bbox 660 2328 871 2364; x_wconf 81' lang='lat' dir='ltr'>imitatione</span> <span class='ocrx_word' id='word_1_324' title='bbox 898 2328 1113 2374; x_wconf 80' lang='lat' dir='ltr'>Vergiliana</span> <span class='ocrx_word' id='word_1_325' title='bbox 1152 2329 1267 2365; x_wconf 86' lang='lat' dir='ltr'>etiam</span> <span class='ocrx_word' id='word_1_326' title='bbox 1291 2329 1432 2365; x_wconf 82' lang='lat' dir='ltr'>Statius</span> <span class='ocrx_word' id='word_1_327' title='bbox 1458 2329 1574 2365; x_wconf 79' lang='lat' dir='ltr'>habet</span> <span class='ocrx_word' id='word_1_328' title='bbox 1598 2329 1716 2366; x_wconf 85' lang='lat' dir='ltr'>Theb.</span> 
     </span>
     <span class='ocr_line' id='line_1_36' title="bbox 230 2385 1717 2434; baseline 0.003 -15"><span class='ocrx_word' id='word_1_329' title='bbox 230 2385 292 2427; x_wconf 89' lang='lat' dir='ltr'>IV,</span> <span class='ocrx_word' id='word_1_330' title='bbox 326 2385 415 2420; x_wconf 84' lang='lat'>518:</span> <span class='ocrx_word' id='word_1_331' title='bbox 457 2387 596 2431; x_wconf 76' lang='lat' dir='ltr'>iamque</span> <span class='ocrx_word' id='word_1_332' title='bbox 637 2398 698 2432; x_wconf 77' lang='grc'>090</span> <span class='ocrx_word' id='word_1_333' title='bbox 738 2399 800 2423; x_wconf 79' lang='lat' dir='ltr'>vos</span> <span class='ocrx_word' id='word_1_334' title='bbox 827 2409 869 2414; x_wconf 91' lang='lat'><strong>—</strong></span> <span class='ocrx_word' id='word_1_335' title='bbox 897 2389 936 2424; x_wconf 88' lang='lat' dir='ltr'>et</span> <span class='ocrx_word' id='word_1_336' title='bbox 963 2388 1028 2423; x_wconf 89' lang='lat' dir='ltr'>Ov.</span> <span class='ocrx_word' id='word_1_337' title='bbox 1071 2389 1148 2424; x_wconf 88' lang='lat' dir='ltr'>her.</span> <span class='ocrx_word' id='word_1_338' title='bbox 1182 2389 1261 2429; x_wconf 89' lang='lat' dir='ltr'>XII,</span> <span class='ocrx_word' id='word_1_339' title='bbox 1305 2388 1392 2423; x_wconf 82' lang='lat'>207:</span> <span class='ocrx_word' id='word_1_340' title='bbox 1434 2399 1522 2433; x_wconf 74' lang='lat' dir='ltr'>quos</span> <span class='ocrx_word' id='word_1_341' title='bbox 1560 2389 1717 2434; x_wconf 76' lang='lat' dir='ltr'>equidem</span> 
     </span>
     <span class='ocr_line' id='line_1_37' title="bbox 230 2449 495 2480; baseline -0.004 0"><span class='ocrx_word' id='word_1_342' title='bbox 230 2449 387 2480; x_wconf 79' lang='lat' dir='ltr'>actutum</span> <span class='ocrx_word' id='word_1_343' title='bbox 413 2467 460 2471; x_wconf 97' lang='lat'><strong>—</strong></span> <span class='ocrx_word' id='word_1_344' title='bbox 489 2473 495 2479; x_wconf 92' lang='lat'>.</span> 
     </span>
    </p>

    <p class='ocr_par' dir='ltr' id='par_1_15' title="bbox 230 2505 1716 2609">
     <span class='ocr_line' id='line_1_38' title="bbox 349 2505 1716 2551; baseline 0.003 -12"><span class='ocrx_word' id='word_1_345' title='bbox 349 2508 487 2540; x_wconf 74' lang='lat' dir='ltr'>tantum</span> <span class='ocrx_word' id='word_1_346' title='bbox 510 2516 583 2540; x_wconf 85' lang='lat' dir='ltr'>non</span> <span class='ocrx_word' id='word_1_347' title='bbox 607 2505 877 2551; x_wconf 74' lang='lat' dir='ltr'>indiynantz’bus</span> <span class='ocrx_word' id='word_1_348' title='bbox 900 2506 1018 2541; x_wconf 76' lang='lat' dir='ltr'>undis:</span> <span class='ocrx_word' id='word_1_349' title='bbox 1057 2506 1123 2541; x_wconf 89' lang='lat' dir='ltr'>cfr.</span> <span class='ocrx_word' id='word_1_350' title='bbox 1152 2506 1217 2542; x_wconf 82' lang='lat' dir='ltr'>Ov.</span> <span class='ocrx_word' id='word_1_351' title='bbox 1244 2517 1316 2542; x_wconf 88' lang='lat' dir='ltr'>am.</span> <span class='ocrx_word' id='word_1_352' title='bbox 1352 2506 1420 2548; x_wconf 92' lang='grc' dir='ltr'>ΙΙΙ,</span> <span class='ocrx_word' id='word_1_353' title='bbox 1460 2506 1516 2548; x_wconf 89' lang='grc'>14,</span> <span class='ocrx_word' id='word_1_354' title='bbox 1552 2506 1614 2549; x_wconf 84' lang='grc'>35;</span> <span class='ocrx_word' id='word_1_355' title='bbox 1653 2506 1716 2543; x_wconf 83' lang='lat' dir='ltr'>Sil.</span> 
     </span>
     <span class='ocr_line' id='line_1_39' title="bbox 230 2562 1204 2609; baseline 0.001 -11"><span class='ocrx_word' id='word_1_356' title='bbox 230 2562 332 2605; x_wconf 92' lang='lat' dir='ltr'>VIII,</span> <span class='ocrx_word' id='word_1_357' title='bbox 358 2563 445 2609; x_wconf 87' lang='lat'><strong>339;</strong></span> <span class='ocrx_word' id='word_1_358' title='bbox 472 2563 518 2599; x_wconf 88' lang='lat' dir='ltr'>de</span> <span class='ocrx_word' id='word_1_359' title='bbox 544 2563 766 2609; x_wconf 81' lang='lat' dir='ltr'>indignandi</span> <span class='ocrx_word' id='word_1_360' title='bbox 790 2565 906 2601; x_wconf 86' lang='lat' dir='ltr'>verbo</span> <span class='ocrx_word' id='word_1_361' title='bbox 932 2565 1018 2601; x_wconf 83' lang='lat' dir='ltr'>vide</span> <span class='ocrx_word' id='word_1_362' title='bbox 1044 2565 1093 2600; x_wconf 83' lang='lat' dir='ltr'>ad.</span> <span class='ocrx_word' id='word_1_363' title='bbox 1117 2566 1148 2607; x_wconf 91' lang='lat' dir='ltr'>I,</span> <span class='ocrx_word' id='word_1_364' title='bbox 1173 2565 1204 2600; x_wconf 89' lang='lat'>9.</span> 
     </span>
    </p>

    <p class='ocr_par' dir='ltr' id='par_1_16' title="bbox 349 2622 1507 2670">
     <span class='ocr_line' id='line_1_40' title="bbox 349 2622 1507 2670; baseline 0.002 -13"><span class='ocrx_word' id='word_1_365' title='bbox 349 2622 418 2657; x_wconf 88' lang='lat'>203</span> <span class='ocrx_word' id='word_1_366' title='bbox 442 2623 507 2658; x_wconf 79' lang='lat' dir='ltr'>hoc</span> <span class='ocrx_word' id='word_1_367' title='bbox 531 2627 648 2667; x_wconf 80' lang='lat' dir='ltr'>capnt,</span> <span class='ocrx_word' id='word_1_368' title='bbox 676 2623 742 2659; x_wconf 89' lang='lat' dir='ltr'>cfr.</span> <span class='ocrx_word' id='word_1_369' title='bbox 769 2623 870 2665; x_wconf 90' lang='lat' dir='ltr'>VIII,</span> <span class='ocrx_word' id='word_1_370' title='bbox 897 2624 966 2659; x_wconf 84' lang='lat'>349</span> <span class='ocrx_word' id='word_1_371' title='bbox 993 2625 1032 2660; x_wconf 82' lang='lat' dir='ltr'>et</span> <span class='ocrx_word' id='word_1_372' title='bbox 1055 2624 1156 2670; x_wconf 88' lang='lat' dir='ltr'>Virg.</span> <span class='ocrx_word' id='word_1_373' title='bbox 1183 2624 1274 2660; x_wconf 87' lang='lat' dir='ltr'>Aen.</span> <span class='ocrx_word' id='word_1_374' title='bbox 1300 2624 1400 2665; x_wconf 83' lang='lat' dir='ltr'>VIII,</span> <span class='ocrx_word' id='word_1_375' title='bbox 1427 2624 1507 2660; x_wconf 83' lang='lat'>570.</span> 
     </span>
    </p>

    <p class='ocr_par' dir='ltr' id='par_1_17' title="bbox 348 2681 1715 2730">
     <span class='ocr_line' id='line_1_41' title="bbox 348 2681 1715 2730; baseline 0.002 -14"><span class='ocrx_word' id='word_1_376' title='bbox 348 2681 429 2718; x_wconf 84' lang='lat'>204.</span> <span class='ocrx_word' id='word_1_377' title='bbox 455 2683 610 2717; x_wconf 72' lang='lat' dir='ltr'>cumulat</span> <span class='ocrx_word' id='word_1_378' title='bbox 634 2703 680 2709; x_wconf 89' lang='lat'>—</span> <span class='ocrx_word' id='word_1_379' title='bbox 701 2684 895 2725; x_wconf 82' lang='lat' dir='ltr'>flammam:</span> <span class='ocrx_word' id='word_1_380' title='bbox 922 2683 1079 2728; x_wconf 84' lang='lat' dir='ltr'>largiter</span> <span class='ocrx_word' id='word_1_381' title='bbox 1112 2683 1152 2718; x_wconf 89' lang='lat' dir='ltr'>in</span> <span class='ocrx_word' id='word_1_382' title='bbox 1182 2683 1370 2718; x_wconf 81' lang='lat' dir='ltr'>flammam</span> <span class='ocrx_word' id='word_1_383' title='bbox 1394 2683 1510 2725; x_wconf 81' lang='lat' dir='ltr'>inicit,</span> <span class='ocrx_word' id='word_1_384' title='bbox 1537 2684 1580 2719; x_wconf 91' lang='grc'>1113</span> <span class='ocrx_word' id='word_1_385' title='bbox 1603 2683 1715 2730; x_wconf 83' lang='lat' dir='ltr'>Verg.</span> 
     </span>
    </p>
   </div>
  </div>
 </body>
</html>
