1890 3100
0 181 10 257 ἓ,

512 209 900 247 ARGONAV'I'ICON
922 208 1071 245 LIBER
1098 208 1199 244 vm.
1511 206 1598 250 533

218 345 323 385 quae
350 331 456 371 latus
483 332 525 370 in
551 331 713 370 laevum
739 331 853 383 ponti
880 329 1004 377 cadit3
1034 328 1128 368 inde
1157 340 1377 380 sequemur
1412 348 1416 350 -

219 398 345 450 ipsius
373 397 500 436 amnis
530 396 616 444 iter,
648 395 775 435 donec
802 409 876 434 nos
903 394 1066 433 flumine
1095 398 1208 432 certo
1603 401 1657 431 190

218 461 395 515 perferat
421 463 543 514 inque
573 461 684 500 aliud
709 460 853 500 reddat
879 473 1002 498 mare.
1059 459 1139 497 sint
1167 470 1243 508 age
1271 456 1385 502 tanti,

218 526 436 574 Aesonide,
467 538 742 579 quaecumque
770 538 918 571 morae,
947 537 1068 576 quam
1099 535 1223 561 saeva
1253 520 1387 559 subire

222 605 321 631 saxa
346 592 502 639 iterum,
532 605 652 644 quam
679 590 869 641 cyaneos
897 600 1158 641 perrumpere
1188 592 1358 626 monteS.

219 663 282 695 sat
308 657 422 695 mihi:
451 670 533 695 non
560 656 653 694 totis
681 655 792 707 Argo
819 654 924 693 redit
952 667 1048 693 ecce
1077 651 1308 704 corymbis'.

218 721 322 761 haec
349 723 404 760 ait
430 722 592 774 ignarus
618 721 720 759 fixas
747 720 828 758 iam
856 719 1017 757 numine
1045 730 1167 770 rupes
1606 719 1660 749 195

221 791 328 825 stare
355 799 488 839 neque
517 784 695 824 adversis
722 783 829 823 ultra
857 796 1096 822 concurrere
1125 783 1248 821 saxis.

221 850 396 890 reddidit
421 849 668 890 Aesonides:
697 854 752 888 ‘et
778 855 831 896 te,
861 848 1052 887 fidissime
1082 854 1228 894 rector,

222 914 332 954 haud
357 916 451 954 vani
477 915 649 967 tetigere
679 920 822 962 metus,
852 927 928 953 nec
956 927 1020 952 me
1050 914 1110 952 ire
1138 925 1280 951 recuso

220 980 380 1032 longius
410 986 450 1020 et
478 981 631 1019 cunctis
659 979 895 1019 redeuntem
924 977 1139 1017 ostendere
1169 977 1314 1016 terris'.

222 1046 402 1098 protinus
429 1044 523 1084 inde
552 1045 651 1084 alios
679 1045 789 1084 flexu
818 1057 1018 1100 regesque
1047 1043 1240 1095 locosque
1373 1080 1379 1082 e
1605 1039 1662 1069 ²⁰⁰

210 1192 290 1229 190.
338 1192 395 1228 De
419 1193 491 1228 hoc
515 1192 676 1233 flumine,
717 1191 817 1237 quod
854 1202 899 1227 ex
935 1190 1064 1226 Histro
1100 1190 1140 1226 in
1163 1201 1268 1225 mare
1292 1189 1526 1225 Adriaticum
1549 1189 1605 1224 in-

114 1251 231 1288 fluere
254 1251 458 1296 dicebatur,
483 1251 556 1287 vid.
581 1251 675 1286 Plin.
702 1252 783 1287 nat.
807 1250 892 1286 hist.
918 1249 987 1291 111,
1015 1250 1103 1297 127;
1144 1249 1262 1295 Apoll.
1288 1249 1352 1291 IV,
1389 1248 1460 1284 282
1484 1260 1605 1293 seqq.,

116 1312 157 1347 et
180 1310 296 1347 schol.
333 1310 382 1346 ad
406 1322 439 1345 v.
464 1310 544 1351 284,
586 1310 650 1356 qui
687 1310 804 1350 docet,
831 1309 945 1346 solum
972 1309 1219 1354 Timagenem
1256 1319 1414 1354 eumque
1438 1309 1608 1344 secutum

114 1369 354 1416 Apollonium
377 1381 549 1405 narrasse
570 1381 615 1405 ea
639 1369 701 1404 via
727 1370 966 1412 Argonautas
990 1368 1030 1403 in
1053 1379 1159 1404 mare
1184 1367 1499 1404 Mediterraneum
1523 1378 1608 1413 per·

115 1428 273 1465 venisse.
322 1427 425 1474 Sunt,
462 1429 562 1464 inter
598 1440 688 1474 quos
713 1428 858 1468 Peters.
897 1429 957 1473 qui
993 1428 1130 1473 putent
1155 1427 1347 1463 Valerium
1382 1426 1422 1462 in
1454 1437 1609 1462 numero

117 1498 247 1524 eorum
282 1486 396 1523 fuisse
410 1515 418 1528 ‚
457 1498 549 1533 quos
585 1487 726 1522 Plinius
767 1486 1024 1532 diligentiores
1066 1486 1236 1522 nominat
1271 1497 1436 1531 quosque
1471 1496 1609 1521 navem

114 1546 254 1583 umoris
278 1547 578 1592 Argonautarum
602 1547 715 1592 Alpes
753 1547 965 1582 travectam
1001 1546 1202 1582 tradidisse
1230 1545 1339 1588 dicit;
1377 1545 1445 1582 sed
1481 1544 1607 1581 verbis

118 1602 257 1652 poetae
279 1606 374 1642 haec
398 1606 586 1645 sententia
610 1605 762 1641 minime
791 1605 1085 1641 commendatur.

212 1663 292 1703 191.
333 1665 499 1710 proferat
522 1665 618 1706 Vat.,
639 1665 804 1709 perferat
832 1664 921 1701 edit,
946 1664 1041 1702 Bon.
1068 1665 1107 1700 et
1130 1664 1215 1701 Ald.

209 1724 353 1759 eint—
377 1725 539 1760 tanti—
563 1734 802 1769 quaecumque
826 1734 945 1759 morae
968 1735 1075 1768 quam
1098 1734 1205 1759 saeva
1228 1724 1348 1759 subire
1371 1734 1462 1759 saxa
1478 1724 1612 1758 iterum

117 1782 142 1818 i.
170 1793 201 1819 e.
226 1782 302 1818 sint
336 1783 435 1818 tanti
464 1782 625 1828 potius
663 1794 775 1828 quam
819 1782 954 1823 subire,
997 1782 1066 1818 cfr.
1098 1782 1220 1819 Plaut.
1258 1783 1357 1818 Men.
1395 1782 1465 1817 726
1500 1781 1612 1817 vidua

121 1851 255 1882 mam,
279 1853 387 1887 quam
410 1846 490 1878 tuoe
511 1852 626 1878 mores
644 1842 847 1887 perferam;
884 1841 1023 1876 Bacch.
1050 1841 1140 1887 6183
1180 1842 1277 1879 Rud.
1301 1841 1388 1884 684;
1420 1841 1612 1876 Kuehneri

119 1914 273 1950 gramm.
298 1901 364 1937 lat.
389 1900 439 1942 Π,
464 1902 484 1948 ᾗ
508 1901 588 1941 225,
614 1901 647 1942 3,
674 1902 805 1936 annot.
829 1900 862 1936 6.
912 1901 1064 1936 Locutio
1090 1902 1218 1937 autem
1262 1902 1355 1936 tanti
1391 1912 1464 1936 esse
1499 1901 1613 1937 valde

116 1963 247 1999 mata»
270 1962 329 1998 est
351 1960 472 2006 poetis
497 1960 650 2001 Latinis,
676 1960 782 1995 velut
807 1959 864 1995 his
889 1960 979 1995 locis
1005 1960 1106 2005 apud
1132 1960 1304 1996 Ovidium
1327 1960 1491 2005 legitur:
1530 1961 1611 1996 her,

117 2021 147 2063 I,
171 2021 213 2068 43
260 2019 343 2061 VII,
366 2020 429 2062 433
459 2019 523 2066 693
571 2019 634 2060 IX,
662 2019 723 2059 10;
774 2019 874 2060 XVI,
899 2019 985 2060 225;
1017 2018 1155 2060 XVIII,
1182 2018 1247 2060 97;
1274 2030 1388 2055 amor.
1414 2019 1445 2060 L
1463 2019 1519 2061 10,
1545 2019 1611 2062 49;

117 2079 169 2122 Π,
193 2080 228 2122 5,
254 2080 299 2126 1;
347 2078 415 2119 ΠΙ,
441 2078 473 2118 6,
500 2078 562 2119 38;
589 2078 681 2113 artis
707 2077 779 2118 ΠΙ,
806 2077 896 2124 505;
921 2077 1011 2119 610;
1049 2078 1188 2113 remed.
1217 2078 1304 2120 750;
1330 2080 1418 2114 met.
1445 2078 1495 2117 Π..
1521 2079 1614 2121 424ς

116 2138 207 2186 659;
242 2137 307 2181 VI.
330 2138 417 2180 386;
456 2137 498 2177 X,
525 2137 612 2178 310;
650 2136 737 2178 613;
788 2136 852 2177 XI,
879 2136 968 2183 7793
1006 2136 1082 2172 fast
1109 2137 1171 2177 VI,
1198 2137 1282 2179 701;
1324 2138 1422 2173 trist.
1450 2137 1499 2183 11,
1524 2137 1614 2186 209;

116 2209 166 2234 ex
189 2197 300 2236 Pont.
323 2197 393 2238 ΠΙ,
420 2196 452 2237 9,
478 2196 543 2238 45;
581 2195 643 2236 IV,
671 2195 703 2235 6.
732 2190 819 2242 123x
850 2197 1050 2241 praeterea
1074 2196 1262 2242 reperitur
1287 2197 1388 2242 apud
1412 2197 1613 2233 Horatium

120 2255 309 2292 Tibullum
335 2255 568 2301 Propertium
594 2254 775 2291 Senecam
804 2254 994 2290 Lucanum
1024 2254 1188 2290 Statium
1218 2255 1430 2292 Martialem
1457 2256 1612 2302 Calpur·

117 2315 224 2352 nium
250 2314 495 2351 Claudianum
520 2314 699 2359 aliosque.

217 2373 296 2410 194.
345 2378 403 2410 eat
427 2375 514 2409 mila·
539 2385 589 2409 sc
617 2372 733 2408 semel
760 2372 927 2418 Cyaneos
952 2375 1099 2409 montes
1122 2374 1343 2420 perrupisse

217 2433 297 2470 195.
345 2433 401 2469 De
427 2432 616 2469 sententia.
645 2431 711 2467 cfr.
739 2432 788 2467 ad
812 2431 875 2474 IV,
901 2424 1020 2468 381.
1100 2428 1243 2482 mlle,
1248 2448 1340 2469 vm

37 2514 40 2519 ·
216 2491 295 2528 199.
345 2497 378 2528 et
417 2493 552 2527 cunctis
592 2491 791 2526 redeuntem
833 2491 1012 2526 ostendere
1052 2492 1172 2527 terr-123.
1227 2492 1341 2528 Iason
1378 2504 1452 2528 non
1495 2493 1615 2529 solum

46 2552 47 2555 ’
121 2552 226 2587 metu
257 2550 500 2597 Cyanearum,
537 2550 604 2586 sed
633 2550 749 2586 etiam
788 2549 929 2595 gloriae
966 2550 1172 2596 cupiditate
1198 2551 1330 2588 ductus
1355 2551 1503 2597 longius
1541 2552 1616 2588 iter

43 2632 45 2634 -
120 2609 302 2656 praefert.

44 2671 47 2674 '
217 2668 297 2704 200.
347 2668 431 2705 Non
456 2679 583 2704 omnes
611 2668 811 2713 scriptores
836 2670 1075 2704 consentiunt
1106 2669 1179 2706 alio
1216 2669 1352 2705 itinere
1376 2669 1615 2715 Argonautae

1333 2728 1399 2764 34*
