<?xml version="1.0" encoding="UTF-8"?>
<!DOCTYPE html PUBLIC "-//W3C//DTD XHTML 1.0 Transitional//EN"
    "http://www.w3.org/TR/xhtml1/DTD/xhtml1-transitional.dtd">
<html xmlns="http://www.w3.org/1999/xhtml" xml:lang="en" lang="en">
 <head>
  <title>
</title>
<meta http-equiv="Content-Type" content="text/html;charset=utf-8" />
  <meta name='ocr-system' content='tesseract 3.04.00' />
  <meta name='ocr-capabilities' content='ocr_page ocr_carea ocr_par ocr_line ocrx_word'/>
</head>
<body>
  <div class='ocr_page' id='page_1' title='image "argonauticonlibr00valeuoft_0475.png"; bbox 0 0 1890 3100; ppageno 0'>
   <div class='ocr_carea' id='block_1_1' title="bbox 0 1342 94 3100">
    <p class='ocr_par' dir='ltr' id='par_1_1' title="bbox 0 1342 94 3100">
     <span class='ocr_line' id='line_1_1' title="bbox 0 1342 94 3100; baseline 0 0"><span class='ocrx_word' id='word_1_1' title='bbox 0 1342 94 3100; x_wconf 95' lang='lat' dir='ltr'> </span> 
     </span>
    </p>
   </div>
   <div class='ocr_carea' id='block_1_2' title="bbox 648 188 1693 236">
    <p class='ocr_par' dir='ltr' id='par_1_2' title="bbox 648 188 1693 236">
     <span class='ocr_line' id='line_1_2' title="bbox 648 188 1693 236; baseline 0.002 -11"><span class='ocrx_word' id='word_1_2' title='bbox 648 188 1035 226; x_wconf 78' lang='lat' dir='ltr'>ARGONAVTICON</span> <span class='ocrx_word' id='word_1_3' title='bbox 1058 190 1203 226; x_wconf 78' lang='lat' dir='ltr'><strong>LIBER</strong></span> <span class='ocrx_word' id='word_1_4' title='bbox 1227 190 1290 226; x_wconf 84' lang='lat' dir='ltr'>VI.</span> <span class='ocrx_word' id='word_1_5' title='bbox 1605 192 1693 236; x_wconf 80' lang='lat'>457</span> 
     </span>
    </p>
   </div>
   <div class='ocr_carea' id='block_1_3' title="bbox 316 308 1751 1405">
    <p class='ocr_par' dir='ltr' id='par_1_3' title="bbox 317 308 1749 556">
     <span class='ocr_line' id='line_1_3' title="bbox 317 308 1301 361; baseline -0.001 -13"><span class='ocrx_word' id='word_1_6' title='bbox 317 309 499 361; x_wconf 86' lang='lat' dir='ltr'>agnoscit</span> <span class='ocrx_word' id='word_1_7' title='bbox 527 309 762 361; x_wconf 76' lang='lat' dir='ltr'><strong>quaeritque</strong></span> <span class='ocrx_word' id='word_1_8' title='bbox 791 308 890 348; x_wconf 90' lang='lat' dir='ltr'>alios</span> <span class='ocrx_word' id='word_1_9' title='bbox 918 309 1074 348; x_wconf 90' lang='lat' dir='ltr'>Iunone</span> <span class='ocrx_word' id='word_1_10' title='bbox 1100 309 1301 361; x_wconf 81' lang='lat' dir='ltr'>magistra,</span> 
     </span>
     <span class='ocr_line' id='line_1_4' title="bbox 319 373 1431 426; baseline 0 -14"><span class='ocrx_word' id='word_1_11' title='bbox 319 374 512 426; x_wconf 84' lang='lat' dir='ltr'><strong>conspicit</strong></span> <span class='ocrx_word' id='word_1_12' title='bbox 539 374 760 413; x_wconf 83' lang='lat' dir='ltr'>Aesonium</span> <span class='ocrx_word' id='word_1_13' title='bbox 786 374 908 426; x_wconf 86' lang='lat' dir='ltr'>longe</span> <span class='ocrx_word' id='word_1_14' title='bbox 936 379 1068 426; x_wconf 84' lang='lat' dir='ltr'>caput,</span> <span class='ocrx_word' id='word_1_15' title='bbox 1096 387 1143 412; x_wconf 84' lang='lat' dir='ltr'>ac</span> <span class='ocrx_word' id='word_1_16' title='bbox 1171 373 1290 412; x_wconf 86' lang='lat' dir='ltr'>simul</span> <span class='ocrx_word' id='word_1_17' title='bbox 1318 387 1431 413; x_wconf 89' lang='lat' dir='ltr'>acres</span> 
     </span>
     <span class='ocr_line' id='line_1_5' title="bbox 319 438 1749 491; baseline 0 -14"><span class='ocrx_word' id='word_1_18' title='bbox 319 439 399 477; x_wconf 89' lang='lat' dir='ltr'>huc</span> <span class='ocrx_word' id='word_1_19' title='bbox 427 438 564 477; x_wconf 86' lang='lat' dir='ltr'>oculos</span> <span class='ocrx_word' id='word_1_20' title='bbox 593 452 817 491; x_wconf 80' lang='lat' dir='ltr'>sensusque</span> <span class='ocrx_word' id='word_1_21' title='bbox 845 439 968 477; x_wconf 85' lang='lat' dir='ltr'>refert</span> <span class='ocrx_word' id='word_1_22' title='bbox 995 438 1250 491; x_wconf 78' lang='lat' dir='ltr'>animmque</span> <span class='ocrx_word' id='word_1_23' title='bbox 1277 438 1493 486; x_wconf 82' lang='lat' dir='ltr'>faventem,</span> <span class='ocrx_word' id='word_1_24' title='bbox 1693 452 1749 483; x_wconf 73' lang='lat' dir='ltr'>5oe</span> 
     </span>
     <span class='ocr_line' id='line_1_6' title="bbox 319 501 1424 556; baseline 0 -14"><span class='ocrx_word' id='word_1_25' title='bbox 319 517 426 542; x_wconf 94' lang='lat' dir='ltr'>nunc</span> <span class='ocrx_word' id='word_1_26' title='bbox 454 517 532 556; x_wconf 93' lang='lat' dir='ltr'>quo</span> <span class='ocrx_word' id='word_1_27' title='bbox 561 517 605 543; x_wconf 84' lang='lat' dir='ltr'>se</span> <span class='ocrx_word' id='word_1_28' title='bbox 634 509 803 555; x_wconf 86' lang='lat' dir='ltr'>raperet,</span> <span class='ocrx_word' id='word_1_29' title='bbox 832 516 938 542; x_wconf 91' lang='lat' dir='ltr'>nunc</span> <span class='ocrx_word' id='word_1_30' title='bbox 967 516 1045 555; x_wconf 91' lang='lat' dir='ltr'>quo</span> <span class='ocrx_word' id='word_1_31' title='bbox 1075 501 1256 541; x_wconf 84' lang='lat' dir='ltr'>diversus</span> <span class='ocrx_word' id='word_1_32' title='bbox 1285 503 1424 551; x_wconf 91' lang='lat' dir='ltr'>abiret,</span> 
     </span>
    </p>

    <p class='ocr_par' dir='ltr' id='par_1_4' title="bbox 321 567 1586 687">
     <span class='ocr_line' id='line_1_7' title="bbox 321 567 1586 621; baseline 0.001 -14"><span class='ocrx_word' id='word_1_33' title='bbox 321 574 413 608; x_wconf 91' lang='lat' dir='ltr'>ante</span> <span class='ocrx_word' id='word_1_34' title='bbox 441 568 594 616; x_wconf 88' lang='lat' dir='ltr'>videns,</span> <span class='ocrx_word' id='word_1_35' title='bbox 624 574 800 621; x_wconf 86' lang='lat' dir='ltr'>quotque</span> <span class='ocrx_word' id='word_1_36' title='bbox 826 581 930 606; x_wconf 89' lang='lat' dir='ltr'>unus</span> <span class='ocrx_word' id='word_1_37' title='bbox 959 580 1097 620; x_wconf 86' lang='lat' dir='ltr'>equos,</span> <span class='ocrx_word' id='word_1_38' title='bbox 1127 574 1224 620; x_wconf 85' lang='lat' dir='ltr'>quot</span> <span class='ocrx_word' id='word_1_39' title='bbox 1251 567 1438 607; x_wconf 85' lang='lat' dir='ltr'>funderet</span> <span class='ocrx_word' id='word_1_40' title='bbox 1466 582 1586 617; x_wconf 88' lang='lat' dir='ltr'>arma,</span> 
     </span>
     <span class='ocr_line' id='line_1_8' title="bbox 322 632 1380 687; baseline -0.001 -14"><span class='ocrx_word' id='word_1_41' title='bbox 322 639 582 687; x_wconf 85' lang='lat' dir='ltr'>errantesque</span> <span class='ocrx_word' id='word_1_42' title='bbox 608 634 715 672; x_wconf 80' lang='lat' dir='ltr'>viros</span> <span class='ocrx_word' id='word_1_43' title='bbox 744 646 863 686; x_wconf 88' lang='lat' dir='ltr'>quam</span> <span class='ocrx_word' id='word_1_44' title='bbox 891 632 1026 672; x_wconf 86' lang='lat' dir='ltr'>densis</span> <span class='ocrx_word' id='word_1_45' title='bbox 1056 633 1216 672; x_wconf 85' lang='lat' dir='ltr'>sisteret</span> <span class='ocrx_word' id='word_1_46' title='bbox 1242 633 1380 672; x_wconf 83' lang='lat' dir='ltr'>hastis.</span> 
     </span>
    </p>

    <p class='ocr_par' dir='ltr' id='par_1_5' title="bbox 319 697 1419 751">
     <span class='ocr_line' id='line_1_9' title="bbox 319 697 1419 751; baseline 0 -14"><span class='ocrx_word' id='word_1_47' title='bbox 319 712 477 751; x_wconf 86' lang='lat' dir='ltr'>quaque</span> <span class='ocrx_word' id='word_1_48' title='bbox 504 699 648 737; x_wconf 90' lang='lat' dir='ltr'>iterum</span> <span class='ocrx_word' id='word_1_49' title='bbox 673 698 795 736; x_wconf 83' lang='lat' dir='ltr'>tacito</span> <span class='ocrx_word' id='word_1_50' title='bbox 824 698 970 750; x_wconf 83' lang='lat' dir='ltr'>sparsit</span> <span class='ocrx_word' id='word_1_51' title='bbox 994 711 1101 749; x_wconf 87' lang='lat' dir='ltr'>vaga</span> <span class='ocrx_word' id='word_1_52' title='bbox 1126 697 1277 736; x_wconf 90' lang='lat' dir='ltr'>lumina</span> <span class='ocrx_word' id='word_1_53' title='bbox 1303 698 1419 737; x_wconf 81' lang='lat' dir='ltr'>vultu</span> 
     </span>
    </p>

    <p class='ocr_par' dir='ltr' id='par_1_6' title="bbox 317 763 1751 881">
     <span class='ocr_line' id='line_1_10' title="bbox 317 763 1751 816; baseline 0.001 -14"><span class='ocrx_word' id='word_1_54' title='bbox 317 770 386 803; x_wconf 90' lang='lat' dir='ltr'>aut</span> <span class='ocrx_word' id='word_1_55' title='bbox 412 764 544 802; x_wconf 83' lang='lat' dir='ltr'>fratris</span> <span class='ocrx_word' id='word_1_56' title='bbox 572 776 768 816; x_wconf 88' lang='lat' dir='ltr'>quaerens</span> <span class='ocrx_word' id='word_1_57' title='bbox 798 769 867 801; x_wconf 90' lang='lat' dir='ltr'>aut</span> <span class='ocrx_word' id='word_1_58' title='bbox 892 763 999 816; x_wconf 88' lang='lat' dir='ltr'>pacti</span> <span class='ocrx_word' id='word_1_59' title='bbox 1027 763 1207 815; x_wconf 87' lang='lat' dir='ltr'>coniugis</span> <span class='ocrx_word' id='word_1_60' title='bbox 1235 776 1358 807; x_wconf 81' lang='lat' dir='ltr'>arma.</span> <span class='ocrx_word' id='word_1_61' title='bbox 1696 784 1751 815; x_wconf 83' lang='lat'>58⁵</span> 
     </span>
     <span class='ocr_line' id='line_1_11' title="bbox 317 828 1317 881; baseline -0.001 -13"><span class='ocrx_word' id='word_1_62' title='bbox 317 842 461 868; x_wconf 84' lang='lat' dir='ltr'>saevus</span> <span class='ocrx_word' id='word_1_63' title='bbox 489 828 544 867; x_wconf 88' lang='lat' dir='ltr'>ibi</span> <span class='ocrx_word' id='word_1_64' title='bbox 571 829 742 867; x_wconf 84' lang='lat' dir='ltr'>miserae</span> <span class='ocrx_word' id='word_1_65' title='bbox 770 828 959 881; x_wconf 88' lang='lat' dir='ltr'>solusque</span> <span class='ocrx_word' id='word_1_66' title='bbox 989 829 1158 867; x_wconf 89' lang='lat' dir='ltr'>occurrit</span> <span class='ocrx_word' id='word_1_67' title='bbox 1185 829 1317 867; x_wconf 87' lang='lat' dir='ltr'>Iason.</span> 
     </span>
    </p>

    <p class='ocr_par' dir='ltr' id='par_1_7' title="bbox 316 892 1751 1336">
     <span class='ocr_line' id='line_1_12' title="bbox 318 892 1480 945; baseline 0.001 -13"><span class='ocrx_word' id='word_1_68' title='bbox 318 899 413 932; x_wconf 86' lang='lat' dir='ltr'>tunc</span> <span class='ocrx_word' id='word_1_69' title='bbox 440 893 503 932; x_wconf 89' lang='lat' dir='ltr'>his</span> <span class='ocrx_word' id='word_1_70' title='bbox 531 906 762 945; x_wconf 78' lang='lat' dir='ltr'>germanam</span> <span class='ocrx_word' id='word_1_71' title='bbox 789 892 1034 945; x_wconf 84' lang='lat' dir='ltr'>adgreditur,</span> <span class='ocrx_word' id='word_1_72' title='bbox 1064 907 1140 932; x_wconf 93' lang='lat' dir='ltr'>ceu</span> <span class='ocrx_word' id='word_1_73' title='bbox 1166 895 1315 942; x_wconf 88' lang='lat' dir='ltr'>nescia,</span> <span class='ocrx_word' id='word_1_74' title='bbox 1346 893 1480 933; x_wconf 79' lang='lat' dir='ltr'>dictis:</span> 
     </span>
     <span class='ocr_line' id='line_1_13' title="bbox 317 957 1444 1012; baseline 0.001 -14"><span class='ocrx_word' id='word_1_75' title='bbox 317 957 434 1011; x_wconf 62' lang='grc' dir='ltr'>ς(11115,</span> <span class='ocrx_word' id='word_1_76' title='bbox 462 971 614 1010; x_wconf 90' lang='lat' dir='ltr'>precor,</span> <span class='ocrx_word' id='word_1_77' title='bbox 644 958 719 1005; x_wconf 90' lang='lat' dir='ltr'>hic,</span> <span class='ocrx_word' id='word_1_78' title='bbox 748 963 832 996; x_wconf 85' lang='lat' dir='ltr'>toto</span> <span class='ocrx_word' id='word_1_79' title='bbox 860 958 1091 997; x_wconf 86' lang='lat' dir='ltr'>iamdudum</span> <span class='ocrx_word' id='word_1_80' title='bbox 1118 959 1275 998; x_wconf 85' lang='lat' dir='ltr'>fervere</span> <span class='ocrx_word' id='word_1_81' title='bbox 1305 973 1444 1012; x_wconf 90' lang='lat' dir='ltr'>campo</span> 
     </span>
     <span class='ocr_line' id='line_1_14' title="bbox 320 1023 1570 1078; baseline 0.002 -16"><span class='ocrx_word' id='word_1_82' title='bbox 320 1037 439 1076; x_wconf 91' lang='lat' dir='ltr'>quem</span> <span class='ocrx_word' id='word_1_83' title='bbox 466 1029 582 1062; x_wconf 91' lang='lat' dir='ltr'>tueor</span> <span class='ocrx_word' id='word_1_84' title='bbox 610 1037 809 1076; x_wconf 90' lang='lat' dir='ltr'>quemque</span> <span class='ocrx_word' id='word_1_85' title='bbox 837 1024 924 1075; x_wconf 87' lang='lat' dir='ltr'>ipsa</span> <span class='ocrx_word' id='word_1_86' title='bbox 950 1023 1094 1063; x_wconf 83' lang='lat' dir='ltr'>vides?</span> <span class='ocrx_word' id='word_1_87' title='bbox 1121 1039 1214 1063; x_wconf 86' lang='lat' dir='ltr'>nam</span> <span class='ocrx_word' id='word_1_88' title='bbox 1240 1030 1282 1064; x_wconf 92' lang='lat' dir='ltr'>te</span> <span class='ocrx_word' id='word_1_89' title='bbox 1311 1039 1471 1078; x_wconf 92' lang='lat' dir='ltr'>quoque</span> <span class='ocrx_word' id='word_1_90' title='bbox 1499 1027 1570 1065; x_wconf 74' lang='lat' dir='ltr'>tali</span> 
     </span>
     <span class='ocr_line' id='line_1_15' title="bbox 318 1087 1751 1141; baseline 0.003 -15"><span class='ocrx_word' id='word_1_91' title='bbox 318 1089 529 1127; x_wconf 85' lang='lat' dir='ltr'>attonitam</span> <span class='ocrx_word' id='word_1_92' title='bbox 556 1089 702 1127; x_wconf 84' lang='lat' dir='ltr'>virtute</span> <span class='ocrx_word' id='word_1_93' title='bbox 730 1087 844 1127; x_wconf 85' lang='lat' dir='ltr'>reor&#39;.</span> <span class='ocrx_word' id='word_1_94' title='bbox 901 1095 1039 1127; x_wconf 90' lang='lat' dir='ltr'>contra</span> <span class='ocrx_word' id='word_1_95' title='bbox 1066 1103 1210 1141; x_wconf 90' lang='lat' dir='ltr'>aspera</span> <span class='ocrx_word' id='word_1_96' title='bbox 1236 1089 1337 1129; x_wconf 91' lang='lat' dir='ltr'>Iuno</span> <span class='ocrx_word' id='word_1_97' title='bbox 1695 1108 1751 1138; x_wconf 73' lang='lat'>5³0</span> 
     </span>
     <span class='ocr_line' id='line_1_16' title="bbox 316 1153 1423 1207; baseline 0.004 -16"><span class='ocrx_word' id='word_1_98' title='bbox 316 1153 450 1192; x_wconf 85' lang='lat' dir='ltr'>reddit</span> <span class='ocrx_word' id='word_1_99' title='bbox 477 1166 601 1204; x_wconf 86' lang='lat' dir='ltr'>agens</span> <span class='ocrx_word' id='word_1_100' title='bbox 632 1154 801 1192; x_wconf 82' lang='lat' dir='ltr'>stimulis</span> <span class='ocrx_word' id='word_1_101' title='bbox 830 1167 876 1192; x_wconf 86' lang='lat' dir='ltr'>ac</span> <span class='ocrx_word' id='word_1_102' title='bbox 905 1153 999 1192; x_wconf 86' lang='lat' dir='ltr'>diris</span> <span class='ocrx_word' id='word_1_103' title='bbox 1028 1154 1237 1194; x_wconf 79' lang='lat' dir='ltr'>ftaudibus</span> <span class='ocrx_word' id='word_1_104' title='bbox 1266 1163 1423 1207; x_wconf 86' lang='lat' dir='ltr'>urguet.</span> 
     </span>
     <span class='ocr_line' id='line_1_17' title="bbox 320 1215 1499 1273; baseline 0.003 -17"><span class='ocrx_word' id='word_1_105' title='bbox 320 1215 468 1270; x_wconf 79' lang='lat' dir='ltr'>‘ipsum’</span> <span class='ocrx_word' id='word_1_106' title='bbox 501 1219 556 1256; x_wconf 90' lang='lat' dir='ltr'>ait</span> <span class='ocrx_word' id='word_1_107' title='bbox 586 1218 831 1258; x_wconf 87' lang='lat' dir='ltr'>‘Aesoniden</span> <span class='ocrx_word' id='word_1_108' title='bbox 859 1219 1000 1267; x_wconf 86' lang='lat' dir='ltr'>cernis,</span> <span class='ocrx_word' id='word_1_109' title='bbox 1031 1233 1153 1267; x_wconf 89' lang='lat' dir='ltr'>soror,</span> <span class='ocrx_word' id='word_1_110' title='bbox 1184 1234 1358 1273; x_wconf 90' lang='lat' dir='ltr'>aequore</span> <span class='ocrx_word' id='word_1_111' title='bbox 1386 1227 1499 1260; x_wconf 89' lang='lat' dir='ltr'>tanto</span> 
     </span>
     <span class='ocr_line' id='line_1_18' title="bbox 319 1284 1271 1336; baseline 0 -12"><span class='ocrx_word' id='word_1_112' title='bbox 319 1284 456 1324; x_wconf 89' lang='lat' dir='ltr'>debita</span> <span class='ocrx_word' id='word_1_113' title='bbox 484 1284 643 1336; x_wconf 85' lang='lat' dir='ltr'>cognati</span> <span class='ocrx_word' id='word_1_114' title='bbox 670 1285 816 1336; x_wconf 87' lang='lat' dir='ltr'>repetit</span> <span class='ocrx_word' id='word_1_115' title='bbox 845 1285 914 1336; x_wconf 91' lang='lat' dir='ltr'>qui</span> <span class='ocrx_word' id='word_1_116' title='bbox 941 1284 1095 1324; x_wconf 85' lang='lat' dir='ltr'>vellera</span> <span class='ocrx_word' id='word_1_117' title='bbox 1121 1286 1271 1334; x_wconf 85' lang='lat' dir='ltr'>Phrixi,</span> 
     </span>
    </p>

    <p class='ocr_par' dir='ltr' id='par_1_8' title="bbox 317 1348 1595 1405">
     <span class='ocr_line' id='line_1_19' title="bbox 317 1348 1595 1405; baseline 0.003 -17"><span class='ocrx_word' id='word_1_118' title='bbox 317 1363 393 1389; x_wconf 93' lang='lat' dir='ltr'>nec</span> <span class='ocrx_word' id='word_1_119' title='bbox 420 1348 536 1394; x_wconf 77' lang='lat' dir='ltr'>nunc</span> <span class='ocrx_word' id='word_1_120' title='bbox 554 1349 676 1389; x_wconf 88' lang='lat' dir='ltr'>laude</span> <span class='ocrx_word' id='word_1_121' title='bbox 703 1350 810 1402; x_wconf 89' lang='lat' dir='ltr'>prior</span> <span class='ocrx_word' id='word_1_122' title='bbox 837 1350 1011 1401; x_wconf 87' lang='lat' dir='ltr'>generis,</span> <span class='ocrx_word' id='word_1_123' title='bbox 1040 1364 1116 1389; x_wconf 90' lang='lat' dir='ltr'>nec</span> <span class='ocrx_word' id='word_1_124' title='bbox 1145 1351 1340 1403; x_wconf 86' lang='lat' dir='ltr'>sanguine</span> <span class='ocrx_word' id='word_1_125' title='bbox 1370 1353 1595 1405; x_wconf 89' lang='lat' dir='ltr'>quisquam.</span> 
     </span>
    </p>
   </div>
   <div class='ocr_carea' id='block_1_4' title="bbox 211 1424 494 1429">
    <p class='ocr_par' dir='ltr' id='par_1_9' title="bbox 211 1424 494 1429">
     <span class='ocr_line' id='line_1_20' title="bbox 211 1424 494 1429; baseline 0 0"><span class='ocrx_word' id='word_1_126' title='bbox 211 1424 494 1429; x_wconf 95' lang='lat' dir='ltr'> </span> 
     </span>
    </p>
   </div>
   <div class='ocr_carea' id='block_1_5' title="bbox 211 1455 1702 2689">
    <p class='ocr_par' dir='ltr' id='par_1_10' title="bbox 305 1455 1031 1502">
     <span class='ocr_line' id='line_1_21' title="bbox 305 1455 1031 1502; baseline 0.001 -11"><span class='ocrx_word' id='word_1_127' title='bbox 305 1455 387 1493; x_wconf 83' lang='lat'>581.</span> <span class='ocrx_word' id='word_1_128' title='bbox 434 1466 502 1501; x_wconf 70' lang='lat' dir='ltr'>quo</span> <span class='ocrx_word' id='word_1_129' title='bbox 527 1456 686 1492; x_wconf 70' lang='lat' dir='ltr'>diversas</span> <span class='ocrx_word' id='word_1_130' title='bbox 709 1456 836 1492; x_wconf 71' lang='lat' dir='ltr'>abiret:</span> <span class='ocrx_word' id='word_1_131' title='bbox 863 1455 925 1502; x_wconf 81' lang='lat' dir='ltr'>IV,</span> <span class='ocrx_word' id='word_1_132' title='bbox 950 1456 1031 1492; x_wconf 86' lang='lat'><strong>387.</strong></span> 
     </span>
    </p>

    <p class='ocr_par' dir='ltr' id='par_1_11' title="bbox 211 1515 1702 1611">
     <span class='ocr_line' id='line_1_22' title="bbox 316 1515 1702 1565; baseline 0.003 -14"><span class='ocrx_word' id='word_1_133' title='bbox 316 1515 397 1552; x_wconf 84' lang='lat'><strong>582.</strong></span> <span class='ocrx_word' id='word_1_134' title='bbox 446 1519 528 1550; x_wconf 77' lang='lat' dir='ltr'>ante</span> <span class='ocrx_word' id='word_1_135' title='bbox 550 1515 673 1551; x_wconf 68' lang='lat' dir='ltr'>videns</span> <span class='ocrx_word' id='word_1_136' title='bbox 696 1515 720 1551; x_wconf 90' lang='lat' dir='ltr'>i.</span> <span class='ocrx_word' id='word_1_137' title='bbox 746 1526 778 1551; x_wconf 88' lang='lat' dir='ltr'>e.</span> <span class='ocrx_word' id='word_1_138' title='bbox 810 1517 898 1552; x_wconf 86' lang='lat' dir='ltr'>ante</span> <span class='ocrx_word' id='word_1_139' title='bbox 941 1516 1065 1552; x_wconf 88' lang='lat' dir='ltr'>animo</span> <span class='ocrx_word' id='word_1_140' title='bbox 1099 1527 1297 1562; x_wconf 83' lang='lat' dir='ltr'>augurans,</span> <span class='ocrx_word' id='word_1_141' title='bbox 1338 1529 1450 1565; x_wconf 82' lang='lat' dir='ltr'>quam</span> <span class='ocrx_word' id='word_1_142' title='bbox 1484 1518 1565 1565; x_wconf 79' lang='lat' dir='ltr'>ipse</span> <span class='ocrx_word' id='word_1_143' title='bbox 1589 1518 1702 1555; x_wconf 84' lang='lat' dir='ltr'>Iason</span> 
     </span>
     <span class='ocr_line' id='line_1_23' title="bbox 211 1575 434 1611; baseline -0.004 0"><span class='ocrx_word' id='word_1_144' title='bbox 211 1575 257 1611; x_wconf 70' lang='lat' dir='ltr'>:d</span> <span class='ocrx_word' id='word_1_145' title='bbox 279 1575 434 1611; x_wconf 74' lang='lat' dir='ltr'>faceret.</span> 
     </span>
    </p>

    <p class='ocr_par' dir='ltr' id='par_1_12' title="bbox 308 1634 1486 1680">
     <span class='ocr_line' id='line_1_24' title="bbox 308 1634 1486 1680; baseline 0.003 -11"><span class='ocrx_word' id='word_1_146' title='bbox 308 1638 393 1680; x_wconf 73' lang='lat' dir='ltr'>quot</span> <span class='ocrx_word' id='word_1_147' title='bbox 414 1634 580 1677; x_wconf 68' lang='lat' dir='ltr'>fundent</span> <span class='ocrx_word' id='word_1_148' title='bbox 603 1645 716 1679; x_wconf 74' lang='lat' dir='ltr'>anna,</span> <span class='ocrx_word' id='word_1_149' title='bbox 740 1634 766 1672; x_wconf 88' lang='lat' dir='ltr'>i.</span> <span class='ocrx_word' id='word_1_150' title='bbox 791 1645 825 1671; x_wconf 88' lang='lat' dir='ltr'>e.</span> <span class='ocrx_word' id='word_1_151' title='bbox 849 1634 949 1670; x_wconf 85' lang='lat' dir='ltr'>viros</span> <span class='ocrx_word' id='word_1_152' title='bbox 974 1636 1150 1680; x_wconf 85' lang='lat' dir='ltr'>armatos,</span> <span class='ocrx_word' id='word_1_153' title='bbox 1175 1635 1251 1674; x_wconf 45' lang='lat' dir='ltr'>vid,</span> <span class='ocrx_word' id='word_1_154' title='bbox 1268 1635 1319 1671; x_wconf 85' lang='lat' dir='ltr'>ad</span> <span class='ocrx_word' id='word_1_155' title='bbox 1333 1635 1378 1677; x_wconf 82' lang='grc' dir='ltr'>Π,</span> <span class='ocrx_word' id='word_1_156' title='bbox 1404 1636 1486 1673; x_wconf 86' lang='grc'>312.</span> 
     </span>
    </p>

    <p class='ocr_par' dir='ltr' id='par_1_13' title="bbox 215 1693 1702 1858">
     <span class='ocr_line' id='line_1_25' title="bbox 309 1693 1694 1739; baseline 0.003 -10"><span class='ocrx_word' id='word_1_157' title='bbox 309 1693 390 1730; x_wconf 88' lang='grc'><strong>583.</strong></span> <span class='ocrx_word' id='word_1_158' title='bbox 439 1697 647 1738; x_wconf 67' lang='lat' dir='ltr'>orantesque</span> <span class='ocrx_word' id='word_1_159' title='bbox 668 1693 766 1739; x_wconf 83' lang='lat' dir='ltr'>Vat.‚</span> <span class='ocrx_word' id='word_1_160' title='bbox 793 1698 1019 1739; x_wconf 70' lang='lat' dir='ltr'>errantesque</span> <span class='ocrx_word' id='word_1_161' title='bbox 1043 1693 1270 1737; x_wconf 82' lang='lat' dir='ltr'>Sabellicus3</span> <span class='ocrx_word' id='word_1_162' title='bbox 1308 1695 1427 1731; x_wconf 67' lang='lat' dir='ltr'>densis</span> <span class='ocrx_word' id='word_1_163' title='bbox 1456 1697 1571 1732; x_wconf 72' lang='lat' dir='ltr'>hastis</span> <span class='ocrx_word' id='word_1_164' title='bbox 1599 1697 1624 1732; x_wconf 82' lang='lat' dir='ltr'>i.</span> <span class='ocrx_word' id='word_1_165' title='bbox 1663 1708 1694 1733; x_wconf 88' lang='lat' dir='ltr'>e.</span> 
     </span>
     <span class='ocr_line' id='line_1_26' title="bbox 215 1752 1702 1799; baseline 0.003 -11"><span class='ocrx_word' id='word_1_166' title='bbox 215 1753 355 1789; x_wconf 77' lang='lat' dir='ltr'>crebris</span> <span class='ocrx_word' id='word_1_167' title='bbox 395 1753 530 1788; x_wconf 80' lang='lat' dir='ltr'>hastae</span> <span class='ocrx_word' id='word_1_168' title='bbox 569 1752 722 1794; x_wconf 81' lang='lat' dir='ltr'>ictibus;</span> <span class='ocrx_word' id='word_1_169' title='bbox 776 1752 948 1789; x_wconf 83' lang='lat' dir='ltr'>similiter</span> <span class='ocrx_word' id='word_1_170' title='bbox 994 1755 1214 1799; x_wconf 83' lang='lat' dir='ltr'>usurpatum</span> <span class='ocrx_word' id='word_1_171' title='bbox 1256 1754 1532 1791; x_wconf 81' lang='lat' dir='ltr'>substantivum</span> <span class='ocrx_word' id='word_1_172' title='bbox 1568 1758 1702 1792; x_wconf 70' lang='lat' dir='ltr'>securis</span> 
     </span>
     <span class='ocr_line' id='line_1_27' title="bbox 216 1811 967 1858; baseline 0.003 -11"><span class='ocrx_word' id='word_1_173' title='bbox 216 1811 367 1857; x_wconf 80' lang='lat' dir='ltr'>legitur,</span> <span class='ocrx_word' id='word_1_174' title='bbox 393 1811 441 1847; x_wconf 87' lang='lat' dir='ltr'>de</span> <span class='ocrx_word' id='word_1_175' title='bbox 466 1822 541 1858; x_wconf 87' lang='lat' dir='ltr'>qua</span> <span class='ocrx_word' id='word_1_176' title='bbox 564 1822 606 1847; x_wconf 88' lang='lat' dir='ltr'>re</span> <span class='ocrx_word' id='word_1_177' title='bbox 631 1811 699 1848; x_wconf 85' lang='lat' dir='ltr'>cfr.</span> <span class='ocrx_word' id='word_1_178' title='bbox 724 1812 774 1846; x_wconf 85' lang='lat' dir='ltr'>ad</span> <span class='ocrx_word' id='word_1_179' title='bbox 798 1811 860 1858; x_wconf 78' lang='lat' dir='ltr'>VL</span> <span class='ocrx_word' id='word_1_180' title='bbox 886 1812 967 1850; x_wconf 82' lang='lat'><strong>379.</strong></span> 
     </span>
    </p>

    <p class='ocr_par' dir='ltr' id='par_1_14' title="bbox 213 1870 1701 2028">
     <span class='ocr_line' id='line_1_28' title="bbox 309 1870 1700 1918; baseline 0.004 -12"><span class='ocrx_word' id='word_1_181' title='bbox 309 1870 390 1906; x_wconf 81' lang='lat'>584.</span> <span class='ocrx_word' id='word_1_182' title='bbox 437 1870 574 1914; x_wconf 72' lang='lat' dir='ltr'>sparsit</span> <span class='ocrx_word' id='word_1_183' title='bbox 598 1891 643 1896; x_wconf 92' lang='lat'>—</span> <span class='ocrx_word' id='word_1_184' title='bbox 667 1871 803 1906; x_wconf 75' lang='lat' dir='ltr'>lumina</span> <span class='ocrx_word' id='word_1_185' title='bbox 826 1871 850 1908; x_wconf 87' lang='lat' dir='ltr'>i.</span> <span class='ocrx_word' id='word_1_186' title='bbox 876 1882 908 1908; x_wconf 86' lang='lat' dir='ltr'>e.</span> <span class='ocrx_word' id='word_1_187' title='bbox 934 1871 973 1906; x_wconf 90' lang='lat' dir='ltr'>in</span> <span class='ocrx_word' id='word_1_188' title='bbox 997 1871 1121 1907; x_wconf 81' lang='lat' dir='ltr'>varias</span> <span class='ocrx_word' id='word_1_189' title='bbox 1157 1874 1285 1918; x_wconf 84' lang='lat' dir='ltr'>partes</span> <span class='ocrx_word' id='word_1_190' title='bbox 1323 1873 1475 1916; x_wconf 81' lang='lat' dir='ltr'>conicit;</span> <span class='ocrx_word' id='word_1_191' title='bbox 1511 1873 1579 1911; x_wconf 81' lang='lat' dir='ltr'>cfr.</span> <span class='ocrx_word' id='word_1_192' title='bbox 1604 1874 1700 1911; x_wconf 83' lang='lat' dir='ltr'>Stat.</span> 
     </span>
     <span class='ocr_line' id='line_1_29' title="bbox 213 1927 1701 1977; baseline 0.003 -12"><span class='ocrx_word' id='word_1_193' title='bbox 213 1927 332 1966; x_wconf 79' lang='lat' dir='ltr'>Theb.</span> <span class='ocrx_word' id='word_1_194' title='bbox 357 1929 400 1970; x_wconf 93' lang='lat' dir='ltr'>V,</span> <span class='ocrx_word' id='word_1_195' title='bbox 425 1929 496 1964; x_wconf 82' lang='lat'>546</span> <span class='ocrx_word' id='word_1_196' title='bbox 519 1939 713 1975; x_wconf 70' lang='lat' dir='ltr'>sparsoque</span> <span class='ocrx_word' id='word_1_197' title='bbox 730 1941 800 1975; x_wconf 82' lang='lat' dir='ltr'>per</span> <span class='ocrx_word' id='word_1_198' title='bbox 823 1931 942 1966; x_wconf 73' lang='lat' dir='ltr'>munia</span> <span class='ocrx_word' id='word_1_199' title='bbox 965 1932 1045 1966; x_wconf 69' lang='lat' dir='ltr'>visu</span> <span class='ocrx_word' id='word_1_200' title='bbox 1068 1932 1198 1967; x_wconf 68' lang='lat' dir='ltr'>hastrut</span> <span class='ocrx_word' id='word_1_201' title='bbox 1221 1933 1364 1967; x_wconf 76' lang='lat' dir='ltr'>humum</span> <span class='ocrx_word' id='word_1_202' title='bbox 1397 1943 1587 1977; x_wconf 60' lang='lat' dir='ltr'>quaeram</span> <span class='ocrx_word' id='word_1_203' title='bbox 1624 1933 1701 1970; x_wconf 80' lang='lat' dir='ltr'>vid.</span> 
     </span>
     <span class='ocr_line' id='line_1_30' title="bbox 218 1987 604 2028; baseline -0.005 -3"><span class='ocrx_word' id='word_1_204' title='bbox 218 1989 332 2025; x_wconf 70' lang='lat' dir='ltr'>efiam</span> <span class='ocrx_word' id='word_1_205' title='bbox 358 1989 408 2023; x_wconf 88' lang='lat' dir='ltr'>ad</span> <span class='ocrx_word' id='word_1_206' title='bbox 432 1988 497 2028; x_wconf 84' lang='lat' dir='ltr'>HL</span> <span class='ocrx_word' id='word_1_207' title='bbox 522 1987 604 2024; x_wconf 85' lang='lat'><strong>603.</strong></span> 
     </span>
    </p>

    <p class='ocr_par' dir='ltr' id='par_1_15' title="bbox 214 2047 1702 2202">
     <span class='ocr_line' id='line_1_31' title="bbox 308 2047 1702 2095; baseline 0.004 -12"><span class='ocrx_word' id='word_1_208' title='bbox 308 2047 391 2084; x_wconf 85' lang='lat'><strong>586.</strong></span> <span class='ocrx_word' id='word_1_209' title='bbox 437 2058 564 2082; x_wconf 71' lang='lat' dir='ltr'>saevus</span> <span class='ocrx_word' id='word_1_210' title='bbox 607 2068 652 2074; x_wconf 93' lang='lat'><strong>—</strong></span> <span class='ocrx_word' id='word_1_211' title='bbox 694 2048 807 2084; x_wconf 71' lang='lat' dir='ltr'>Iason</span> <span class='ocrx_word' id='word_1_212' title='bbox 857 2060 907 2084; x_wconf 85' lang='lat' dir='ltr'>sc.</span> <span class='ocrx_word' id='word_1_213' title='bbox 949 2050 1153 2095; x_wconf 86' lang='lat' dir='ltr'>pugnando</span> <span class='ocrx_word' id='word_1_214' title='bbox 1194 2050 1361 2093; x_wconf 85' lang='lat' dir='ltr'>fortiter;</span> <span class='ocrx_word' id='word_1_215' title='bbox 1402 2052 1532 2087; x_wconf 65' lang='lat' dir='ltr'>misera</span> <span class='ocrx_word' id='word_1_216' title='bbox 1573 2052 1702 2088; x_wconf 76' lang='lat' dir='ltr'>autem</span> 
     </span>
     <span class='ocr_line' id='line_1_32' title="bbox 214 2105 1702 2157; baseline 0.004 -15"><span class='ocrx_word' id='word_1_217' title='bbox 214 2105 351 2143; x_wconf 71' lang='lat' dir='ltr'>Medea</span> <span class='ocrx_word' id='word_1_218' title='bbox 373 2106 587 2142; x_wconf 86' lang='lat' dir='ltr'>nominatur</span> <span class='ocrx_word' id='word_1_219' title='bbox 621 2108 777 2152; x_wconf 89' lang='lat' dir='ltr'>propter</span> <span class='ocrx_word' id='word_1_220' title='bbox 811 2107 990 2154; x_wconf 82' lang='lat' dir='ltr'>miserias,</span> <span class='ocrx_word' id='word_1_221' title='bbox 1029 2119 1125 2153; x_wconf 83' lang='lat' dir='ltr'>quae</span> <span class='ocrx_word' id='word_1_222' title='bbox 1166 2109 1200 2144; x_wconf 88' lang='lat' dir='ltr'>ei</span> <span class='ocrx_word' id='word_1_223' title='bbox 1224 2109 1365 2145; x_wconf 81' lang='lat' dir='ltr'>Iasonis</span> <span class='ocrx_word' id='word_1_224' title='bbox 1403 2121 1531 2147; x_wconf 82' lang='lat' dir='ltr'>amore</span> <span class='ocrx_word' id='word_1_225' title='bbox 1569 2112 1702 2157; x_wconf 66' lang='lat' dir='ltr'>captae</span> 
     </span>
     <span class='ocr_line' id='line_1_33' title="bbox 214 2165 422 2202; baseline -0.005 0"><span class='ocrx_word' id='word_1_226' title='bbox 214 2165 422 2202; x_wconf 76' lang='lat' dir='ltr'>imminent.</span> 
     </span>
    </p>

    <p class='ocr_par' dir='ltr' id='par_1_16' title="bbox 216 2224 1701 2389">
     <span class='ocr_line' id='line_1_34' title="bbox 310 2224 1701 2275; baseline 0.005 -16"><span class='ocrx_word' id='word_1_227' title='bbox 310 2224 390 2260; x_wconf 80' lang='lat'><strong>590.</strong></span> <span class='ocrx_word' id='word_1_228' title='bbox 440 2235 604 2269; x_wconf 63' lang='lat' dir='ltr'>asper-mn</span> <span class='ocrx_word' id='word_1_229' title='bbox 627 2224 807 2261; x_wconf 89' lang='lat' dir='ltr'>Iunonem</span> <span class='ocrx_word' id='word_1_230' title='bbox 831 2237 964 2262; x_wconf 86' lang='lat' dir='ltr'>vereor</span> <span class='ocrx_word' id='word_1_231' title='bbox 981 2237 1029 2262; x_wconf 88' lang='lat' dir='ltr'>ne</span> <span class='ocrx_word' id='word_1_232' title='bbox 1053 2225 1224 2263; x_wconf 87' lang='lat' dir='ltr'>Valerius</span> <span class='ocrx_word' id='word_1_233' title='bbox 1248 2239 1323 2264; x_wconf 91' lang='lat' dir='ltr'>non</span> <span class='ocrx_word' id='word_1_234' title='bbox 1348 2229 1439 2264; x_wconf 83' lang='lat' dir='ltr'>satis</span> <span class='ocrx_word' id='word_1_235' title='bbox 1465 2230 1554 2275; x_wconf 83' lang='lat' dir='ltr'>apte</span> <span class='ocrx_word' id='word_1_236' title='bbox 1578 2231 1701 2265; x_wconf 84' lang='lat' dir='ltr'>trans-</span> 
     </span>
     <span class='ocr_line' id='line_1_35' title="bbox 216 2283 1701 2334; baseline 0.004 -15"><span class='ocrx_word' id='word_1_237' title='bbox 216 2283 347 2320; x_wconf 83' lang='lat' dir='ltr'>tulerit</span> <span class='ocrx_word' id='word_1_238' title='bbox 371 2294 394 2319; x_wconf 83' lang='lat' dir='ltr'>a</span> <span class='ocrx_word' id='word_1_239' title='bbox 418 2283 530 2329; x_wconf 85' lang='lat' dir='ltr'>Verg.</span> <span class='ocrx_word' id='word_1_240' title='bbox 554 2284 646 2320; x_wconf 80' lang='lat' dir='ltr'>Aen.</span> <span class='ocrx_word' id='word_1_241' title='bbox 672 2284 702 2330; x_wconf 82' lang='lat'>1,</span> <span class='ocrx_word' id='word_1_242' title='bbox 727 2284 814 2319; x_wconf 66' lang='lat'><strong>279:</strong></span> <span class='ocrx_word' id='word_1_243' title='bbox 837 2296 927 2320; x_wconf 84' lang='lat' dir='ltr'>nam</span> <span class='ocrx_word' id='word_1_244' title='bbox 951 2285 1024 2321; x_wconf 87' lang='lat' dir='ltr'>dea</span> <span class='ocrx_word' id='word_1_245' title='bbox 1048 2287 1088 2321; x_wconf 90' lang='lat' dir='ltr'>et</span> <span class='ocrx_word' id='word_1_246' title='bbox 1127 2285 1233 2323; x_wconf 79' lang='lat' dir='ltr'>favet</span> <span class='ocrx_word' id='word_1_247' title='bbox 1273 2287 1397 2323; x_wconf 79' lang='lat' dir='ltr'>Iasoni</span> <span class='ocrx_word' id='word_1_248' title='bbox 1436 2299 1559 2334; x_wconf 88' lang='lat' dir='ltr'>neque</span> <span class='ocrx_word' id='word_1_249' title='bbox 1601 2289 1701 2324; x_wconf 85' lang='lat' dir='ltr'>irata</span> 
     </span>
     <span class='ocr_line' id='line_1_36' title="bbox 218 2342 713 2389; baseline 0.002 -11"><span class='ocrx_word' id='word_1_250' title='bbox 218 2343 285 2378; x_wconf 82' lang='lat' dir='ltr'>aut</span> <span class='ocrx_word' id='word_1_251' title='bbox 307 2342 436 2389; x_wconf 84' lang='lat' dir='ltr'>iniqua</span> <span class='ocrx_word' id='word_1_252' title='bbox 462 2344 520 2378; x_wconf 81' lang='lat' dir='ltr'>est</span> <span class='ocrx_word' id='word_1_253' title='bbox 543 2342 713 2380; x_wconf 83' lang='lat' dir='ltr'>Medeae.</span> 
     </span>
    </p>

    <p class='ocr_par' dir='ltr' id='par_1_17' title="bbox 217 2402 1701 2557">
     <span class='ocr_line' id='line_1_37' title="bbox 312 2402 1701 2452; baseline 0.005 -16"><span class='ocrx_word' id='word_1_254' title='bbox 312 2405 438 2437; x_wconf 73' lang='lat' dir='ltr'>contra</span> <span class='ocrx_word' id='word_1_255' title='bbox 460 2422 506 2428; x_wconf 94' lang='lat'><em>-</em></span> <span class='ocrx_word' id='word_1_256' title='bbox 529 2402 645 2438; x_wconf 78' lang='lat' dir='ltr'>reddit</span> <span class='ocrx_word' id='word_1_257' title='bbox 680 2402 703 2438; x_wconf 81' lang='lat' dir='ltr'>i.</span> <span class='ocrx_word' id='word_1_258' title='bbox 729 2413 761 2440; x_wconf 84' lang='lat' dir='ltr'>e.</span> <span class='ocrx_word' id='word_1_259' title='bbox 798 2404 1022 2449; x_wconf 76' lang='lat' dir='ltr'>respondet3</span> <span class='ocrx_word' id='word_1_260' title='bbox 1058 2404 1198 2450; x_wconf 75' lang='lat' dir='ltr'>legItur</span> <span class='ocrx_word' id='word_1_261' title='bbox 1223 2406 1338 2441; x_wconf 88' lang='lat' dir='ltr'>etiam</span> <span class='ocrx_word' id='word_1_262' title='bbox 1374 2407 1472 2452; x_wconf 86' lang='lat' dir='ltr'>apud</span> <span class='ocrx_word' id='word_1_263' title='bbox 1496 2408 1619 2451; x_wconf 65' lang='lat' dir='ltr'>Verg„</span> <span class='ocrx_word' id='word_1_264' title='bbox 1658 2408 1701 2443; x_wconf 91' lang='lat' dir='ltr'>ut</span> 
     </span>
     <span class='ocr_line' id='line_1_38' title="bbox 217 2460 1701 2511; baseline 0.005 -15"><span class='ocrx_word' id='word_1_265' title='bbox 217 2460 311 2497; x_wconf 80' lang='lat' dir='ltr'>Aen.</span> <span class='ocrx_word' id='word_1_266' title='bbox 334 2461 382 2506; x_wconf 82' lang='grc' dir='ltr'>Χ,</span> <span class='ocrx_word' id='word_1_267' title='bbox 408 2460 488 2504; x_wconf 81' lang='lat'>530,</span> <span class='ocrx_word' id='word_1_268' title='bbox 512 2461 580 2511; x_wconf 76' lang='lat' dir='ltr'>sed</span> <span class='ocrx_word' id='word_1_269' title='bbox 593 2461 740 2498; x_wconf 88' lang='lat' dir='ltr'>obiecto</span> <span class='ocrx_word' id='word_1_270' title='bbox 754 2462 894 2508; x_wconf 83' lang='lat' dir='ltr'>addito,</span> <span class='ocrx_word' id='word_1_271' title='bbox 923 2463 1022 2508; x_wconf 82' lang='lat' dir='ltr'>quod</span> <span class='ocrx_word' id='word_1_272' title='bbox 1038 2463 1207 2500; x_wconf 87' lang='lat' dir='ltr'>Valerius</span> <span class='ocrx_word' id='word_1_273' title='bbox 1226 2467 1378 2511; x_wconf 82' lang='lat' dir='ltr'>praeter</span> <span class='ocrx_word' id='word_1_274' title='bbox 1395 2466 1701 2503; x_wconf 79' lang='lat' dir='ltr'>consuetudinem</span> 
     </span>
     <span class='ocr_line' id='line_1_39' title="bbox 219 2519 355 2557; baseline 0.007 -1"><span class='ocrx_word' id='word_1_275' title='bbox 219 2519 355 2557; x_wconf 83' lang='lat' dir='ltr'>omisit.</span> 
     </span>
    </p>

    <p class='ocr_par' dir='ltr' id='par_1_18' title="bbox 222 2577 1699 2689">
     <span class='ocr_line' id='line_1_40' title="bbox 314 2577 1699 2631; baseline 0.004 -16"><span class='ocrx_word' id='word_1_276' title='bbox 314 2577 394 2615; x_wconf 79' lang='lat'>594.</span> <span class='ocrx_word' id='word_1_277' title='bbox 443 2578 639 2616; x_wconf 82' lang='lat' dir='ltr'>Neminem</span> <span class='ocrx_word' id='word_1_278' title='bbox 663 2580 843 2618; x_wconf 89' lang='lat' dir='ltr'>nobiliore</span> <span class='ocrx_word' id='word_1_279' title='bbox 867 2581 950 2618; x_wconf 90' lang='lat' dir='ltr'>loco</span> <span class='ocrx_word' id='word_1_280' title='bbox 975 2583 1098 2619; x_wconf 89' lang='lat' dir='ltr'>ortum</span> <span class='ocrx_word' id='word_1_281' title='bbox 1134 2594 1254 2629; x_wconf 89' lang='lat' dir='ltr'>neque</span> <span class='ocrx_word' id='word_1_282' title='bbox 1294 2584 1516 2629; x_wconf 80' lang='lat' dir='ltr'>cognatione</span> <span class='ocrx_word' id='word_1_283' title='bbox 1552 2585 1699 2631; x_wconf 83' lang='lat' dir='ltr'>propius</span> 
     </span>
     <span class='ocr_line' id='line_1_41' title="bbox 222 2636 1645 2689; baseline 0.006 -18"><span class='ocrx_word' id='word_1_284' title='bbox 222 2636 379 2673; x_wconf 75' lang='lat' dir='ltr'>Medeae</span> <span class='ocrx_word' id='word_1_285' title='bbox 402 2637 545 2683; x_wconf 81' lang='lat' dir='ltr'>ipsique</span> <span class='ocrx_word' id='word_1_286' title='bbox 569 2639 736 2675; x_wconf 81' lang='lat' dir='ltr'>iunctum</span> <span class='ocrx_word' id='word_1_287' title='bbox 760 2651 842 2676; x_wconf 82' lang='lat' dir='ltr'>esse</span> <span class='ocrx_word' id='word_1_288' title='bbox 866 2651 976 2686; x_wconf 88' lang='lat' dir='ltr'>quam</span> <span class='ocrx_word' id='word_1_289' title='bbox 1000 2641 1172 2678; x_wconf 79' lang='lat' dir='ltr'>Iasonem</span> <span class='ocrx_word' id='word_1_290' title='bbox 1197 2642 1396 2689; x_wconf 85' lang='lat' dir='ltr'>Chalciope</span> <span class='ocrx_word' id='word_1_291' title='bbox 1422 2642 1518 2679; x_wconf 84' lang='lat' dir='ltr'>falsa</span> <span class='ocrx_word' id='word_1_292' title='bbox 1543 2644 1645 2681; x_wconf 87' lang='lat' dir='ltr'>dicit.</span> 
     </span>
    </p>
   </div>
  </div>
 </body>
</html>
