1890 3100
236 178 323 222 306
738 176 775 212 c.
801 176 982 212 VALERI
1007 176 1181 212 FLAocr

344 297 595 348 praecipiunt
623 295 835 348 pecudum.
892 303 974 335 toto
1004 311 1097 335 mox
1125 302 1305 349 tempore
1335 311 1498 337 mensae

346 362 476 400 laetus
508 368 600 400 ovat
629 375 735 400 nunc
764 362 883 401 laude
913 363 1041 401 virum
1069 376 1175 401 nunc
1203 364 1306 401 vatis
1335 363 1486 402 honoro

347 428 533 476 carmine,
562 428 703 466 victori
732 428 938 479 geminans
969 434 1124 467 cratera
1151 429 1318 480 parenti.

400 494 567 545 Iamque
598 493 683 532 dies
713 507 915 546 auraeque
944 499 1102 541 vocant,
1132 507 1348 546 rursusque
1371 500 1586 546 capessunt

347 572 533 611 aequora,
565 573 644 611 qua
670 559 820 611 rigidos
851 565 1006 598 eructat
1032 560 1233 611 Bosporos
1264 573 1413 598 amnes.
1726 575 1780 607 345

347 623 450 672 illos,
481 625 586 671 Nile,
615 626 694 663 tuis
724 624 901 663 nondum
930 624 1006 663 dea
1034 625 1221 676 gentibus
1250 625 1295 663 Io

348 690 561 728 transierat
588 690 744 738 fluctus,
777 690 881 729 unde
911 690 1013 729 haec
1042 690 1135 729 data
1163 692 1325 729 nomina
1351 696 1487 742 ponto.

347 760 431 793 tum
461 756 549 807 pius
581 755 732 807 Oeagri
763 755 869 794 claro
900 755 949 794 de
980 756 1175 807 sanguine
1204 761 1331 803 vates,

350 820 552 859 admonita
578 822 795 873 genetrice,
826 821 951 859 refert
979 834 1176 873 casusque
1206 821 1382 859 locorum

348 886 647 939 Inachidosque
674 887 760 924 vias
789 887 1041 938 pelagusque
1071 899 1235 925 emensa
1262 887 1458 926 iuvencae
1733 905 1788 935 350

351 951 473 990 exilia
500 952 745 1004 intentisque
775 952 892 991 canit.
953 950 1102 990 ‘videre
1132 952 1283 1003 priores

350 1030 472 1069 saepe
502 1018 641 1056 Iovem
670 1018 712 1055 in
739 1022 866 1055 terras
897 1016 1130 1068 Argivaque
1160 1030 1286 1068 regna
1314 1017 1531 1070 Pelasgum

349 1083 516 1134 virg-inis
546 1083 676 1121 Iasiae
705 1081 876 1121 blandos
906 1081 1154 1126 descendere
1186 1081 1237 1121 ad
1266 1083 1394 1134 ignes.

339 1207 420 1245 343.
469 1207 533 1242 Bis
559 1206 657 1242 libat
682 1207 813 1243 Pollux
839 1206 918 1243 Iovi
941 1206 1054 1252 patri.

339 1279 420 1315 344.
469 1279 585 1320 Hanc,
613 1290 708 1324 quae
734 1278 917 1323 sequitur,
957 1278 1225 1324 digressionem
1257 1279 1303 1315 de
1334 1279 1426 1315 Ione
1457 1279 1626 1316 Valerius
1657 1281 1737 1327 ipse

244 1339 402 1375 inseruit
438 1339 599 1375 alienam
636 1350 659 1374 a
695 1339 811 1374 totius
856 1338 1028 1374 carminis
1073 1340 1311 1384 argumento,
1350 1340 1393 1374 ut
1428 1341 1532 1376 recte
1568 1340 1739 1376 iudicant

245 1399 413 1444 Wagner
440 1400 478 1435 et
503 1399 660 1434 Moltzer
686 1399 732 1434 de
758 1398 879 1444 Apoll.
906 1398 1026 1434 Rhod.
1059 1399 1098 1434 et
1122 1398 1204 1434 Val.
1231 1398 1285 1434 Fl.
1310 1399 1574 1444 Argonauticis
1605 1413 1642 1446 p.
1680 1401 1736 1436 71.

249 1458 322 1494 Ofr.
351 1458 524 1494 Ovidium
549 1458 650 1494 Iom‘s
676 1458 757 1493 fata
782 1459 1000 1493 narrantem
1024 1460 1114 1496 met.
1140 1459 1167 1502 J,
1194 1458 1263 1493 583
1289 1469 1391 1503 seqq.

342 1531 422 1567 345.
473 1530 624 1565 Fluctus
653 1541 697 1566 ex
722 1530 843 1565 Ponto
868 1529 1010 1565 Euxino
1047 1541 1115 1575 per
1151 1529 1355 1574 Bosporum
1395 1530 1435 1565 in
1470 1531 1739 1576 Propontidem

247 1590 408 1635 indeque
442 1589 481 1625 in
512 1601 615 1625 mare
640 1589 834 1634 Aegaeum
860 1589 951 1625 ferri
974 1590 1106 1625 notum
1144 1590 1216 1630 est,
1254 1589 1364 1634 riqidi
1401 1591 1529 1625 autem
1565 1590 1739 1626 dicuntur

249 1661 387 1691 amnes,
415 1649 501 1695 qnia
534 1650 605 1684 hae
639 1649 763 1684 undae
796 1660 841 1684 ex
872 1648 993 1684 Ponto
1025 1648 1253 1694 profluentes
1286 1648 1499 1694 frigidiores
1519 1650 1606 1685 sunt
1630 1650 1738 1685 undis

249 1709 363 1744 maris
389 1709 543 1754 Aegaei,
571 1708 637 1744 cfr.
655 1708 793 1744 Athen.
818 1707 901 1754 VII,
927 1719 956 1746 o,
983 1708 1061 1749 104,
1087 1708 1152 1743 nbi
1176 1708 1300 1744 undae
1317 1708 1552 1754 Hellesponti,
1577 1708 1739 1755 frigidae

250 1780 330 1805 esse
357 1769 541 1805 dicuntur.

344 1841 425 1877 348.
477 1841 646 1887 Orpheus
674 1840 810 1886 Oeagri
829 1841 867 1876 et
887 1839 1072 1885 Calliopes
1090 1840 1218 1875 Musae
1236 1839 1332 1874 filius
1348 1840 1568 1885 plerumque
1586 1840 1738 1888 dicitur3

249 1901 421 1947 Apollod.
448 1901 478 1942 Ι,
505 1901 538 1946 3,
564 1905 603 1947 23
630 1901 821 1938 Eratosth.
849 1900 978 1935 catast.
1005 1912 1041 1945 p.
1069 1899 1137 1934 138
1163 1899 1275 1941 Rob.;
1304 1899 1431 1935 Conon
1450 1911 1479 1935 c.
1505 1899 1553 1934 45
1579 1899 1637 1936 ed.
1662 1900 1738 1938 W.:

249 1962 367 2006 myth.
393 1960 478 1996 Vat.
505 1960 532 2002 Ι,
561 1960 621 2003 76;
648 1961 695 2005 II,
719 1960 783 2002 44;
810 1959 907 2004 Hyg.
933 1959 1008 1995 fab.
1036 1958 1135 2001 XIV;
1164 1959 1302 1996 astron.
1328 1958 1372 2000 H,
1399 1959 1437 2001 7;
1475 1959 1589 1995 schol.
1617 1958 1740 1995 Germ.

249 2032 284 2065 p.
314 2020 392 2061 151,
419 2019 441 2054 6
468 2021 506 2055 et
532 2019 594 2061 16;
620 2019 734 2055 schol.
761 2018 884 2064 Eurip.
911 2018 1023 2054 Rhes.
1049 2030 1084 2053 v.
1110 2018 1200 2062 347;
1226 2018 1339 2063 Orph.
1364 2018 1504 2062 Argon.
1531 2018 1593 2065 76;
1624 2018 1740 2054 inter-

251 2080 340 2114 dum
364 2079 546 2125 Apollinis
572 2079 667 2114 filius
693 2078 923 2120 nominatum
963 2077 1030 2114 cfr.
1055 2078 1173 2122 myth.
1202 2078 1285 2113 Vat.
1312 2078 1339 2118 I,
1366 2077 1428 2125 763
1465 2078 1580 2113 schol.
1619 2078 1741 2123 Apoll.

251 2138 279 2180 Ι,
306 2139 368 2181 23;
395 2139 565 2184 Apouod.
597 2138 621 2174 l.
647 2138 669 2176 l.
696 2139 734 2174 et
766 2138 843 2174 eius
881 2137 936 2173 rei
974 2136 1272 2183 explicationem,
1311 2148 1423 2182 qnam
1445 2137 1592 2183 profert
1627 2137 1741 2173 schol.

250 2199 358 2235 Pind.
384 2199 493 2244 Pyth.
519 2198 580 2238 IV,
608 2198 688 2234 313.

347 2270 427 2305 349.
479 2271 663 2306 admonita
686 2270 868 2315 yenetriee‚
903 2281 952 2304 sc.
991 2270 1034 2304 ut
1069 2280 1109 2305 se
1147 2270 1346 2304 canentem
1382 2268 1548 2304 iuvaret:
1586 2268 1744 2304 verbum

252 2330 446 2376 proprium
471 2329 682 2365 advocandi
706 2329 768 2365 vel
792 2328 991 2364 invocandi
1016 2340 1143 2364 versus
1170 2328 1374 2373 dactylicus
1399 2339 1476 2364 non
1501 2327 1741 2363 admittebat.

349 2401 430 2439 352.
479 2402 519 2436 in
545 2413 614 2436 om.
643 2401 740 2445 vat„
767 2400 853 2436 add.
880 2400 1062 2436 Heinsius.

350 2473 430 2509 353.
455 2473 564 2519 iynoe,
591 2473 634 2507 ut
658 2472 699 2511 V.
728 2472 797 2506 110
806 2485 813 2514 ;
840 2472 921 2514 Vll,
949 2471 1029 2507 253.

353 2533 444 2568 Cum
470 2544 502 2568 v.
529 2531 599 2567 350
623 2532 737 2577 poeta
762 2531 892 2567 Ionem
909 2531 1128 2566 Inachidem
1154 2531 1355 2566 nominarit
1380 2531 1419 2566 et
1443 2529 1512 2565 357
1538 2529 1741 2572 Inachiam,

256 2593 448 2638 vituperat
476 2591 640 2636 Wagner
663 2591 826 2636 poetam,
854 2590 954 2635 quod
979 2590 1049 2625 sibi
1074 2602 1149 2626 non
1175 2589 1386 2626 constiterit
1406 2600 1491 2625 eam
1510 2589 1646 2625 Iasiam
1670 2589 1693 2624 i.
1713 2600 1748 2624 e.

257 2652 346 2687 Iasii
371 2652 486 2687 filiam
510 2650 753 2694 nominando;
782 2650 822 2684 at
853 2661 927 2685 non
959 2649 1160 2695 perspexit,
1193 2650 1263 2685 hoc
1288 2649 1370 2685 loco
1395 2648 1586 2684 Valerium
1611 2648 1747 2684 Iasiam
