1890 3100
602 158 986 196 ARGONAVTICON
1009 158 1156 193 LIBER
1180 158 1223 193 V.
1571 158 1658 201 369

281 286 387 318 sorte
416 281 528 332 petit,
559 292 805 331 numeroque
834 291 978 318 novem
1007 277 1205 316 ducuntur
1231 277 1280 315 ab
1311 277 1427 314 omni.
1454 311 1459 314 .

280 344 374 383 inde
402 346 519 392 viam,
550 358 629 397 qua
658 344 816 384 Circaei
842 343 964 396 plaga
990 343 1171 395 proxima
1199 342 1338 393 campi,

285 410 503 462 corripiunt
531 423 748 461 regemque
776 414 918 461 petunt
945 409 1024 447 iam
1051 407 1142 446 luce
1171 407 1347 446 reducta.

336 475 456 513 Forte
487 474 607 513 deum
633 475 752 513 variis
780 487 854 526 per
880 478 1039 512 noctem
1066 472 1206 511 territa
1232 472 1432 520 monstris,

284 547 467 579 senserat
495 546 540 579 ut
566 539 703 591 pulsas
731 538 894 577 tandem
921 537 1068 576 Medea
1095 537 1296 583 tenebras,
1662 541 1718 570 Ἠ)

647 658 669 679 l

270 694 349 729 326.
400 694 510 740 Apud
535 693 656 739 Apoll.
676 692 744 733 ΙΠ,
765 692 833 727 196
857 691 924 727 filii
940 691 1077 731 Phrixi,
1105 691 1152 727 de
1178 691 1310 736 quibus
1335 690 1421 726 vide
1447 690 1497 725 ad
1520 702 1555 725 v.
1583 690 1662 731 151,

175 754 215 789 et
255 753 328 789 duo
367 753 457 789 socii
492 752 670 788 Telamon
709 752 930 797 Augeasque
966 751 1141 786 Iasonem
1180 751 1219 785 in
1261 750 1392 785 urbem
1434 750 1662 785 comitantur

176 814 289 858 atque
312 812 353 847 in
377 812 486 848 domo
511 812 595 857 ipsa
614 811 756 847 Aeetae
774 811 908 846 Medea
935 809 1101 855 hospites
1125 809 1286 855 primum
1311 809 1503 855 conspicit.
1545 809 1664 844 Multo

177 874 304 908 autem
329 871 516 907 efficacior
541 871 591 906 ad
615 881 782 906 amorem
808 869 1047 905 excitandum
1072 870 1130 904 est
1155 880 1373 914 congressus
1396 868 1555 904 Medeae
1581 879 1665 903 cum

177 930 313 966 Iasone
338 941 361 965 a
386 930 534 966 Valerio
560 931 732 965 narratus
758 941 791 964 v.
819 929 890 964 350
915 940 1016 974 seqq.
1068 928 1227 964 Omnino
1257 929 1341 963 tota
1372 928 1466 964 haec
1499 927 1666 963 narratio

179 989 318 1025 Valerii
358 989 406 1025 de
443 989 599 1025 introitu
625 989 766 1024 Iasonis
804 990 845 1023 et
881 998 1080 1033 congressu
1117 999 1197 1022 cum
1231 987 1351 1022 Aeeta
1389 987 1437 1022 ab
1470 986 1667 1032 Apollonio

178 1048 346 1088 discedit,
384 1048 536 1094 propius
574 1048 624 1083 ad
648 1048 768 1093 Apoll.
802 1047 949 1082 accedit
973 1046 1108 1092 Hygia.
1139 1046 1215 1081 fab.
1243 1046 1340 1081 XXI.
1392 1047 1547 1082 Prorsus
1571 1046 1667 1081 mira

179 1107 226 1143 de
257 1107 423 1143 adventu
456 1107 598 1143 Iasonis
629 1108 759 1142 narrat
790 1106 1012 1142 Dracontius
1052 1106 1095 1140 X.
1121 1106 1168 1141 34
1193 1117 1305 1151 seqq„
1343 1106 1411 1141 sed
1436 1106 1560 1141 totum
1590 1105 1668 1141 eius

180 1178 331 1202 carmen
371 1167 481 1202 valde
522 1167 700 1202 abhorret
739 1178 762 1201 a
803 1165 932 1200 fabula
974 1165 1087 1210 vulgo
1126 1165 1286 1209 tradita,
1330 1164 1395 1200 cfr.
1438 1164 1508 1199 248
1549 1176 1667 1210 seqq.;

181 1225 252 1260 328
275 1237 393 1270 seqq.;
431 1226 501 1260 355
532 1237 650 1272 seqq.;
689 1225 758 1260 366
792 1236 911 1270 seqq.;
949 1224 1020 1259 436
1053 1235 1152 1270 seqq.
1194 1224 1239 1260 al.
1292 1224 1366 1260 Cfr.
1406 1224 1522 1260 etiam
1558 1223 1666 1259 Diod.

181 1284 244 1325 IV,
269 1284 327 1320 46.

276 1355 357 1391 328.
405 1357 498 1391 viam
524 1376 569 1382 —
594 1357 810 1400 con-ipiunt;
836 1355 866 1400 1,
894 1355 978 1397 132;
1005 1355 1115 1400 Verg.
1133 1354 1223 1390 Aen.
1253 1354 1283 1394 Ι,
1309 1354 1399 1397 418;
1438 1355 1470 1389 it
1494 1354 1606 1390 Iason
1624 1365 1669 1390 ea

183 1414 254 1454 via,
280 1426 376 1459 quae
398 1414 567 1460 proxime
605 1415 654 1450 ad
692 1426 864 1460 campum
903 1414 1096 1450 Circaeum
1132 1414 1236 1449 ducit
1243 1427 1251 1456 ;
1304 1413 1477 1449 Circaeus
1516 1425 1669 1460 campus

184 1475 495 1509 commemoratur
521 1474 635 1509 etiam
659 1474 772 1509 Prisc.
790 1473 929 1520 perieg.
957 1473 1049 1515 674;
1087 1473 1208 1519 Apoll.
1229 1472 1277 1515 IL
1302 1473 1390 1516 402;
1415 1473 1543 1519 paullo
1562 1484 1670 1508 accu-

182 1532 299 1584 ratius
324 1533 415 1568 situs
442 1533 663 1569 describitur
687 1533 807 1579 Apoll.
826 1532 896 1577 111,
922 1533 1003 1569 200.
1040 1532 1132 1568 Erat
1156 1532 1256 1568 inter
1281 1532 1417 1568 ostium
1449 1532 1550 1567 fluvii
1574 1532 1671 1568 Pha-

182 1592 271 1627 sidis
287 1594 326 1628 et
341 1592 473 1628 urbem
497 1592 623 1638 ibique
641 1592 826 1628 cadavera
846 1593 1088 1633 mortuorum,
1107 1603 1203 1637 quae
1217 1603 1384 1628 cremare
1401 1592 1546 1628 Colchis
1563 1591 1671 1627 nefas

183 1650 308 1686 fuerit.
334 1651 529 1687 arboribus
554 1663 733 1698 suspensa
759 1663 838 1688 esse
863 1653 1010 1694 narrat;
1049 1651 1116 1687 cfr.
1155 1652 1269 1687 schol.
1295 1651 1319 1687 l.
1346 1651 1368 1686 l.
1408 1653 1447 1687 et
1472 1650 1536 1687 Sil.
1561 1651 1669 1692 XIII,

186 1710 272 1751 486;
298 1710 441 1749 Aelian.
467 1722 546 1747 var.
571 1711 656 1748 hist.
682 1711 743 1751 IV,
772 1712 806 1747 1.

280 1780 360 1816 329.
410 1782 511 1816 deum
538 1805 582 1810 —
607 1783 791 1817 mmwmle:
817 1781 883 1818 cfr.
909 1782 1019 1827 Verg.
1046 1782 1137 1817 Aen.
1163 1781 1232 1822 III,
1254 1781 1315 1823 59;
1354 1781 1450 1816 Stat.
1470 1781 1587 1817 Theb.
1606 1781 1670 1822 XI,

186 1840 272 1886 1433
299 1839 427 1876 Claud.
454 1841 501 1876 de
526 1840 613 1876 bell.
639 1841 730 1876 Poll.
757 1841 836 1875 229.

279 1911 359 1947 330.
410 1913 488 1948 lam
513 1912 647 1948 Medea
671 1914 798 1958 partes
825 1923 937 1958 agere
974 1912 1106 1958 incipit
1131 1923 1287 1957 eamque
1312 1913 1355 1946 ut
1378 1912 1538 1958 probam
1562 1911 1669 1957 pudi-

185 1980 339 2014 camque
356 1970 539 2015 virginem
556 1972 670 2016 poeta
688 1970 876 2012 describit,
895 1982 990 2016 quae
1006 1971 1120 2006 trium
1137 1970 1293 2007 dearum
1310 1971 1459 2006 demum
1476 1970 1673 2006 coniuncta

185 2039 300 2073 opera
336 2029 437 2064 victa
474 2031 589 2075 atque
613 2030 674 2064 vix
711 2030 861 2075 quidem
898 2030 999 2065 victa
1022 2030 1181 2076 proditis
1207 2030 1318 2066 rebus
1341 2030 1475 2075 patriis
1500 2029 1673 2066 Iasonem

185 2086 289 2123 iuvet
313 2080 356 2124 ac
381 2091 569 2134 sequatur.
618 2089 785 2134 Wagner
810 2089 908 2124 inter
934 2089 1008 2124 alia
1034 2090 1127 2125 haec
1154 2090 1286 2125 habet:
1314 2119 1322 2125 .
1350 2117 1358 2124 .
1387 2117 1394 2124 .
1422 2117 1429 2124 .
1458 2091 1548 2124 ‘tam
1574 2089 1672 2125 veris

186 2146 390 2193 vividisque
432 2148 616 2184 coloribus
657 2148 838 2184 muliebre
880 2148 1048 2194 depinxit
1089 2148 1288 2194 ingenium,
1331 2148 1386 2183 ita
1423 2148 1473 2183 ad
1497 2150 1672 2183 naturam

187 2206 466 2242 accommodate
492 2207 655 2253 exponit,
682 2218 793 2252 quam
810 2207 886 2242 vim
904 2207 1071 2243 habeant
1095 2219 1234 2253 sensus,
1260 2207 1392 2253 quibus
1417 2207 1526 2242 nimis
1550 2207 1671 2242 indul-

186 2265 350 2305 serimus,
376 2277 541 2311 pugnam
567 2266 744 2302 virtutem
769 2266 867 2301 inter
893 2268 932 2302 et
957 2266 1178 2312 cupidinem,
1206 2268 1245 2302 et
1270 2278 1342 2312 quo
1381 2266 1507 2302 delabi
1532 2266 1672 2302 femina

186 2324 301 2360 semel
326 2325 480 2360 amabili
517 2325 582 2360 illa
618 2326 859 2371 simplicitate
896 2326 1070 2371 vitaeque
1108 2326 1322 2362 innocentia
1347 2326 1528 2371 deposita,
1555 2326 1672 2362 semel

188 2386 299 2420 exuto
335 2384 477 2430 pudore
515 2384 654 2430 possit’.
705 2384 807 2427 Quae
846 2387 903 2420 est
940 2385 994 2420 vis
1036 2385 1249 2431 cupidinum
1288 2386 1390 2431 apud
1427 2385 1668 2431 Wagnerum,

190 2442 292 2489 apud
315 2445 468 2489 poetam
494 2446 551 2479 est
577 2444 631 2479 vis
657 2443 821 2483 dearum,
859 2443 1039 2490 imprimis
1065 2444 1216 2480 Iunonis
1244 2447 1282 2480 et
1307 2444 1475 2480 Veneris.
1548 2444 1671 2479 Etiam

186 2501 368 2537 Pindarus
394 2503 502 2547 Pyth.
540 2503 602 2542 IV,
628 2503 699 2538 385
735 2515 809 2548 seq.
849 2515 1002 2549 operam
1028 2503 1181 2539 Veneris
1212 2504 1250 2539 in
1276 2504 1411 2540 Medea
1437 2503 1670 2540 concilianda

189 2564 463 2601 commemorat,
490 2562 556 2598 sed
573 2562 723 2597 minime
742 2562 901 2599 feliciter
918 2562 1030 2598 finxit
1043 2563 1217 2599 Medeam
1244 2563 1348 2608 quasi
1374 2564 1669 2599 incantatam

188 2620 243 2654 ab
267 2619 342 2656 Ias
357 2633 438 2657 one
463 2633 590 2658 amore
616 2622 829 2658 devinctam
854 2633 943 2658 esse.
