1890 3100
642 195 1029 232 ARGONAVTIGON
1053 194 1200 230 LIBER
1223 194 1253 229 1.
1631 195 1688 238 45

319 316 458 355 ductor
485 317 559 355 ait:
597 314 693 354 ‘non
721 314 956 365 degeneres,
984 318 1029 351 ut
1055 312 1165 359 reris,
1195 312 1357 358 Acaste,

317 381 498 420 venimus
526 379 578 418 ad
605 384 788 432 questus:
817 378 968 416 socium
991 383 1033 416 te
1060 377 1226 427 iungere
1255 376 1407 428 coeptis
1692 388 1744 417 165

319 451 381 484 est
408 446 579 493 animus;
606 457 740 496 neque
769 443 875 482 enim
901 442 1097 481 Telamon
1125 447 1194 479 aut
1224 441 1404 480 Canthus
1437 447 1477 479 et
1503 440 1596 478 Idas

243 547 258 556 h
316 509 624 561 Tynda-iusque
651 521 752 561 puer
778 507 875 545 mihi
901 507 1056 545 vellere
1085 505 1242 557 dignior
1267 505 1425 544 Helles.
1526 504 1633 542 ›ru-{12
1664 519 1706 546 aa
1716 497 1771 539 -ἱ,
1796 495 1890 541 Ἰίέε·

54 571 90 605 '1'
144 582 145 586 ’
169 601 174 603 -
199 559 263 573 “
318 588 341 613 ο
369 565 559 627 quantum
586 579 729 620 terrae,
761 578 952 625 quantum
980 583 1224 622 cog-noscere
1253 570 1355 609 caeli

315 639 551 692 permissum
579 638 658 678 est!
700 637 869 690 pelagus
898 642 1068 689 quantos
1097 636 1296 688 aperimus
1324 636 1366 673 in
1393 635 1508 674 usus!

315 717 421 742 nunc
448 703 582 742 forsan
610 715 733 754 grave
760 702 860 740 reris
889 714 1007 754 opus3
1050 700 1123 739 sed
1150 701 1258 739 laeta
1283 705 1462 739 recurret
1692 710 1746 740 170

317 782 405 807 cum
432 768 529 806 ratis
558 773 598 806 et
626 780 758 805 caram
786 780 875 805 cum
902 767 980 804 iam
1007 766 1104 804 mihi
1131 764 1274 804 reddet
1300 765 1451 811 Iolcon,

318 834 406 886 quis
433 833 565 886 pudor
590 833 673 871 heu
699 838 857 871 nostros
884 832 957 870 tibi
984 838 1079 870 tunc
1108 830 1245 870 audire
1273 830 1452 869 labores!

317 911 415 950 quas
442 898 612 937 referam
639 898 746 936 visas
774 902 843 935 tua
870 910 943 949 per
971 897 1141 949 suspiria
1167 895 1341 947 gentesl‘
1422 878 1587 966 :55ka

421 964 509 1002 Nec
536 975 679 1015 passus
708 975 782 1001 rex
808 962 925 1014 plura
952 962 1082 1000 virum
1112 967 1185 1000 est.
1220 963 1294 999 ‘sat
1321 961 1446 999 multa
1473 953 1611 1013 parato
1668 956 1688 1018 ᾧ.

211 1168 297 1210 708;
324 1171 462 1207 consol.
487 1169 537 1204 ad
560 1168 638 1204 Liv.
663 1168 726 1209 35;
752 1169 851 1213 trag.
878 1168 958 1203 Oct.
987 1167 1072 1209 110;
1096 1171 1242 1212 pectora
1263 1167 1408 1212 iunyere
1438 1165 1577 1212 legitur
1609 1165 1690 1202 Val.

210 1226 277 1272 111,
301 1226 371 1262 309
397 1228 436 1263 et
459 1226 522 1262 Sil.
547 1227 611 1268 IX,
640 1227 719 1261 149.

323 1286 489 1328 fratema
525 1287 680 1331 pectora
723 1285 769 1321 de
811 1285 1091 1330 consanguineis
1116 1286 1159 1319 ut
1184 1285 1268 1326 178;
1306 1285 1356 1325 11,
1381 1284 1467 1326 565;
1509 1284 1576 1320 Ov.
1601 1283 1690 1319 Met.

211 1344 312 1383 XIII.
336 1345 398 1387 31;
424 1345 463 1379 in
485 1355 597 1390 prosa
622 1344 791 1380 oratione
815 1344 961 1389 saepius
976 1345 1110 1387 fratres
1125 1343 1344 1390 simpliciter
1369 1343 1543 1378 dicuntur
1559 1344 1692 1388 patru-

212 1403 287 1439 eles
313 1403 462 1439 fratres.

327 1462 407 1497 164.
447 1466 489 1497 ut
527 1462 634 1497 rer-123:
675 1462 757 1507 ipso
793 1462 966 1507 amplexu
983 1462 1142 1497 Acastus
1182 1461 1426 1500 indicaverat,
1469 1472 1508 1497 se
1548 1460 1691 1497 Iasonis
1779 1480 1797 1512 s
1838 1487 1846 1497 ,-
1873 1477 1888 1499 κ

210 1520 399 1570 miserere.

327 1579 406 1616 165.
430 1580 562 1616 socium
587 1583 620 1615 te
642 1580 786 1625 iunyere
809 1581 964 1625 coeptis;
987 1579 1053 1615 cfr.
1080 1579 1171 1616 Ciris
1195 1580 1276 1615 381.

327 1638 408 1675 166.
432 1638 660 1674 Nominatim
700 1639 895 1675 nonnullos
937 1650 981 1674 ex
1021 1639 1282 1674 illustrioribus
1319 1638 1546 1684 Argonautis
1582 1639 1693 1674 Iason

207 1698 402 1734 memorat.
448 1697 655 1742 Tyndarius
694 1709 788 1743 puer
828 1699 886 1734 est
910 1698 1050 1739 Castor,
1093 1698 1158 1733 cfr.
1185 1698 1247 1739 VL
1280 1698 1350 1733 204
1376 1698 1459 1734 coll.
1483 1698 1563 1733 207.
1616 1696 1690 1732 Cur

209 1757 324 1802 poeta
338 1768 414 1792 non
437 1756 560 1802 potius
585 1756 721 1792 fratres
746 1756 960 1801 Tyndareos
986 1757 1344 1802 commemoraverit,
1369 1769 1444 1793 non
1468 1757 1596 1802 liquet.

329 1815 410 1851 169.
436 1815 504 1850 cfr.
529 1814 591 1850 Sil.
617 1815 686 1853 III.
712 1815 795 1852 597.

329 1873 408 1909 173.
432 1885 538 1918 quam
569 1873 664 1915 Vat.,
697 1885 787 1919 quas
817 1874 898 1910 cod.
930 1874 1016 1910 Vat.
1052 1874 1154 1915 1613,
1186 1875 1286 1919 quod
1310 1874 1561 1910 necessarium
1585 1875 1688 1920 puto,

211 1942 435 1977 quamquam
460 1932 621 1968 editores
653 1932 880 1969 recentiores
904 1934 1001 1968 hanc
1027 1933 1279 1969 coniecturam
1302 1945 1378 1969 non
1402 1935 1635 1979 receperunt.

327 1994 392 2026 tua
409 2001 478 2035 per
500 1992 677 2036 cusffl'relm
707 1993 818 2027 notus
841 1992 1059 2038 temporalis
1083 1992 1371 2038 praepositionis
1389 2003 1460 2037 per
1482 2004 1580 2033 usus,
1608 2003 1692 2028 cum

212 2049 348 2085 dicitur
363 2060 434 2094 per
455 2050 614 2095 quidem,
633 2061 702 2095 per
732 2062 907 2086 somnum:
945 2051 968 2086 i.
996 2062 1025 2087 e.
1055 2051 1143 2086 dum
1168 2051 1248 2096 quis
1273 2051 1441 2096 quiescit,
1468 2051 1606 2087 dormit
1630 2051 1691 2087 vel

175 2153 178 2155 Δ
212 2107 422 2153 quiescitur,
448 2109 639 2150 dormitur,
665 2111 708 2144 ut
730 2110 758 2150 I,
785 2110 870 2144 767:
896 2111 985 2146 talia
1002 2121 1072 2155 per
1095 2111 1260 2146 lacrimas
1283 2110 1345 2147 vel
1361 2111 1422 2152 VI,
1438 2111 1524 2145 755:
1548 2114 1591 2146 ut
1610 2110 1691 2153 fera

146 2199 154 2202 .
213 2165 367 2212 Nyctelii
383 2168 533 2211 paulum
555 2178 622 2212 per
644 2179 750 2203 sacra
772 2169 943 2204 resistunt
966 2172 1028 2206 vel
1054 2169 1120 2204 Ov.
1146 2180 1217 2204 am.
1243 2169 1292 2214 H,
1320 2169 1374 2211 19,
1400 2170 1462 2204 55:
1499 2180 1568 2214 per
1591 2170 1691 2204 nulla

211 2226 352 2261 traham
373 2226 533 2271 &mairia
554 2231 673 2262 noctes
712 2227 734 2262 i.
777 2238 809 2263 e.
847 2227 935 2262 dum
960 2228 1108 2263 omnino
1133 2239 1208 2263 non
1233 2228 1395 2274 suspiro;
1422 2229 1464 2263 at
1494 2228 1534 2263 id
1559 2230 1690 2264 contra

211 2295 319 2320 usum
341 2284 413 2320 sibi
428 2284 582 2320 indulsit
604 2287 728 2330 poeta,
760 2287 804 2321 ut
828 2286 1014 2322 actionem
1031 2287 1242 2332 suspirandi
1265 2299 1340 2323 non
1364 2287 1507 2324 referat
1531 2287 1581 2322 ad
1606 2287 1690 2322 sub-

211 2342 350 2379 iectum
388 2343 509 2389 ipsum
549 2344 758 2380 sententiae
799 2345 859 2380 vel
899 2345 1076 2390 generale
1118 2346 1336 2387 subiectum,
1363 2346 1431 2382 sed
1455 2346 1505 2380 ad
1530 2346 1690 2381 alteram

211 2412 426 2447 personam:
449 2402 548 2437 ‘dum
587 2404 637 2438 tu
662 2403 851 2449 suspiras’;
878 2405 940 2439 cfr.
980 2404 1118 2441 Lucan.
1143 2404 1213 2450 111,
1238 2405 1284 2440 35
1308 2406 1442 2450 refuyit
1471 2405 1602 2440 Umbra
1626 2416 1690 2451 per
1866 2410 1884 2429 ⁰

214 2461 395 2505 waplam
436 2461 567 2506 trwidi
607 2461 749 2506 dilapsa
772 2463 894 2498 mariti
916 2462 939 2498 i.
966 2474 996 2499 e.
1025 2463 1112 2498 dum
1136 2464 1292 2499 maritus
1314 2464 1487 2499 umbram
1512 2464 1690 2509 amplecti

214 2521 385 2562 conatum
410 2531 486 2556 non
510 2522 614 2557 recte
639 2521 738 2557 enim
761 2521 910 2558 videtur
929 2521 1038 2558 Corte
1058 2523 1244 2568 explicare
1269 2524 1440 2559 umbram
1464 2523 1583 2558 visam
1609 2534 1689 2559 esse

214 2578 389 2614 maritum
413 2579 601 2624 amplecti.

331 2637 411 2674 174.
429 2639 541 2682 plura
565 2650 614 2674 sc.
641 2638 774 2681 dicere,
803 2641 845 2674 ut
870 2639 998 2675 statim
1021 2644 1078 2676 sat
1101 2641 1214 2676 multa
1238 2653 1288 2678 sc.
1314 2641 1421 2682 dicis;
1449 2640 1516 2676 cfr.
1541 2641 1569 2681 Ι,
1595 2640 1681 2682 626;
