1890 3100
243 252 301 297 80
399 289 401 291 ,
773 251 811 288 C.
836 250 1018 286 VALERI
1044 250 1218 287 FLACCI

351 385 376 410 a
403 372 589 424 quotiens
618 371 768 410 famulo
797 372 901 410 notis
932 384 1043 410 Soror
1072 370 1190 410 obvia
1219 370 1329 410 silvis

350 437 471 485 flevit,
508 437 577 476 ubi
607 436 789 476 Ossaeae
819 442 998 489 captaret
1033 436 1183 488 frigora
1212 449 1382 489 quercus

350 502 539 555 perderet
568 507 609 541 et
635 502 776 554 pingui
805 502 971 540 miseros
1001 501 1207 540 Boebeide
1238 502 1381 540 crines.

350 568 521 620 insurgit
549 568 732 606 transtris
763 572 803 606 et
837 580 948 606 remo
977 568 1113 606 Nerea
1139 573 1276 606 versat
1738 579 1795 611 450

353 634 550 681 Canthus,
587 634 629 671 in
656 634 796 672 Aeaeo
824 634 962 672 volvet
992 645 1111 685 quem
1140 633 1310 672 barbara
1339 633 1472 685 cuspis

352 699 539 751 pulvere3
571 704 611 737 at
638 699 795 738 interea
824 699 921 736 clari
950 698 1073 737 decus
1103 697 1261 736 adiacet
1290 698 1408 746 orbis,

354 778 475 817 quem
504 765 663 816 genitor
691 764 878 816 gestabat
905 764 1036 827 Abas3
1068 769 1178 802 secat
1208 776 1331 802 aurea
1358 763 1482 802 fluctu

918 829 938 853 ³
965 827 1031 856 5:2⁴4,
1046 827 1104 850 '⁷3³4

338 877 419 912 448.
473 876 707 913 Coniunctivi
736 880 898 922 captaret
928 823 966 912 gt
992 863 1157 922 perderet
1189 876 1303 922 positi
1336 876 1423 911 sunt
1457 875 1507 911 ad
1539 875 1743 921 repetitam

243 936 432 972 actionem
457 936 708 978 indicandam,
736 935 803 972 cfr.
830 936 909 971 Liv.
935 937 962 977 Ι,
989 935 1045 978 32,
1073 936 1118 971 13
1143 936 1206 971 ubi
1229 936 1269 971 id
1292 935 1439 971 dixisset
1470 934 1652 982 (fetialis),
1679 935 1742 970 ha-

241 999 335 1032 stam
358 996 399 1032 in
422 996 512 1039 fines
537 1006 656 1031 eorum
681 996 857 1031 emittebat
881 995 1007 1041 ibique
1032 995 1329 1031 Weissenbornii
1355 995 1440 1031 adn.

338 1059 501 1101 captaret
522 1057 664 1102 frigora
688 1057 731 1091 ut
747 1055 859 1101 Verg.
880 1055 997 1101 eclog.
1023 1055 1051 1097 Ι,
1079 1055 1140 1098 52;
1166 1056 1212 1096 ΙΙ,
1239 1055 1278 1098 8;
1306 1054 1402 1091 Stat.
1428 1054 1510 1091 silv.
1537 1054 1597 1097 IV,
1623 1055 1657 1097 4,
1685 1054 1741 1091 16.

337 1128 420 1166 449.
469 1128 622 1164 Boebeis
666 1128 723 1164 est
764 1127 869 1163 lacus
909 1127 1015 1163 iuxta
1057 1127 1236 1173 oppidum
1276 1126 1432 1163 Boeben
1472 1125 1511 1161 in
1548 1125 1743 1162 Thessalia

243 1187 371 1223 sitam:
409 1188 540 1233 Βοιβηὶς
563 1187 659 1233 λίμνη
683 1186 760 1222 iam
786 1187 834 1222 ab
861 1186 1024 1222 Homero
1051 1185 1365 1222 commemoratur
1397 1182 1442 1222 11.
1476 1185 1521 1227 Π,
1549 1185 1617 1220 711
1651 1196 1739 1231 seq.⁷

244 1247 346 1283 cuius
373 1258 471 1292 aqua
495 1247 629 1283 limosa
646 1245 807 1282 lavando
834 1246 953 1282 crines
973 1246 1116 1282 divinos
1134 1245 1268 1291 Apollo
1295 1244 1480 1288 foedavit;
1506 1244 1594 1280 inde
1621 1245 1740 1281 crines

242 1302 363 1342 miseri
388 1306 573 1342 dicuntur.
614 1307 766 1352 pinquis
797 1317 894 1351 aqua
927 1306 983 1341 est
1015 1305 1104 1341 limo
1138 1305 1303 1347 turbata,
1342 1303 1453 1340 simili
1482 1313 1558 1340 non
1589 1315 1741 1350 prorsus

244 1366 381 1402 eadem
418 1365 572 1402 notione
609 1365 737 1400 Nilum
766 1365 942 1411 pinguem
980 1365 1072 1400 dicit
1104 1364 1216 1410 Verg.
1243 1364 1333 1400 Aen.
1368 1363 1431 1406 IX,
1467 1363 1525 1399 30.
1566 1362 1631 1399 cfr.
1658 1363 1739 1399 Val.

242 1425 353 1467 VIII,
397 1426 477 1467 247,
519 1425 585 1461 ubi
628 1436 719 1460 aura
753 1425 904 1471 pinquis
946 1424 1082 1460 dicitur
1122 1424 1144 1460 i.
1189 1435 1221 1462 e.
1261 1423 1417 1459 turbata
1458 1422 1574 1460 fumo.
1622 1423 1742 1459 Recte

241 1484 357 1530 igitur
394 1485 434 1520 in
473 1484 699 1521 editionibus
738 1484 900 1530 antiquis
932 1484 1100 1529 perderet
1137 1482 1319 1528 scriptum
1361 1483 1418 1518 est
1458 1494 1527 1528 pro
1558 1482 1738 1528 penderet,

243 1544 345 1590 quod
370 1545 490 1580 habet
514 1544 600 1580 Vat.

339 1603 439 1640 Ante
466 1603 591 1640 oculos
619 1603 811 1639 obversati
837 1604 925 1638 sunt
950 1602 1102 1638 Valerio
1127 1613 1256 1638 versus
1282 1600 1421 1637 Tibulli
1445 1601 1494 1643 II⁷
1521 1601 1553 1642 3,
1582 1601 1626 1636 17
1664 1613 1739 1647 seq.

245 1663 275 1700 Ο
300 1664 461 1709 quotiens
485 1664 547 1699 illo
571 1663 719 1698 vitulam
743 1666 904 1708 yestante
928 1673 998 1707 per
1030 1672 1136 1707 ayros
1167 1661 1315 1697 Dicitur
1345 1671 1531 1696 occurrens
1562 1661 1743 1697 erubuisse

242 1734 346 1760 soror
381 1724 420 1760 et
453 1723 499 1759 23
533 1735 635 1768 seqq.
671 1723 787 1768 Saepe
820 1723 963 1758 horrere
995 1733 1117 1757 sacros
1146 1722 1260 1757 doluit
1294 1720 1439 1756 Latona
1471 1721 1620 1765 capillos
1645 1719 1742 1766 Quos

244 1783 459 1819 admiratast
482 1784 567 1827 ipsa
590 1793 742 1818 noverca
761 1783 870 1827 prius
877 1795 889 1827 ;
927 1781 1096 1827 Quisquis
1125 1781 1400 1825 inornatumque
1425 1783 1535 1825 caput
1559 1780 1742 1825 crinesque

243 1843 378 1879 solutos
403 1843 599 1887 Aspiceret,
627 1842 764 1877 Phoebi
788 1845 970 1887 quaereret
994 1842 1052 1876 ille
1076 1851 1219 1876 comam.

340 1914 421 1951 450.
449 1913 588 1950 Nereus
619 1914 712 1950 nota
744 1913 864 1959 figura
897 1924 966 1959 pro
999 1912 1112 1954 mari,
1147 1912 1190 1947 ut
1217 1911 1282 1947 Ov.
1309 1911 1398 1948 met.
1427 1911 1456 1952 Ι,
1484 1909 1568 1953 187;
1603 1910 1741 1946 Lucan.

246 1977 295 2016 ΙΙ,
332 1974 401 2009 713
436 1974 482 2010 al.

340 2045 421 2081 451.
452 2043 583 2080 Canthi
606 2056 706 2080 mors
731 2042 993 2084 narratur³V1‚
1020 2043 1088 2077 317
1124 2053 1243 2087 seqq.;
1285 2041 1353 2077 sed
1378 2040 1548 2077 discessit
1573 2039 1741 2076 Valerius

246 2104 295 2140 ab
321 2104 530 2150 Apollonio,
570 2104 632 2149 qui
659 2115 744 2140 eum
768 2103 807 2138 in
833 2103 952 2148 Libya
988 2102 1144 2148 periisse
1168 2101 1330 2137 tradidit
1359 2099 1420 2142 IV,
1448 2099 1541 2135 1483
1568 2099 1606 2136 et
1629 2099 1657 2141 Ι,
1683 2098 1740 2141 81,

246 2175 406 2209 quocum
433 2163 621 2199 consentit
645 2163 740 2208 Hyg.
768 2162 845 2200 fab.
872 2162 929 2199 14.

341 2235 423 2273 451.
472 2236 584 2271 volvet
607 2235 631 2271 i.
660 2246 690 2271 e.
716 2235 941 2280 prosternet,
973 2233 1082 2279 Verg.
1106 2235 1197 2269 Aen.
1223 2230 1306 2274 ΧΠ,
1333 2230 1420 2274 329;
1445 2230 1488 2267 in
1505 2230 1654 2276 pulvere
1677 2239 1741 2264 au-

246 2295 326 2331 tem
351 2294 451 2340 quod
477 2294 569 2330 dicit
592 2295 708 2340 poeta
738 2306 807 2340 pro
835 2305 878 2330 eo
910 2293 1010 2338 quod
1042 2293 1301 2338 exspectamus
1338 2291 1379 2327 in
1408 2290 1598 2336 pulverem,
1636 2287 1741 2325 notio

247 2354 371 2400 campi
395 2353 649 2399 pulverulenti
674 2353 761 2388 huic
786 2352 1024 2388 substantivo
1049 2351 1120 2387 hoc
1145 2351 1228 2387 loco
1253 2351 1406 2387 subesse
1430 2348 1580 2385 videtur
1596 2349 1640 2384 ut
1659 2346 1740 2389 VII,

247 2413 339 2456 645;
365 2413 478 2459 Verg.
504 2413 595 2449 Aen.
622 2412 702 2454 VII,
731 2412 818 2455 163;
849 2412 915 2448 Ov.
943 2411 1029 2447 fast.
1056 2410 1104 2452 ΙΙ,
1131 2410 1212 2447 360.

342 2484 424 2521 453.
476 2483 612 2519 Canthi
651 2484 762 2529 pater
805 2482 957 2519 Valerio
1000 2483 1058 2518 est
1094 2482 1205 2529 Abas,
1244 2480 1345 2527 apud
1369 2478 1608 2526 Apollonium
1639 2478 1668 2521 Ι,
1697 2478 1740 2514 77

248 2543 350 2579 Abas
376 2543 435 2580 est
458 2543 570 2589 pater
597 2541 756 2578 Canethi
783 2543 823 2578 et
849 2542 926 2578 eius
952 2541 1048 2576 filius
1076 2540 1253 2576 Canthus.

344 2606 440 2639 secat
465 2612 577 2638 aurea
603 2621 645 2628 ——
673 2602 829 2647 teymina
853 2621 898 2628 —-
924 2601 1104 2646 Euripum
1142 2601 1185 2635 ut
1221 2598 1327 2635 navis
1365 2598 1470 2634 secat
1506 2596 1743 2643 superficiem

248 2663 444 2704 undarum,
470 2661 526 2697 ita
550 2662 621 2698 hoc
646 2661 728 2697 loco
754 2661 912 2707 Euripus
940 2660 1087 2699 effictus
1113 2659 1250 2695 dicitur
1274 2668 1404 2694 secare
1430 2657 1605 2693 auratam
1631 2655 1743 2702 clipei

249 2721 498 2767 superficiem.
