1890 3100
213 218 300 262 508
383 258 391 267 ,
734 218 770 254 o.
797 218 978 254 VALERI
1005 219 1178 255 FLACOI

321 336 486 384 dixerat,
517 343 640 390 utque
670 338 797 376 virum
829 338 983 385 doceat,
1015 353 1118 391 quae
1147 345 1323 378 monstra
1343 341 1552 392 supersint,

318 403 498 454 protinus
527 403 730 441 immensis
759 404 1018 443 recubantem
1048 404 1291 459 anfractibus
1322 419 1494 458 anguem
1535 411 1626 454 ‘¹·„.¹2⁵1*

317 468 452 506 turbat
481 473 521 507 et
549 469 763 507 Haemonii
793 469 924 508 subito
955 469 1066 508 ducis
1097 470 1217 508 obicit
1246 471 1437 510 umbram.

317 533 398 581 ille,
430 533 536 586 quod
564 534 672 572 haud
701 535 811 581 alias,
843 536 953 573 stetit
983 540 1022 574 et
1050 535 1290 587 trepidantia
1317 538 1432 575 torsit
1694 541 1749 572 525

319 599 446 647 sibila,
477 613 601 652 seque
631 605 739 638 metu
768 607 979 653 postquam
1009 614 1081 639 sua
1109 601 1263 640 vellera
1292 602 1439 641 circum

319 665 479 703 sustulit
508 670 628 717 atque
659 666 784 704 omnis
816 667 930 717 spiris
962 666 1166 705 exhorruit
1195 667 1322 714 arbor,

318 731 457 782 incipit
484 730 578 769 inde
608 731 722 783 sequi
753 736 792 769 et
820 745 947 770 vacuo
977 731 1070 769 furit
1100 745 1167 770 ore
1197 745 1269 784 per
1299 746 1427 772 auras.

319 797 418 848 ‘quis
448 796 583 847 fragor
609 796 704 834 hie?
733 810 931 848 quaenam
959 802 1106 844 tantae,
1138 796 1200 835 dic
1229 798 1353 849 virgo,
1384 798 1560 838 ruinae?'

317 861 516 900 exclamat
545 862 679 900 stricto
709 861 935 900 Aesonides
966 867 1074 900 stans
1103 862 1271 914 frigidus
1302 877 1409 903 ense.
1697 874 1753 905 530

316 927 387 966 illa
414 928 536 965 trahit
564 927 697 966 ridens
726 927 970 979 tandemque
1001 928 1054 966 ait
1084 942 1215 979 angue
1244 942 1455 981 represso:

319 993 436 1031 ‘hunc
465 992 537 1030 tibi
565 998 810 1047 postremum
839 993 963 1031 nostri
994 998 1107 1045 parat
1135 994 1194 1032 ira
1223 995 1411 1045 parentis,

317 1059 398 1096 heu
427 1058 558 1105 miser,
589 1057 669 1096 heu
697 1058 818 1096 tantis
847 1058 991 1096 iterum
1022 1059 1221 1110 carpende
1250 1060 1421 1111 periclis.

1632 351 1716 420 <ss-¹
1729 364 1742 387 ³

305 1200 385 1236 523.
435 1200 489 1234 Ex
515 1200 693 1235 hocloco
719 1199 1017 1235 concludendum
1043 1202 1110 1245 est,
1149 1201 1348 1238 draconem
1386 1202 1499 1238 fuisse
1539 1202 1578 1238 in
1615 1188 1716 1239 luco-

209 1260 380 1306 Hecates,
407 1271 478 1305 quo
504 1260 758 1295 convenerant
789 1259 901 1294 Iason
939 1261 978 1295 et
1003 1260 1147 1302 Medea,
1186 1261 1273 1297 vide
1309 1273 1421 1307 supra
1458 1274 1492 1298 v.
1518 1261 1607 1304 395;
1659 1263 1699 1298 at

209 1319 327 1355 vellus
355 1330 508 1354 aureum
532 1318 571 1353 in
595 1319 679 1354 luco
705 1318 836 1353 Martis
862 1318 977 1354 fuisse
1016 1331 1099 1364 cum
1137 1319 1272 1355 ceteris
1305 1320 1491 1356 consentit
1515 1322 1630 1366 poeta
1655 1322 1696 1364 V,

208 1378 295 1425 2283
323 1379 403 1414 632.
447 1379 503 1413 An
529 1379 644 1424 poeta
670 1378 867 1413 delubrum
892 1378 1025 1413 Martis
1052 1390 1134 1414 cum
1161 1390 1268 1414 sacra
1294 1379 1427 1416 arbore
1452 1380 1491 1415 in
1515 1380 1596 1426 ipso
1615 1381 1698 1417 luco

207 1437 370 1474 Hecates
396 1437 510 1474 fuisse
537 1437 740 1483 cogitavit?

304 1497 384 1533 525.
434 1497 654 1542 trepidantia
684 1498 788 1533 torsit
811 1498 932 1533 sibila:
972 1499 1146 1543 torquere
1183 1498 1289 1533 sibila
1328 1498 1423 1533 dixit
1447 1498 1626 1541 Valerius,
1655 1501 1698 1535 ut

209 1558 367 1600 hastam3
406 1556 474 1594 cfr.
511 1557 622 1602 Prop.
648 1556 710 1598 IV,
749 1556 781 1598 8,
819 1557 841 1591 8
869 1558 1050 1603 (serpens)
1089 1568 1132 1592 ea:
1167 1558 1240 1593 ima
1275 1558 1381 1594 sibila
1411 1562 1548 1604 torquet
1573 1560 1694 1601 humo;

213 1616 371 1652 Venant.
400 1616 499 1652 Fort.
529 1616 624 1658 VIII,
652 1616 684 1662 3,
723 1616 791 1651 195
829 1617 928 1661 aspis
964 1637 1007 1642 —-
1048 1617 1214 1659 faucibus
1250 1618 1430 1661 horrificis
1462 1618 1568 1654 sibila
1592 1619 1697 1654 torsit
1783 1627 1794 1656 ἡ

209 1677 323 1722 iners3
351 1675 460 1711 simili
485 1675 733 1711 translatione
772 1675 946 1710 dicuntur
982 1677 1089 1712 sibila
1125 1678 1261 1712 mittere
1302 1677 1369 1713 Ov.
1405 1678 1495 1713 met.
1522 1677 1589 1718 ΠΙ,
1629 1677 1694 1720 38;

206 1736 288 1777 XV,
328 1736 415 1783 6703
467 1737 608 1772 vibrare
645 1734 708 1772 Sil.
734 1735 801 1776 ΠΙ,
841 1735 926 1783 185;
974 1736 1125 1778 fundere
1163 1736 1249 1774 Luc.
1275 1736 1337 1780 IX,
1375 1736 1468 1779 631;
1519 1737 1696 1780 effundere

207 1795 274 1837 IX,
301 1796 383 1832 724.

302 1855 524 1900 trepidantia
546 1855 652 1890 sibila
676 1855 762 1890 sunt
786 1855 938 1900 linguae
963 1854 1200 1900 trepidantis,
1227 1855 1421 1891 vibrantis.

302 1914 381 1949 526.
431 1926 500 1950 sua
523 1914 667 1956 vellera;
696 1913 763 1950 cfr.
789 1913 891 1955 VIII,
918 1913 974 1949 89.

302 1974 382 2010 528.
431 1984 542 2009 vacuo
568 1994 613 1999 —
639 1984 712 2014 ore;
751 1973 897 2009 Burm.:
938 1973 1040 2008 ‘nihil
1070 1965 1391 2019 apprehendebat,
1421 1973 1512 2009 licet
1548 1973 1695 2009 hostem

205 2035 377 2079 peteret’.
427 2033 556 2075 Recte,
583 2044 671 2068 nam
696 2033 898 2068 umbram
923 2032 1067 2068 Iasonis
1092 2034 1405 2078 persequebatur;
1443 2032 1511 2068 cfr.
1543 2043 1694 2069 morsum

205 2094 350 2128 inanem
375 2093 477 2138 apud.
500 2093 608 2138 Verg.
635 2096 726 2128 Aen.
753 2092 839 2133 XII,
868 2092 946 2134 755,
975 2094 1014 2128 et
1038 2103 1168 2128 vacuos
1193 2093 1314 2128 dentes
1345 2093 1445 2138 apud
1470 2092 1550 2128 Val.
1575 2092 1696 2138 ipsum

208 2152 276 2194 III,
304 2152 384 2187 589.

302 2210 382 2247 529.
432 2210 558 2246 Ruinis
576 2211 766 2256 fragorem
792 2223 814 2246 a
840 2222 878 2247 se
905 2211 1074 2246 auditum
1103 2211 1191 2247 oriri
1216 2211 1328 2247 Iason
1352 2212 1470 2257 putat.

302 2270 383 2306 530.
431 2270 589 2316 friyidus
613 2270 636 2306 i.
664 2282 694 2307 e.
723 2270 921 2306 formidine
948 2272 1150 2316 correptus,
1189 2272 1231 2305 ut
1258 2270 1323 2306 Ov.
1355 2271 1434 2305 her.
1467 2269 1510 2312 X,
1534 2268 1598 2311 49;
1638 2279 1695 2315 ep.

209 2330 347 2376 Sapph.
385 2329 471 2374 1733
510 2331 598 2365 met.
624 2329 706 2370 VII,
748 2330 832 2376 1363
871 2329 965 2365 Stat.
1005 2330 1122 2366 Theb.
1160 2329 1226 2374 IX,
1251 2329 1342 2371 403;
1381 2328 1441 2364 Sil.
1467 2327 1494 2370 I,
1522 2327 1607 2367 470:
1646 2327 1693 2374 Π,

207 2389 300 2435 339;
338 2389 400 2431 IX,
426 2389 489 2436 493
529 2389 658 2424 Iuven.
684 2388 712 2434 Ι,
752 2389 836 2430 166;
876 2389 1047 2424 similiter
1075 2389 1195 2435 frique
1226 2388 1372 2434 saepius
1403 2399 1472 2433 pro
1498 2386 1696 2423 formidine

210 2448 396 2491 scribitur,
422 2450 466 2483 ut
492 2448 557 2484 Ov.
584 2448 661 2483 her.
688 2447 772 2489 XII,
801 2448 885 2490 142;
913 2448 1045 2490 XVIII,
1069 2448 1136 2483 192
1163 2448 1209 2483 al.

308 2508 389 2545 531.
439 2507 554 2544 trahit
588 2507 612 2543 i.
643 2518 673 2543 e.
704 2507 874 2542 Iasonem
906 2508 1083 2550 retrahit;
1122 2508 1259 2543 vellem
1288 2506 1452 2552 apertius
1483 2506 1554 2541 hoc
1583 2505 1696 2551 scrip-

209 2568 319 2604 sisset
342 2568 466 2613 poeta.

307 2627 389 2664 533.
439 2627 528 2662 mihi
552 2636 633 2662 care
657 2625 742 2661 Vat.
779 2627 879 2661 teste
907 2625 1139 2672 Schenkelio,
1167 2625 1342 2670 carpende
1368 2626 1450 2662 cod.
1478 2625 1589 2667 Cam,
1615 2626 1639 2660 i.
1665 2636 1696 2661 e.
1734 2675 1736 2677 ι

209 2687 391 2729 vexande,
420 2685 617 2733 agitande3
643 2696 732 2721 sane
759 2685 905 2731 saepius
931 2697 953 2720 a
978 2685 1098 2731 poetis
1125 2686 1171 2721 de
1197 2685 1319 2721 animo
1346 2685 1520 2731 agitando
1547 2685 1696 2730 eiusque
