<?xml version="1.0" encoding="UTF-8"?>
<!DOCTYPE html PUBLIC "-//W3C//DTD XHTML 1.0 Transitional//EN"
    "http://www.w3.org/TR/xhtml1/DTD/xhtml1-transitional.dtd">
<html xmlns="http://www.w3.org/1999/xhtml" xml:lang="en" lang="en">
 <head>
  <title>
</title>
<meta http-equiv="Content-Type" content="text/html;charset=utf-8" />
  <meta name='ocr-system' content='tesseract 3.04.00' />
  <meta name='ocr-capabilities' content='ocr_page ocr_carea ocr_par ocr_line ocrx_word'/>
</head>
<body>
  <div class='ocr_page' id='page_1' title='image "argonauticonlibr00valeuoft_0429.png"; bbox 0 0 1890 3100; ppageno 0'>
   <div class='ocr_carea' id='block_1_1' title="bbox 0 1669 44 2722">
    <p class='ocr_par' dir='ltr' id='par_1_1' title="bbox 0 1669 44 2722">
     <span class='ocr_line' id='line_1_1' title="bbox 0 1669 44 2722; baseline 0 0"><span class='ocrx_word' id='word_1_1' title='bbox 0 1669 44 2722; x_wconf 95' lang='lat' dir='ltr'><strong> </strong></span> 
     </span>
    </p>
   </div>
   <div class='ocr_carea' id='block_1_2' title="bbox 7 2432 54 2951">
    <p class='ocr_par' dir='ltr' id='par_1_2' title="bbox 7 2339 54 2951">
     <span class='ocr_line' id='line_1_2' title="bbox 7 2432 54 2951; textangle 90"><span class='ocrx_word' id='word_1_2' title='bbox 13 2715 54 2951; x_wconf 35' lang='lat' dir='ltr'><strong>,zze-§assita</strong></span> <span class='ocrx_word' id='word_1_3' title='bbox 34 2678 43 2690; x_wconf 57' lang='lat'><strong>.„</strong></span> <span class='ocrx_word' id='word_1_4' title='bbox 7 2607 44 2627; x_wconf 57' lang='lat' dir='ltr'>s</span> <span class='ocrx_word' id='word_1_5' title='bbox 36 2558 43 2566; x_wconf 59' lang='lat'><strong>„.</strong></span> <span class='ocrx_word' id='word_1_6' title='bbox 38 2522 46 2531; x_wconf 46' lang='lat'><strong><em>³</em></strong></span> <span class='ocrx_word' id='word_1_7' title='bbox 40 2492 43 2493; x_wconf 64' lang='lat'><em>=</em></span> <span class='ocrx_word' id='word_1_8' title='bbox 37 2432 39 2434; x_wconf 90' lang='grc'><em>·</em></span> 
     </span>
    </p>
   </div>
   <div class='ocr_carea' id='block_1_3' title="bbox 869 16 943 54">
    <p class='ocr_par' dir='ltr' id='par_1_3' title="bbox 869 16 943 54">
     <span class='ocr_line' id='line_1_3' title="bbox 869 16 943 54; baseline 0 0"><span class='ocrx_word' id='word_1_9' title='bbox 869 16 878 21; x_wconf 75' lang='lat'><em>&#39;</em></span> <span class='ocrx_word' id='word_1_10' title='bbox 932 26 943 54; x_wconf 71' lang='lat' dir='ltr'><strong>t</strong></span> 
     </span>
    </p>
   </div>
   <div class='ocr_carea' id='block_1_4' title="bbox 595 192 1653 236">
    <p class='ocr_par' dir='ltr' id='par_1_4' title="bbox 595 192 1653 236">
     <span class='ocr_line' id='line_1_4' title="bbox 595 192 1653 236; baseline 0.006 -5"><span class='ocrx_word' id='word_1_11' title='bbox 595 192 987 232; x_wconf 67' lang='lat' dir='ltr'><strong>ARGONAVTIOON</strong></span> <span class='ocrx_word' id='word_1_12' title='bbox 1002 193 1151 229; x_wconf 78' lang='lat' dir='ltr'>LIBER</span> <span class='ocrx_word' id='word_1_13' title='bbox 1173 193 1236 228; x_wconf 80' lang='lat' dir='ltr'><strong>VI.</strong></span> <span class='ocrx_word' id='word_1_14' title='bbox 1567 194 1653 236; x_wconf 84' lang='lat'><strong>411</strong></span> 
     </span>
    </p>
   </div>
   <div class='ocr_carea' id='block_1_5' title="bbox 280 314 1710 821">
    <p class='ocr_par' dir='ltr' id='par_1_5' title="bbox 283 314 1131 365">
     <span class='ocr_line' id='line_1_5' title="bbox 283 314 1131 365; baseline -0.005 -9"><span class='ocrx_word' id='word_1_15' title='bbox 283 318 385 356; x_wconf 90' lang='lat' dir='ltr'><strong>eruit</strong></span> <span class='ocrx_word' id='word_1_16' title='bbox 413 322 454 355; x_wconf 81' lang='lat' dir='ltr'><strong>et</strong></span> <span class='ocrx_word' id='word_1_17' title='bbox 479 322 564 354; x_wconf 82' lang='lat' dir='ltr'><strong>tota</strong></span> <span class='ocrx_word' id='word_1_18' title='bbox 590 329 671 354; x_wconf 91' lang='lat' dir='ltr'><strong>non</strong></span> <span class='ocrx_word' id='word_1_19' title='bbox 698 314 811 354; x_wconf 85' lang='lat' dir='ltr'><strong>audit</strong></span> <span class='ocrx_word' id='word_1_20' title='bbox 835 314 1019 352; x_wconf 80' lang='lat' dir='ltr'><strong>Alazona</strong></span> <span class='ocrx_word' id='word_1_21' title='bbox 1044 314 1131 365; x_wconf 84' lang='lat' dir='ltr'><strong>ripa</strong></span> 
     </span>
    </p>

    <p class='ocr_par' dir='ltr' id='par_1_6' title="bbox 281 375 1558 560">
     <span class='ocr_line' id='line_1_6' title="bbox 285 375 1558 436; baseline -0.005 -16"><span class='ocrx_word' id='word_1_22' title='bbox 285 382 480 436; x_wconf 87' lang='lat' dir='ltr'><strong>[quosque</strong></span> <span class='ocrx_word' id='word_1_23' title='bbox 506 382 633 419; x_wconf 87' lang='lat' dir='ltr'><strong>Taras</strong></span> <span class='ocrx_word' id='word_1_24' title='bbox 660 381 902 431; x_wconf 75' lang='lat' dir='ltr'><strong>niveumque</strong></span> <span class='ocrx_word' id='word_1_25' title='bbox 929 379 1042 417; x_wconf 84' lang='lat' dir='ltr'><strong>ferax</strong></span> <span class='ocrx_word' id='word_1_26' title='bbox 1067 378 1278 416; x_wconf 84' lang='lat' dir='ltr'><strong>Evarchus</strong></span> <span class='ocrx_word' id='word_1_27' title='bbox 1307 375 1486 428; x_wconf 68' lang='lat' dir='ltr'><strong>olorum}</strong></span> <span class='ocrx_word' id='word_1_28' title='bbox 1550 431 1558 436; x_wconf 65' lang='lat'><strong>,</strong></span> 
     </span>
     <span class='ocr_line' id='line_1_7' title="bbox 282 442 1349 499; baseline -0.006 -13"><span class='ocrx_word' id='word_1_29' title='bbox 282 454 324 486; x_wconf 92' lang='lat' dir='ltr'><strong>te</strong></span> <span class='ocrx_word' id='word_1_30' title='bbox 353 460 511 499; x_wconf 90' lang='lat' dir='ltr'><strong>quoque</strong></span> <span class='ocrx_word' id='word_1_31' title='bbox 539 446 729 491; x_wconf 79' lang='lat' dir='ltr'><strong>venturiS,</strong></span> <span class='ocrx_word' id='word_1_32' title='bbox 757 446 901 495; x_wconf 83' lang='lat' dir='ltr'><strong>ingens</strong></span> <span class='ocrx_word' id='word_1_33' title='bbox 927 444 1175 489; x_wconf 75' lang='lat' dir='ltr'>Ariasmene,</span> <span class='ocrx_word' id='word_1_34' title='bbox 1205 442 1349 481; x_wconf 87' lang='lat' dir='ltr'><strong>saeclis</strong></span> 
     </span>
     <span class='ocr_line' id='line_1_8' title="bbox 281 507 1237 560; baseline -0.005 -10"><span class='ocrx_word' id='word_1_35' title='bbox 281 511 522 558; x_wconf 82' lang='lat' dir='ltr'><strong>tradiderim,</strong></span> <span class='ocrx_word' id='word_1_36' title='bbox 551 510 697 549; x_wconf 91' lang='lat' dir='ltr'><strong>molem</strong></span> <span class='ocrx_word' id='word_1_37' title='bbox 724 509 823 548; x_wconf 87' lang='lat' dir='ltr'><strong>belli</strong></span> <span class='ocrx_word' id='word_1_38' title='bbox 848 509 1013 560; x_wconf 87' lang='lat' dir='ltr'><strong>lateque</strong></span> <span class='ocrx_word' id='word_1_39' title='bbox 1039 507 1237 546; x_wconf 85' lang='lat' dir='ltr'><strong>ferentem</strong></span> 
     </span>
    </p>

    <p class='ocr_par' dir='ltr' id='par_1_7' title="bbox 280 574 1710 821">
     <span class='ocr_line' id='line_1_9' title="bbox 280 574 1710 628; baseline -0.006 -13"><span class='ocrx_word' id='word_1_40' title='bbox 280 577 457 628; x_wconf 89' lang='lat' dir='ltr'><strong>undique</strong></span> <span class='ocrx_word' id='word_1_41' title='bbox 484 576 652 614; x_wconf 85' lang='lat' dir='ltr'><strong>falcatos</strong></span> <span class='ocrx_word' id='word_1_42' title='bbox 681 574 841 614; x_wconf 86' lang='lat' dir='ltr'><strong>deserta</strong></span> <span class='ocrx_word' id='word_1_43' title='bbox 866 586 939 625; x_wconf 89' lang='lat' dir='ltr'><strong>per</strong></span> <span class='ocrx_word' id='word_1_44' title='bbox 965 585 1142 624; x_wconf 89' lang='lat' dir='ltr'><strong>aequora</strong></span> <span class='ocrx_word' id='word_1_45' title='bbox 1169 585 1318 610; x_wconf 87' lang='lat' dir='ltr'><strong>currus.</strong></span> <span class='ocrx_word' id='word_1_46' title='bbox 1656 590 1710 620; x_wconf 87' lang='lat'><strong>105</strong></span> 
     </span>
     <span class='ocr_line' id='line_1_10' title="bbox 280 637 1412 694; baseline -0.005 -14"><span class='ocrx_word' id='word_1_47' title='bbox 280 642 502 694; x_wconf 71' lang='lat' dir='ltr'>insequitur</span> <span class='ocrx_word' id='word_1_48' title='bbox 528 641 741 679; x_wconf 87' lang='lat' dir='ltr'><strong>Drancaea</strong></span> <span class='ocrx_word' id='word_1_49' title='bbox 765 638 943 690; x_wconf 80' lang='lat' dir='ltr'><strong>phalanx</strong></span> <span class='ocrx_word' id='word_1_50' title='bbox 970 638 1233 689; x_wconf 82' lang='lat' dir='ltr'><strong>claustrisque</strong></span> <span class='ocrx_word' id='word_1_51' title='bbox 1260 637 1412 688; x_wconf 70' lang='lat' dir='ltr'><strong>profusi</strong></span> 
     </span>
     <span class='ocr_line' id='line_1_11' title="bbox 282 702 1389 758; baseline -0.005 -13"><span class='ocrx_word' id='word_1_52' title='bbox 282 706 519 758; x_wconf 80' lang='lat' dir='ltr'>Caspiadae,</span> <span class='ocrx_word' id='word_1_53' title='bbox 547 706 636 757; x_wconf 85' lang='lat' dir='ltr'><strong>quis</strong></span> <span class='ocrx_word' id='word_1_54' title='bbox 663 704 779 743; x_wconf 77' lang='lat' dir='ltr'><strong>turba</strong></span> <span class='ocrx_word' id='word_1_55' title='bbox 806 717 949 742; x_wconf 88' lang='lat' dir='ltr'><strong>canum</strong></span> <span class='ocrx_word' id='word_1_56' title='bbox 976 716 1059 741; x_wconf 91' lang='lat' dir='ltr'><strong>non</strong></span> <span class='ocrx_word' id='word_1_57' title='bbox 1085 702 1247 753; x_wconf 85' lang='lat' dir='ltr'><strong>segnius</strong></span> <span class='ocrx_word' id='word_1_58' title='bbox 1276 714 1389 740; x_wconf 86' lang='lat' dir='ltr'><strong>acres</strong></span> 
     </span>
     <span class='ocr_line' id='line_1_12' title="bbox 281 767 1264 821; baseline -0.005 -11"><span class='ocrx_word' id='word_1_59' title='bbox 281 772 414 810; x_wconf 85' lang='lat' dir='ltr'><strong>exsilit</strong></span> <span class='ocrx_word' id='word_1_60' title='bbox 442 770 493 809; x_wconf 87' lang='lat' dir='ltr'><strong>ad</strong></span> <span class='ocrx_word' id='word_1_61' title='bbox 518 770 638 808; x_wconf 85' lang='lat' dir='ltr'><strong>lituos</strong></span> <span class='ocrx_word' id='word_1_62' title='bbox 665 781 903 821; x_wconf 84' lang='lat' dir='ltr'><strong>pugnasque</strong></span> <span class='ocrx_word' id='word_1_63' title='bbox 931 768 1106 820; x_wconf 84' lang='lat' dir='ltr'>capessit</span> <span class='ocrx_word' id='word_1_64' title='bbox 1133 767 1264 806; x_wconf 83' lang='lat' dir='ltr'><strong>eriles.</strong></span> 
     </span>
    </p>
   </div>
   <div class='ocr_carea' id='block_1_6' title="bbox 178 862 459 868">
    <p class='ocr_par' dir='ltr' id='par_1_8' title="bbox 178 862 459 868">
     <span class='ocr_line' id='line_1_13' title="bbox 178 862 459 868; baseline 0 0"><span class='ocrx_word' id='word_1_65' title='bbox 178 862 459 868; x_wconf 95' lang='lat' dir='ltr'><strong> </strong></span> 
     </span>
    </p>
   </div>
   <div class='ocr_carea' id='block_1_7' title="bbox 174 902 1653 1011">
    <p class='ocr_par' dir='ltr' id='par_1_9' title="bbox 174 902 1653 1011">
     <span class='ocr_line' id='line_1_14' title="bbox 174 902 1653 953; baseline -0.003 -12"><span class='ocrx_word' id='word_1_66' title='bbox 174 908 306 953; x_wconf 87' lang='lat' dir='ltr'><strong>potum</strong></span> <span class='ocrx_word' id='word_1_67' title='bbox 330 905 401 941; x_wconf 83' lang='lat' dir='ltr'><strong>sibi</strong></span> <span class='ocrx_word' id='word_1_68' title='bbox 424 906 560 951; x_wconf 87' lang='lat' dir='ltr'><strong>parent</strong></span> <span class='ocrx_word' id='word_1_69' title='bbox 567 921 576 951; x_wconf 90' lang='lat'>;</span> <span class='ocrx_word' id='word_1_70' title='bbox 613 904 815 940; x_wconf 83' lang='lat' dir='ltr'><strong>Alazonem</strong></span> <span class='ocrx_word' id='word_1_71' title='bbox 852 905 980 939; x_wconf 86' lang='lat' dir='ltr'><strong>autem</strong></span> <span class='ocrx_word' id='word_1_72' title='bbox 1002 915 1070 949; x_wconf 89' lang='lat' dir='ltr'><strong>per</strong></span> <span class='ocrx_word' id='word_1_73' title='bbox 1094 905 1217 939; x_wconf 88' lang='lat' dir='ltr'><strong>totum</strong></span> <span class='ocrx_word' id='word_1_74' title='bbox 1242 914 1389 938; x_wconf 84' lang='lat' dir='ltr'><strong>cursum</strong></span> <span class='ocrx_word' id='word_1_75' title='bbox 1413 902 1653 947; x_wconf 87' lang='lat' dir='ltr'><strong>congelatum</strong></span> 
     </span>
     <span class='ocr_line' id='line_1_15' title="bbox 175 962 1364 1011; baseline -0.003 -10"><span class='ocrx_word' id='word_1_76' title='bbox 175 965 282 1011; x_wconf 86' lang='lat' dir='ltr'><strong>fingit</strong></span> <span class='ocrx_word' id='word_1_77' title='bbox 304 966 429 1011; x_wconf 83' lang='lat' dir='ltr'><strong>poeta,</strong></span> <span class='ocrx_word' id='word_1_78' title='bbox 454 964 509 998; x_wconf 87' lang='lat' dir='ltr'><strong>ita</strong></span> <span class='ocrx_word' id='word_1_79' title='bbox 533 965 576 998; x_wconf 90' lang='lat' dir='ltr'><strong>ut</strong></span> <span class='ocrx_word' id='word_1_80' title='bbox 599 975 764 998; x_wconf 90' lang='lat' dir='ltr'><strong>murmur</strong></span> <span class='ocrx_word' id='word_1_81' title='bbox 788 974 969 1008; x_wconf 86' lang='lat' dir='ltr'><strong>aquarum</strong></span> <span class='ocrx_word' id='word_1_82' title='bbox 994 962 1114 998; x_wconf 83' lang='lat' dir='ltr'><strong>audiri</strong></span> <span class='ocrx_word' id='word_1_83' title='bbox 1138 974 1213 998; x_wconf 92' lang='lat' dir='ltr'><strong>non</strong></span> <span class='ocrx_word' id='word_1_84' title='bbox 1235 962 1364 1008; x_wconf 78' lang='lat' dir='ltr'><strong>possit.</strong></span> 
     </span>
    </p>
   </div>
   <div class='ocr_carea' id='block_1_8' title="bbox 173 1032 1655 1966">
    <p class='ocr_par' dir='ltr' id='par_1_10' title="bbox 173 1032 1655 1608">
     <span class='ocr_line' id='line_1_16' title="bbox 271 1032 1655 1079; baseline -0.002 -9"><span class='ocrx_word' id='word_1_85' title='bbox 271 1035 350 1070; x_wconf 83' lang='lat'>102.</span> <span class='ocrx_word' id='word_1_86' title='bbox 376 1035 511 1070; x_wconf 78' lang='lat' dir='ltr'><strong>Versus</strong></span> <span class='ocrx_word' id='word_1_87' title='bbox 525 1035 657 1079; x_wconf 84' lang='lat' dir='ltr'><strong>aperte</strong></span> <span class='ocrx_word' id='word_1_88' title='bbox 671 1034 718 1068; x_wconf 89' lang='lat' dir='ltr'><strong>ab</strong></span> <span class='ocrx_word' id='word_1_89' title='bbox 733 1033 898 1068; x_wconf 83' lang='lat' dir='ltr'><strong>hocloco</strong></span> <span class='ocrx_word' id='word_1_90' title='bbox 916 1032 1067 1079; x_wconf 79' lang='lat' dir='ltr'><strong>alienus,</strong></span> <span class='ocrx_word' id='word_1_91' title='bbox 1084 1033 1216 1067; x_wconf 90' lang='lat' dir='ltr'><strong>turbat</strong></span> <span class='ocrx_word' id='word_1_92' title='bbox 1230 1032 1328 1068; x_wconf 90' lang='lat' dir='ltr'><strong>enim</strong></span> <span class='ocrx_word' id='word_1_93' title='bbox 1341 1032 1655 1068; x_wconf 73' lang='lat' dir='ltr'><strong>constructionem</strong></span> 
     </span>
     <span class='ocr_line' id='line_1_17' title="bbox 175 1091 1655 1139; baseline -0.003 -9"><span class='ocrx_word' id='word_1_94' title='bbox 175 1095 375 1131; x_wconf 84' lang='lat' dir='ltr'><strong>verborum</strong></span> <span class='ocrx_word' id='word_1_95' title='bbox 409 1105 530 1139; x_wconf 89' lang='lat' dir='ltr'><strong>neque</strong></span> <span class='ocrx_word' id='word_1_96' title='bbox 569 1093 688 1139; x_wconf 86' lang='lat' dir='ltr'><strong>ellipsi</strong></span> <span class='ocrx_word' id='word_1_97' title='bbox 724 1092 831 1128; x_wconf 88' lang='lat' dir='ltr'><strong>verbi</strong></span> <span class='ocrx_word' id='word_1_98' title='bbox 867 1091 1020 1127; x_wconf 87' lang='lat' dir='ltr'><strong>alicuius</strong></span> <span class='ocrx_word' id='word_1_99' title='bbox 1046 1092 1277 1127; x_wconf 84' lang='lat' dir='ltr'><strong>accusativus</strong></span> <span class='ocrx_word' id='word_1_100' title='bbox 1301 1102 1454 1137; x_wconf 73' lang='lat' dir='ltr'><strong>quosque</strong></span> <span class='ocrx_word' id='word_1_101' title='bbox 1477 1091 1655 1137; x_wconf 86' lang='lat' dir='ltr'><strong>explicari</strong></span> 
     </span>
     <span class='ocr_line' id='line_1_18' title="bbox 174 1150 1655 1200; baseline -0.003 -10"><span class='ocrx_word' id='word_1_102' title='bbox 174 1155 310 1200; x_wconf 79' lang='lat' dir='ltr'><strong>potest.</strong></span> <span class='ocrx_word' id='word_1_103' title='bbox 369 1153 477 1188; x_wconf 81' lang='lat' dir='ltr'><strong>Thilo</strong></span> <span class='ocrx_word' id='word_1_104' title='bbox 501 1154 589 1198; x_wconf 86' lang='lat' dir='ltr'><strong>post</strong></span> <span class='ocrx_word' id='word_1_105' title='bbox 625 1152 690 1186; x_wconf 91' lang='grc'><strong>101</strong></span> <span class='ocrx_word' id='word_1_106' title='bbox 718 1151 859 1197; x_wconf 87' lang='lat' dir='ltr'><strong>aliquid</strong></span> <span class='ocrx_word' id='word_1_107' title='bbox 884 1151 1063 1186; x_wconf 78' lang='lat' dir='ltr'><strong>excidisse</strong></span> <span class='ocrx_word' id='word_1_108' title='bbox 1086 1151 1208 1196; x_wconf 86' lang='lat' dir='ltr'><strong>putat,</strong></span> <span class='ocrx_word' id='word_1_109' title='bbox 1237 1150 1391 1186; x_wconf 87' lang='lat' dir='ltr'><strong>Caussin</strong></span> <span class='ocrx_word' id='word_1_110' title='bbox 1416 1162 1450 1188; x_wconf 88' lang='lat' dir='ltr'><strong>v.</strong></span> <span class='ocrx_word' id='word_1_111' title='bbox 1476 1150 1545 1186; x_wconf 83' lang='grc'><strong>102</strong></span> <span class='ocrx_word' id='word_1_112' title='bbox 1568 1151 1655 1196; x_wconf 86' lang='lat' dir='ltr'><strong>post</strong></span> 
     </span>
     <span class='ocr_line' id='line_1_19' title="bbox 175 1210 1655 1256; baseline -0.002 -8"><span class='ocrx_word' id='word_1_113' title='bbox 175 1213 220 1248; x_wconf 82' lang='lat'><strong>67</strong></span> <span class='ocrx_word' id='word_1_114' title='bbox 246 1213 513 1253; x_wconf 85' lang='lat' dir='ltr'><strong>collocandum,</strong></span> <span class='ocrx_word' id='word_1_115' title='bbox 548 1223 623 1247; x_wconf 89' lang='lat' dir='ltr'><strong>non</strong></span> <span class='ocrx_word' id='word_1_116' title='bbox 647 1211 727 1246; x_wconf 89' lang='lat' dir='ltr'><strong>sine</strong></span> <span class='ocrx_word' id='word_1_117' title='bbox 750 1210 1028 1256; x_wconf 76' lang='lat' dir='ltr'><strong>probabilitate,</strong></span> <span class='ocrx_word' id='word_1_118' title='bbox 1058 1211 1089 1245; x_wconf 89' lang='lat' dir='ltr'><strong>si</strong></span> <span class='ocrx_word' id='word_1_119' title='bbox 1113 1210 1426 1246; x_wconf 83' lang='lat' dir='ltr'><strong>constructionem</strong></span> <span class='ocrx_word' id='word_1_120' title='bbox 1455 1210 1655 1246; x_wconf 88' lang='lat' dir='ltr'><strong>verborum</strong></span> 
     </span>
     <span class='ocr_line' id='line_1_20' title="bbox 175 1268 1655 1318; baseline -0.003 -10"><span class='ocrx_word' id='word_1_121' title='bbox 175 1273 403 1318; x_wconf 51' lang='lat' dir='ltr'><strong>spect-,amum</strong></span> <span class='ocrx_word' id='word_1_122' title='bbox 430 1272 471 1306; x_wconf 89' lang='lat' dir='ltr'><strong>at</strong></span> <span class='ocrx_word' id='word_1_123' title='bbox 495 1270 721 1306; x_wconf 84' lang='lat' dir='ltr'><strong>sententiam</strong></span> <span class='ocrx_word' id='word_1_124' title='bbox 746 1270 866 1315; x_wconf 80' lang='lat' dir='ltr'><strong>ipsam</strong></span> <span class='ocrx_word' id='word_1_125' title='bbox 889 1269 1204 1315; x_wconf 71' lang='lat' dir='ltr'><strong>investigantibus</strong></span> <span class='ocrx_word' id='word_1_126' title='bbox 1227 1269 1413 1304; x_wconf 79' lang='lat' dir='ltr'><strong>maximae</strong></span> <span class='ocrx_word' id='word_1_127' title='bbox 1435 1268 1655 1305; x_wconf 84' lang='lat' dir='ltr'><strong>oboriuntur</strong></span> 
     </span>
     <span class='ocr_line' id='line_1_21' title="bbox 176 1328 1653 1374; baseline -0.003 -8"><span class='ocrx_word' id='word_1_128' title='bbox 176 1330 434 1366; x_wconf 86' lang='lat' dir='ltr'><strong>difficultates:</strong></span> <span class='ocrx_word' id='word_1_129' title='bbox 460 1331 668 1365; x_wconf 86' lang='lat' dir='ltr'><strong>Evarehum</strong></span> <span class='ocrx_word' id='word_1_130' title='bbox 693 1329 790 1364; x_wconf 88' lang='lat' dir='ltr'><strong>enim</strong></span> <span class='ocrx_word' id='word_1_131' title='bbox 816 1329 918 1363; x_wconf 87' lang='lat' dir='ltr'><strong>haud</strong></span> <span class='ocrx_word' id='word_1_132' title='bbox 941 1328 1069 1374; x_wconf 85' lang='lat' dir='ltr'><strong>procul</strong></span> <span class='ocrx_word' id='word_1_133' title='bbox 1094 1339 1117 1363; x_wconf 88' lang='lat' dir='ltr'><strong>a</strong></span> <span class='ocrx_word' id='word_1_134' title='bbox 1142 1328 1278 1373; x_wconf 89' lang='lat' dir='ltr'><strong>Sinope</strong></span> <span class='ocrx_word' id='word_1_135' title='bbox 1302 1328 1395 1363; x_wconf 87' lang='lat' dir='ltr'><strong>urbe</strong></span> <span class='ocrx_word' id='word_1_136' title='bbox 1429 1328 1469 1362; x_wconf 90' lang='lat' dir='ltr'><strong>in</strong></span> <span class='ocrx_word' id='word_1_137' title='bbox 1492 1328 1653 1363; x_wconf 85' lang='lat' dir='ltr'><strong>Pontum</strong></span> 
     </span>
     <span class='ocr_line' id='line_1_22' title="bbox 173 1387 1653 1432; baseline -0.001 -7"><span class='ocrx_word' id='word_1_138' title='bbox 173 1389 389 1426; x_wconf 86' lang='lat' dir='ltr'><strong>influentem</strong></span> <span class='ocrx_word' id='word_1_139' title='bbox 426 1389 528 1424; x_wconf 88' lang='lat' dir='ltr'><strong>nullo</strong></span> <span class='ocrx_word' id='word_1_140' title='bbox 565 1388 675 1424; x_wconf 89' lang='lat' dir='ltr'><strong>modo</strong></span> <span class='ocrx_word' id='word_1_141' title='bbox 712 1388 752 1422; x_wconf 89' lang='lat' dir='ltr'><strong>in</strong></span> <span class='ocrx_word' id='word_1_142' title='bbox 788 1389 859 1423; x_wconf 85' lang='lat' dir='ltr'><strong>hac</strong></span> <span class='ocrx_word' id='word_1_143' title='bbox 884 1387 1142 1432; x_wconf 74' lang='lat' dir='ltr'><strong>Scythicarum</strong></span> <span class='ocrx_word' id='word_1_144' title='bbox 1175 1387 1344 1432; x_wconf 88' lang='lat' dir='ltr'><strong>gentium</strong></span> <span class='ocrx_word' id='word_1_145' title='bbox 1376 1387 1653 1424; x_wconf 83' lang='lat' dir='ltr'><strong>enumeratione</strong></span> 
     </span>
     <span class='ocr_line' id='line_1_23' title="bbox 173 1447 1653 1494; baseline -0.001 -10"><span class='ocrx_word' id='word_1_146' title='bbox 173 1460 293 1494; x_wconf 84' lang='lat' dir='ltr'><strong>neque</strong></span> <span class='ocrx_word' id='word_1_147' title='bbox 331 1449 391 1484; x_wconf 89' lang='lat' dir='ltr'><strong>hic</strong></span> <span class='ocrx_word' id='word_1_148' title='bbox 423 1459 544 1493; x_wconf 89' lang='lat' dir='ltr'><strong>neque</strong></span> <span class='ocrx_word' id='word_1_149' title='bbox 575 1450 662 1493; x_wconf 84' lang='lat' dir='ltr'><strong>post</strong></span> <span class='ocrx_word' id='word_1_150' title='bbox 698 1448 743 1482; x_wconf 82' lang='lat'><strong>67</strong></span> <span class='ocrx_word' id='word_1_151' title='bbox 770 1448 917 1483; x_wconf 84' lang='lat' dir='ltr'><strong>Valerio</strong></span> <span class='ocrx_word' id='word_1_152' title='bbox 943 1448 1134 1483; x_wconf 88' lang='lat' dir='ltr'><strong>nominare</strong></span> <span class='ocrx_word' id='word_1_153' title='bbox 1163 1448 1314 1488; x_wconf 76' lang='lat' dir='ltr'><strong>licebat,</strong></span> <span class='ocrx_word' id='word_1_154' title='bbox 1357 1447 1473 1483; x_wconf 72' lang='lat' dir='ltr'><strong>Taras</strong></span> <span class='ocrx_word' id='word_1_155' title='bbox 1502 1458 1653 1493; x_wconf 85' lang='lat' dir='ltr'><strong>prorsus</strong></span> 
     </span>
     <span class='ocr_line' id='line_1_24' title="bbox 174 1506 1653 1553; baseline -0.002 -9"><span class='ocrx_word' id='word_1_156' title='bbox 174 1509 232 1544; x_wconf 81' lang='lat' dir='ltr'><strong>est</strong></span> <span class='ocrx_word' id='word_1_157' title='bbox 266 1508 433 1553; x_wconf 53' lang='lat' dir='ltr'><strong>ignotum</strong></span> <span class='ocrx_word' id='word_1_158' title='bbox 470 1508 587 1542; x_wconf 83' lang='lat' dir='ltr'><strong>verba</strong></span> <span class='ocrx_word' id='word_1_159' title='bbox 624 1508 749 1542; x_wconf 84' lang='lat' dir='ltr'><strong>autem</strong></span> <span class='ocrx_word' id='word_1_160' title='bbox 783 1507 1012 1553; x_wconf 87' lang='lat' dir='ltr'><strong>interpolata</strong></span> <span class='ocrx_word' id='word_1_161' title='bbox 1052 1518 1130 1543; x_wconf 85' lang='lat' dir='ltr'><strong>esse</strong></span> <span class='ocrx_word' id='word_1_162' title='bbox 1157 1506 1258 1543; x_wconf 89' lang='lat' dir='ltr'><strong>credi</strong></span> <span class='ocrx_word' id='word_1_163' title='bbox 1282 1519 1357 1542; x_wconf 90' lang='lat' dir='ltr'><strong>non</strong></span> <span class='ocrx_word' id='word_1_164' title='bbox 1381 1508 1524 1552; x_wconf 84' lang='lat' dir='ltr'><strong>potest:</strong></span> <span class='ocrx_word' id='word_1_165' title='bbox 1563 1507 1653 1552; x_wconf 88' lang='lat' dir='ltr'><strong>quid</strong></span> 
     </span>
     <span class='ocr_line' id='line_1_25' title="bbox 174 1566 612 1608; baseline -0.002 -6"><span class='ocrx_word' id='word_1_166' title='bbox 174 1578 285 1603; x_wconf 83' lang='lat' dir='ltr'><strong>versu</strong></span> <span class='ocrx_word' id='word_1_167' title='bbox 308 1566 452 1608; x_wconf 79' lang='lat' dir='ltr'><strong>faciam,</strong></span> <span class='ocrx_word' id='word_1_168' title='bbox 478 1566 612 1602; x_wconf 85' lang='lat' dir='ltr'><strong>nescio.</strong></span> 
     </span>
    </p>

    <p class='ocr_par' dir='ltr' id='par_1_11' title="bbox 173 1625 1653 1730">
     <span class='ocr_line' id='line_1_26' title="bbox 268 1625 1653 1671; baseline 0.001 -10"><span class='ocrx_word' id='word_1_169' title='bbox 268 1626 347 1661; x_wconf 84' lang='lat'>102.</span> <span class='ocrx_word' id='word_1_170' title='bbox 397 1630 430 1661; x_wconf 80' lang='lat' dir='ltr'><strong>te</strong></span> <span class='ocrx_word' id='word_1_171' title='bbox 453 1637 586 1671; x_wconf 72' lang='lat' dir='ltr'><strong>quoque</strong></span> <span class='ocrx_word' id='word_1_172' title='bbox 611 1647 654 1652; x_wconf 97' lang='lat'><strong>—</strong></span> <span class='ocrx_word' id='word_1_173' title='bbox 680 1626 905 1667; x_wconf 79' lang='lat' dir='ltr'><strong>tradiderim,</strong></span> <span class='ocrx_word' id='word_1_174' title='bbox 938 1625 1005 1661; x_wconf 89' lang='lat' dir='ltr'><strong>cfr.</strong></span> <span class='ocrx_word' id='word_1_175' title='bbox 1029 1625 1140 1671; x_wconf 88' lang='lat' dir='ltr'><strong>Verg.</strong></span> <span class='ocrx_word' id='word_1_176' title='bbox 1166 1637 1295 1671; x_wconf 87' lang='lat' dir='ltr'><strong>georg.</strong></span> <span class='ocrx_word' id='word_1_177' title='bbox 1320 1625 1369 1666; x_wconf 82' lang='grc' dir='ltr'><strong>Π,</strong></span> <span class='ocrx_word' id='word_1_178' title='bbox 1404 1625 1470 1660; x_wconf 92' lang='grc'><strong>101</strong></span> <span class='ocrx_word' id='word_1_179' title='bbox 1499 1626 1537 1661; x_wconf 88' lang='lat' dir='ltr'><strong>et</strong></span> <span class='ocrx_word' id='word_1_180' title='bbox 1561 1626 1653 1662; x_wconf 87' lang='lat' dir='ltr'><strong>Aen.</strong></span> 
     </span>
     <span class='ocr_line' id='line_1_27' title="bbox 173 1685 856 1730; baseline 0 -10"><span class='ocrx_word' id='word_1_181' title='bbox 173 1685 217 1726; x_wconf 85' lang='lat' dir='ltr'><strong>X,</strong></span> <span class='ocrx_word' id='word_1_182' title='bbox 245 1685 314 1720; x_wconf 87' lang='lat'><strong>185</strong></span> <span class='ocrx_word' id='word_1_183' title='bbox 337 1695 409 1720; x_wconf 81' lang='lat' dir='ltr'><strong>non</strong></span> <span class='ocrx_word' id='word_1_184' title='bbox 432 1696 493 1730; x_wconf 70' lang='lat' dir='ltr'><strong>eqo</strong></span> <span class='ocrx_word' id='word_1_185' title='bbox 518 1689 551 1720; x_wconf 81' lang='lat' dir='ltr'><strong>te</strong></span> <span class='ocrx_word' id='word_1_186' title='bbox 574 1706 619 1711; x_wconf 88' lang='lat'>—</span> <span class='ocrx_word' id='word_1_187' title='bbox 645 1686 856 1720; x_wconf 62' lang='lat' dir='ltr'><strong>transm-im.</strong></span> 
     </span>
    </p>

    <p class='ocr_par' dir='ltr' id='par_1_12' title="bbox 175 1744 1655 1848">
     <span class='ocr_line' id='line_1_28' title="bbox 270 1744 1655 1790; baseline 0 -11"><span class='ocrx_word' id='word_1_188' title='bbox 270 1744 348 1779; x_wconf 85' lang='lat'>104.</span> <span class='ocrx_word' id='word_1_189' title='bbox 398 1745 518 1779; x_wconf 83' lang='lat' dir='ltr'><strong>molem</strong></span> <span class='ocrx_word' id='word_1_190' title='bbox 543 1745 623 1779; x_wconf 77' lang='lat' dir='ltr'><strong>belli</strong></span> <span class='ocrx_word' id='word_1_191' title='bbox 645 1744 764 1789; x_wconf 88' lang='lat' dir='ltr'><strong>ipsum</strong></span> <span class='ocrx_word' id='word_1_192' title='bbox 782 1744 1040 1780; x_wconf 82' lang='lat' dir='ltr'><strong>Ariasmenum</strong></span> <span class='ocrx_word' id='word_1_193' title='bbox 1064 1744 1234 1780; x_wconf 89' lang='lat' dir='ltr'><strong>nominat</strong></span> <span class='ocrx_word' id='word_1_194' title='bbox 1257 1746 1372 1790; x_wconf 89' lang='lat' dir='ltr'><strong>poeta</strong></span> <span class='ocrx_word' id='word_1_195' title='bbox 1397 1744 1447 1779; x_wconf 87' lang='lat' dir='ltr'><strong>ad</strong></span> <span class='ocrx_word' id='word_1_196' title='bbox 1461 1744 1655 1790; x_wconf 85' lang='lat' dir='ltr'><strong>ingentem</strong></span> 
     </span>
     <span class='ocr_line' id='line_1_29' title="bbox 175 1802 933 1848; baseline 0.001 -10"><span class='ocrx_word' id='word_1_197' title='bbox 175 1802 339 1848; x_wconf 86' lang='lat' dir='ltr'><strong>corporis</strong></span> <span class='ocrx_word' id='word_1_198' title='bbox 364 1803 659 1848; x_wconf 86' lang='lat' dir='ltr'><strong>magnitudinem</strong></span> <span class='ocrx_word' id='word_1_199' title='bbox 683 1803 933 1839; x_wconf 80' lang='lat' dir='ltr'><strong>indicandam.</strong></span> 
     </span>
    </p>

    <p class='ocr_par' dir='ltr' id='par_1_13' title="bbox 173 1861 1652 1966">
     <span class='ocr_line' id='line_1_30' title="bbox 265 1861 1652 1909; baseline 0.001 -13"><span class='ocrx_word' id='word_1_200' title='bbox 265 1861 433 1904; x_wconf 79' lang='lat' dir='ltr'><strong>ferentem</strong></span> <span class='ocrx_word' id='word_1_201' title='bbox 457 1861 480 1897; x_wconf 87' lang='lat' dir='ltr'><strong>i.</strong></span> <span class='ocrx_word' id='word_1_202' title='bbox 507 1873 538 1897; x_wconf 88' lang='lat' dir='ltr'><strong>e.</strong></span> <span class='ocrx_word' id='word_1_203' title='bbox 564 1873 690 1898; x_wconf 85' lang='lat' dir='ltr'><strong>secum</strong></span> <span class='ocrx_word' id='word_1_204' title='bbox 714 1862 933 1907; x_wconf 73' lang='lat' dir='ltr'><strong>rapientem,</strong></span> <span class='ocrx_word' id='word_1_205' title='bbox 961 1862 1028 1898; x_wconf 90' lang='lat' dir='ltr'><strong>cfr.</strong></span> <span class='ocrx_word' id='word_1_206' title='bbox 1046 1862 1133 1898; x_wconf 90' lang='lat' dir='ltr'><strong>Hor.</strong></span> <span class='ocrx_word' id='word_1_207' title='bbox 1159 1864 1229 1898; x_wconf 82' lang='lat' dir='ltr'><strong>sat.</strong></span> <span class='ocrx_word' id='word_1_208' title='bbox 1254 1862 1284 1906; x_wconf 80' lang='lat' dir='ltr'><strong>L</strong></span> <span class='ocrx_word' id='word_1_209' title='bbox 1312 1863 1343 1908; x_wconf 90' lang='lat'><strong>1,</strong></span> <span class='ocrx_word' id='word_1_210' title='bbox 1363 1862 1425 1904; x_wconf 86' lang='lat'><strong>58;</strong></span> <span class='ocrx_word' id='word_1_211' title='bbox 1451 1863 1481 1902; x_wconf 86' lang='lat' dir='ltr'><strong>I,</strong></span> <span class='ocrx_word' id='word_1_212' title='bbox 1508 1863 1563 1904; x_wconf 85' lang='lat'><strong>10,</strong></span> <span class='ocrx_word' id='word_1_213' title='bbox 1591 1863 1652 1909; x_wconf 71' lang='lat'><strong>503</strong></span> 
     </span>
     <span class='ocr_line' id='line_1_31' title="bbox 173 1920 847 1966; baseline 0.001 -10"><span class='ocrx_word' id='word_1_214' title='bbox 173 1920 236 1957; x_wconf 87' lang='lat' dir='ltr'><strong>Sil.</strong></span> <span class='ocrx_word' id='word_1_215' title='bbox 261 1920 290 1964; x_wconf 86' lang='lat' dir='ltr'><strong>I,</strong></span> <span class='ocrx_word' id='word_1_216' title='bbox 315 1920 401 1962; x_wconf 87' lang='lat'>361;</span> <span class='ocrx_word' id='word_1_217' title='bbox 427 1921 508 1956; x_wconf 78' lang='lat' dir='ltr'><strong>Val.</strong></span> <span class='ocrx_word' id='word_1_218' title='bbox 534 1921 647 1966; x_wconf 84' lang='lat' dir='ltr'><strong>ipsius</strong></span> <span class='ocrx_word' id='word_1_219' title='bbox 671 1921 738 1963; x_wconf 84' lang='lat' dir='ltr'><strong>III,</strong></span> <span class='ocrx_word' id='word_1_220' title='bbox 764 1921 847 1958; x_wconf 80' lang='lat'><strong>39&#39;2.</strong></span> 
     </span>
    </p>
   </div>
   <div class='ocr_carea' id='block_1_9' title="bbox 174 1993 1675 2151">
    <p class='ocr_par' dir='ltr' id='par_1_14' title="bbox 174 1993 1675 2151">
     <span class='ocr_line' id='line_1_32' title="bbox 268 1993 1675 2047; baseline 0.001 -19"><span class='ocrx_word' id='word_1_221' title='bbox 268 1993 365 2047; x_wconf 57' lang='lat' dir='ltr'><strong>105.r</strong></span> <span class='ocrx_word' id='word_1_222' title='bbox 396 1994 533 2028; x_wconf 72' lang='lat' dir='ltr'><strong>deserta</strong></span> <span class='ocrx_word' id='word_1_223' title='bbox 564 2004 633 2038; x_wconf 80' lang='lat' dir='ltr'><strong>per</strong></span> <span class='ocrx_word' id='word_1_224' title='bbox 669 2004 838 2038; x_wconf 74' lang='lat' dir='ltr'><strong>aequora:</strong></span> <span class='ocrx_word' id='word_1_225' title='bbox 881 1994 1102 2030; x_wconf 86' lang='lat' dir='ltr'><strong>deseruntur</strong></span> <span class='ocrx_word' id='word_1_226' title='bbox 1139 1994 1261 2039; x_wconf 84' lang='lat' dir='ltr'><strong>campi</strong></span> <span class='ocrx_word' id='word_1_227' title='bbox 1298 1994 1346 2028; x_wconf 89' lang='lat' dir='ltr'><strong>ab</strong></span> <span class='ocrx_word' id='word_1_228' title='bbox 1383 1994 1569 2034; x_wconf 85' lang='lat' dir='ltr'><strong>hostibus,</strong></span> <span class='ocrx_word' id='word_1_229' title='bbox 1607 2005 1675 2030; x_wconf 90' lang='lat' dir='ltr'><strong>ne·</strong></span> 
     </span>
     <span class='ocr_line' id='line_1_33' title="bbox 174 2052 1655 2098; baseline 0 -11"><span class='ocrx_word' id='word_1_230' title='bbox 174 2063 346 2087; x_wconf 86' lang='lat' dir='ltr'><strong>curruum</strong></span> <span class='ocrx_word' id='word_1_231' title='bbox 370 2052 529 2088; x_wconf 85' lang='lat' dir='ltr'><strong>falcibus</strong></span> <span class='ocrx_word' id='word_1_232' title='bbox 554 2053 758 2093; x_wconf 82' lang='lat' dir='ltr'><strong>laedantur,</strong></span> <span class='ocrx_word' id='word_1_233' title='bbox 785 2053 859 2089; x_wconf 87' lang='lat' dir='ltr'><strong>vid.</strong></span> <span class='ocrx_word' id='word_1_234' title='bbox 878 2053 964 2094; x_wconf 87' lang='lat'>388;</span> <span class='ocrx_word' id='word_1_235' title='bbox 991 2054 1124 2088; x_wconf 82' lang='lat' dir='ltr'><strong>neutro</strong></span> <span class='ocrx_word' id='word_1_236' title='bbox 1140 2053 1223 2088; x_wconf 86' lang='lat' dir='ltr'><strong>loco</strong></span> <span class='ocrx_word' id='word_1_237' title='bbox 1239 2064 1374 2089; x_wconf 88' lang='lat' dir='ltr'><strong>nomen</strong></span> <span class='ocrx_word' id='word_1_238' title='bbox 1392 2053 1527 2098; x_wconf 88' lang='lat' dir='ltr'><strong>gentis,</strong></span> <span class='ocrx_word' id='word_1_239' title='bbox 1553 2053 1655 2088; x_wconf 85' lang='lat' dir='ltr'><strong>cuius</strong></span> 
     </span>
     <span class='ocr_line' id='line_1_34' title="bbox 174 2110 788 2151; baseline 0.003 -6"><span class='ocrx_word' id='word_1_240' title='bbox 174 2110 248 2145; x_wconf 87' lang='lat' dir='ltr'><strong>dux</strong></span> <span class='ocrx_word' id='word_1_241' title='bbox 273 2110 322 2146; x_wconf 88' lang='lat' dir='ltr'><strong>sit</strong></span> <span class='ocrx_word' id='word_1_242' title='bbox 346 2111 594 2151; x_wconf 84' lang='lat' dir='ltr'><strong>Arlasmenus,</strong></span> <span class='ocrx_word' id='word_1_243' title='bbox 621 2111 788 2148; x_wconf 86' lang='lat' dir='ltr'><strong>affertur.</strong></span> 
     </span>
    </p>
   </div>
   <div class='ocr_carea' id='block_1_10' title="bbox 173 2180 1654 2697">
    <p class='ocr_par' dir='ltr' id='par_1_15' title="bbox 268 2180 1654 2227">
     <span class='ocr_line' id='line_1_35' title="bbox 268 2180 1654 2227; baseline 0.004 -12"><span class='ocrx_word' id='word_1_244' title='bbox 268 2180 347 2218; x_wconf 91' lang='grc'><strong>106.</strong></span> <span class='ocrx_word' id='word_1_245' title='bbox 396 2182 569 2227; x_wconf 72' lang='lat' dir='ltr'><strong>Dranyae</strong></span> <span class='ocrx_word' id='word_1_246' title='bbox 602 2193 693 2226; x_wconf 87' lang='lat' dir='ltr'><strong>gens</strong></span> <span class='ocrx_word' id='word_1_247' title='bbox 718 2182 880 2227; x_wconf 88' lang='lat' dir='ltr'><strong>regionis</strong></span> <span class='ocrx_word' id='word_1_248' title='bbox 904 2182 1066 2217; x_wconf 85' lang='lat' dir='ltr'><strong>Arianae</strong></span> <span class='ocrx_word' id='word_1_249' title='bbox 1092 2181 1215 2218; x_wconf 91' lang='lat' dir='ltr'><strong>Strab.</strong></span> <span class='ocrx_word' id='word_1_250' title='bbox 1242 2182 1317 2223; x_wconf 85' lang='lat' dir='ltr'><strong>XV,</strong></span> <span class='ocrx_word' id='word_1_251' title='bbox 1343 2183 1376 2227; x_wconf 83' lang='lat'><strong>2,</strong></span> <span class='ocrx_word' id='word_1_252' title='bbox 1401 2182 1441 2225; x_wconf 86' lang='lat'><strong>8;</strong></span> <span class='ocrx_word' id='word_1_253' title='bbox 1467 2182 1561 2218; x_wconf 90' lang='lat' dir='ltr'><strong>Plin.</strong></span> <span class='ocrx_word' id='word_1_254' title='bbox 1575 2185 1654 2222; x_wconf 85' lang='lat' dir='ltr'><strong>nat.</strong></span> 
     </span>
    </p>

    <p class='ocr_par' dir='ltr' id='par_1_16' title="bbox 173 2298 1654 2697">
     <span class='ocr_line' id='line_1_36' title="bbox 270 2298 1654 2345; baseline 0.003 -13"><span class='ocrx_word' id='word_1_255' title='bbox 270 2298 347 2333; x_wconf 85' lang='lat'>107.</span> <span class='ocrx_word' id='word_1_256' title='bbox 400 2298 607 2344; x_wconf 67' lang='lat' dir='ltr'><strong>Caspiadae,</strong></span> <span class='ocrx_word' id='word_1_257' title='bbox 636 2311 725 2344; x_wconf 85' lang='lat' dir='ltr'><strong>quos</strong></span> <span class='ocrx_word' id='word_1_258' title='bbox 753 2300 903 2345; x_wconf 86' lang='lat' dir='ltr'><strong>Caspios</strong></span> <span class='ocrx_word' id='word_1_259' title='bbox 928 2300 1021 2335; x_wconf 89' lang='lat' dir='ltr'><strong>Plin.</strong></span> <span class='ocrx_word' id='word_1_260' title='bbox 1048 2300 1109 2342; x_wconf 82' lang='lat' dir='ltr'><strong>V1,</strong></span> <span class='ocrx_word' id='word_1_261' title='bbox 1135 2301 1181 2335; x_wconf 87' lang='lat'><strong>39</strong></span> <span class='ocrx_word' id='word_1_262' title='bbox 1213 2301 1390 2342; x_wconf 83' lang='lat' dir='ltr'><strong>nominat,</strong></span> <span class='ocrx_word' id='word_1_263' title='bbox 1417 2301 1482 2336; x_wconf 90' lang='lat' dir='ltr'><strong>ubi</strong></span> <span class='ocrx_word' id='word_1_264' title='bbox 1506 2301 1654 2336; x_wconf 84' lang='lat' dir='ltr'><strong>habita-</strong></span> 
     </span>
     <span class='ocr_line' id='line_1_37' title="bbox 173 2356 1654 2406; baseline 0.003 -15"><span class='ocrx_word' id='word_1_265' title='bbox 173 2356 312 2397; x_wconf 83' lang='lat' dir='ltr'><strong>verint,</strong></span> <span class='ocrx_word' id='word_1_266' title='bbox 344 2369 480 2394; x_wconf 89' lang='lat' dir='ltr'><strong>nomen</strong></span> <span class='ocrx_word' id='word_1_267' title='bbox 508 2358 628 2403; x_wconf 88' lang='lat' dir='ltr'><strong>ipsum</strong></span> <span class='ocrx_word' id='word_1_268' title='bbox 652 2358 803 2399; x_wconf 86' lang='lat' dir='ltr'><strong>indicat,</strong></span> <span class='ocrx_word' id='word_1_269' title='bbox 831 2360 943 2404; x_wconf 86' lang='lat' dir='ltr'><strong>atque</strong></span> <span class='ocrx_word' id='word_1_270' title='bbox 968 2360 1125 2395; x_wconf 62' lang='lat' dir='ltr'><strong>clau-em</strong></span> <span class='ocrx_word' id='word_1_271' title='bbox 1149 2363 1306 2406; x_wconf 89' lang='lat' dir='ltr'><strong>apparet</strong></span> <span class='ocrx_word' id='word_1_272' title='bbox 1332 2372 1412 2396; x_wconf 83' lang='lat' dir='ltr'><strong>esse</strong></span> <span class='ocrx_word' id='word_1_273' title='bbox 1436 2362 1546 2396; x_wconf 83' lang='lat' dir='ltr'><strong>notas</strong></span> <span class='ocrx_word' id='word_1_274' title='bbox 1571 2361 1654 2396; x_wconf 87' lang='lat' dir='ltr'><strong>illas</strong></span> 
     </span>
     <span class='ocr_line' id='line_1_38' title="bbox 174 2415 1654 2465; baseline 0.002 -13"><span class='ocrx_word' id='word_1_275' title='bbox 174 2416 303 2460; x_wconf 75' lang='lat' dir='ltr'><strong>portas</strong></span> <span class='ocrx_word' id='word_1_276' title='bbox 329 2415 491 2462; x_wconf 82' lang='lat' dir='ltr'><strong>Caspias.</strong></span> <span class='ocrx_word' id='word_1_277' title='bbox 540 2417 611 2452; x_wconf 88' lang='lat' dir='ltr'><strong>Eos</strong></span> <span class='ocrx_word' id='word_1_278' title='bbox 643 2417 794 2452; x_wconf 83' lang='lat' dir='ltr'><strong>canibus</strong></span> <span class='ocrx_word' id='word_1_279' title='bbox 819 2429 903 2453; x_wconf 87' lang='lat' dir='ltr'><strong>usos</strong></span> <span class='ocrx_word' id='word_1_280' title='bbox 930 2429 1009 2454; x_wconf 87' lang='lat' dir='ltr'><strong>esse</strong></span> <span class='ocrx_word' id='word_1_281' title='bbox 1033 2419 1071 2453; x_wconf 93' lang='lat' dir='ltr'><strong>in</strong></span> <span class='ocrx_word' id='word_1_282' title='bbox 1097 2419 1196 2455; x_wconf 89' lang='lat' dir='ltr'><strong>bello</strong></span> <span class='ocrx_word' id='word_1_283' title='bbox 1236 2419 1316 2465; x_wconf 90' lang='lat' dir='ltr'><strong>ipse</strong></span> <span class='ocrx_word' id='word_1_284' title='bbox 1352 2422 1466 2464; x_wconf 85' lang='lat' dir='ltr'><strong>poeta</strong></span> <span class='ocrx_word' id='word_1_285' title='bbox 1504 2419 1654 2455; x_wconf 85' lang='lat' dir='ltr'><strong>videtur</strong></span> 
     </span>
     <span class='ocr_line' id='line_1_39' title="bbox 174 2473 1652 2521; baseline 0.004 -13"><span class='ocrx_word' id='word_1_286' title='bbox 174 2473 336 2510; x_wconf 80' lang='lat' dir='ltr'><strong>finxisse:</strong></span> <span class='ocrx_word' id='word_1_287' title='bbox 375 2475 421 2510; x_wconf 91' lang='lat' dir='ltr'><strong>de</strong></span> <span class='ocrx_word' id='word_1_288' title='bbox 447 2475 680 2521; x_wconf 82' lang='lat' dir='ltr'><strong>Colophoniis</strong></span> <span class='ocrx_word' id='word_1_289' title='bbox 719 2478 757 2511; x_wconf 90' lang='lat' dir='ltr'><strong>et</strong></span> <span class='ocrx_word' id='word_1_290' title='bbox 790 2476 1116 2513; x_wconf 84' lang='lat' dir='ltr'><strong>Castabalensibus</strong></span> <span class='ocrx_word' id='word_1_291' title='bbox 1152 2478 1253 2514; x_wconf 87' lang='lat' dir='ltr'><strong>idem</strong></span> <span class='ocrx_word' id='word_1_292' title='bbox 1290 2480 1419 2513; x_wconf 85' lang='lat' dir='ltr'><strong>narrat</strong></span> <span class='ocrx_word' id='word_1_293' title='bbox 1443 2479 1536 2515; x_wconf 86' lang='lat' dir='ltr'><strong>Plin.</strong></span> <span class='ocrx_word' id='word_1_294' title='bbox 1574 2481 1652 2515; x_wconf 86' lang='lat' dir='ltr'><strong>nat.</strong></span> 
     </span>
     <span class='ocr_line' id='line_1_40' title="bbox 175 2532 1654 2583; baseline 0.004 -16"><span class='ocrx_word' id='word_1_295' title='bbox 175 2532 260 2568; x_wconf 83' lang='lat' dir='ltr'><strong>hist.</strong></span> <span class='ocrx_word' id='word_1_296' title='bbox 287 2533 390 2579; x_wconf 83' lang='lat' dir='ltr'><strong>Vm,</strong></span> <span class='ocrx_word' id='word_1_297' title='bbox 423 2535 509 2575; x_wconf 85' lang='lat'>143;</span> <span class='ocrx_word' id='word_1_298' title='bbox 550 2535 694 2570; x_wconf 88' lang='lat' dir='ltr'><strong>Lucret.</strong></span> <span class='ocrx_word' id='word_1_299' title='bbox 720 2535 761 2575; x_wconf 79' lang='lat' dir='ltr'><strong>V,</strong></span> <span class='ocrx_word' id='word_1_300' title='bbox 796 2535 887 2570; x_wconf 86' lang='lat'>1306</span> <span class='ocrx_word' id='word_1_301' title='bbox 922 2538 1051 2572; x_wconf 85' lang='lat' dir='ltr'><strong>tauros</strong></span> <span class='ocrx_word' id='word_1_302' title='bbox 1088 2548 1197 2582; x_wconf 88' lang='lat' dir='ltr'><strong>apros</strong></span> <span class='ocrx_word' id='word_1_303' title='bbox 1234 2538 1360 2573; x_wconf 88' lang='lat' dir='ltr'><strong>leones</strong></span> <span class='ocrx_word' id='word_1_304' title='bbox 1397 2538 1654 2583; x_wconf 85' lang='lat' dir='ltr'><strong>antiquissimo</strong></span> 
     </span>
     <span class='ocr_line' id='line_1_41' title="bbox 176 2592 1653 2641; baseline 0.003 -14"><span class='ocrx_word' id='word_1_305' title='bbox 176 2592 345 2636; x_wconf 64' lang='lat' dir='ltr'><strong>tempore</strong></span> <span class='ocrx_word' id='word_1_306' title='bbox 377 2592 415 2627; x_wconf 89' lang='grc'><strong>111</strong></span> <span class='ocrx_word' id='word_1_307' title='bbox 441 2593 566 2629; x_wconf 87' lang='lat' dir='ltr'><strong>hostes</strong></span> <span class='ocrx_word' id='word_1_308' title='bbox 590 2594 720 2629; x_wconf 84' lang='lat' dir='ltr'><strong>missos</strong></span> <span class='ocrx_word' id='word_1_309' title='bbox 747 2605 826 2630; x_wconf 86' lang='lat' dir='ltr'><strong>esse</strong></span> <span class='ocrx_word' id='word_1_310' title='bbox 851 2597 980 2630; x_wconf 87' lang='lat' dir='ltr'><strong>narrat</strong></span> <span class='ocrx_word' id='word_1_311' title='bbox 1006 2598 1045 2631; x_wconf 88' lang='lat' dir='ltr'><strong>et</strong></span> <span class='ocrx_word' id='word_1_312' title='bbox 1069 2595 1248 2632; x_wconf 84' lang='lat' dir='ltr'><strong>Prudent.</strong></span> <span class='ocrx_word' id='word_1_313' title='bbox 1274 2597 1397 2641; x_wconf 82' lang='lat' dir='ltr'><strong>apoth.</strong></span> <span class='ocrx_word' id='word_1_314' title='bbox 1438 2597 1508 2631; x_wconf 76' lang='lat'><strong>216</strong></span> <span class='ocrx_word' id='word_1_315' title='bbox 1545 2596 1653 2632; x_wconf 83' lang='lat' dir='ltr'><strong>semi—</strong></span> 
     </span>
     <span class='ocr_line' id='line_1_42' title="bbox 177 2649 1175 2697; baseline 0.006 -13"><span class='ocrx_word' id='word_1_316' title='bbox 177 2649 297 2685; x_wconf 83' lang='lat' dir='ltr'><strong>ferum</strong></span> <span class='ocrx_word' id='word_1_317' title='bbox 322 2649 470 2686; x_wconf 87' lang='lat' dir='ltr'><strong>Scotum</strong></span> <span class='ocrx_word' id='word_1_318' title='bbox 496 2653 660 2697; x_wconf 89' lang='lat' dir='ltr'><strong>peiorem</strong></span> <span class='ocrx_word' id='word_1_319' title='bbox 686 2653 853 2688; x_wconf 86' lang='lat' dir='ltr'><strong>nominat</strong></span> <span class='ocrx_word' id='word_1_320' title='bbox 879 2665 991 2690; x_wconf 82' lang='lat' dir='ltr'><strong>cane</strong></span> <span class='ocrx_word' id='word_1_321' title='bbox 1015 2655 1175 2690; x_wconf 88' lang='lat' dir='ltr'><strong>milite.</strong></span> 
     </span>
    </p>
   </div>
  </div>
 </body>
</html>
