1890 3100
213 250 298 292 118
730 248 768 284 C.
794 247 974 282 VALERI
1001 247 1174 284 FLACGI

320 367 441 418 digna
470 368 583 405 satis:
614 380 779 417 magnos
811 367 940 405 obitus
969 373 1187 420 natumque
1217 367 1457 420 domumque

319 438 360 470 et
388 446 515 483 genus
543 432 728 470 Aeolium
757 437 1015 484 pugnataque
1043 446 1210 484 poscere
1239 433 1358 471 bella.
1698 442 1752 472 770

320 503 380 536 est
409 498 527 536 etiam
557 503 650 535 ante
680 498 816 536 oculos
847 510 989 536 aevum
1017 497 1125 536 rudis
1156 498 1283 537 altera
1310 498 1456 550 proles,

318 563 503 614 ingentes
533 563 684 601 animos
715 569 755 601 et
782 562 901 601 fortia
929 562 1084 602 discere
1113 564 1220 602 facta

320 641 437 680 quem
465 627 563 666 velit
592 634 712 680 atque
742 628 834 665 olim
862 628 934 667 leti
961 629 1190 667 meminisse
1218 629 1385 680 paterni.

321 707 414 744 ergo
446 706 558 731 saera
586 699 718 731 novat.
774 694 924 732 veteris
954 694 1026 732 sub
1056 700 1174 732 nocte
1204 694 1383 745 cupressi

319 758 500 797 sordidus
531 764 572 797 et
598 759 724 796 multa
750 758 907 810 pallens
935 759 1138 810 ferrugine
1166 765 1303 798 taurus
1701 773 1757 801 775

214 871 393 913 similiter,
432 873 474 906 ut
507 871 634 906 dicunt
664 871 822 906 Romani
854 871 995 906 bellum
1019 871 1188 906 laborem
1215 871 1341 906 munia
1371 870 1544 906 militiam
1575 869 1701 906 officia

213 930 380 976 pericula
405 930 451 965 al.
479 941 683 976 capessere.

308 989 387 1026 769.
437 1001 583 1035 maynos
620 991 737 1026 obitus
773 990 794 1026 i.
824 1001 855 1026 e.
882 990 1156 1035 magnanimos,
1192 991 1235 1025 ut
1269 989 1363 1025 Stat.
1398 989 1515 1025 Theb.
1541 989 1604 1031 IX,
1631 988 1700 1023 491

211 1060 361 1095 masmae
385 1050 488 1094 copia
511 1050 649 1091 morti&
683 1050 726 1091 X,
752 1049 822 1084 835
846 1060 996 1095 maynae
1021 1050 1108 1084 data
1130 1049 1233 1092 fama
1257 1051 1344 1085 neci.

308 1109 387 1144 770.
431 1113 598 1154 puymzta
621 1130 667 1135 --—
694 1109 792 1145 bella.
823 1110 866 1143 ut
896 1109 983 1144 Hor.
1012 1120 1067 1154 ep.
1100 1109 1128 1150 I,
1157 1108 1211 1149 16,
1238 1109 1300 1150 253
1333 1109 1446 1154 Verg.
1477 1109 1570 1145 Aen.
1595 1108 1700 1150 VIII,

213 1168 297 1211 6293
325 1168 480 1214 saepius,
509 1168 622 1204 etiam
647 1168 686 1202 in
710 1179 828 1213 prosa,
850 1179 1012 1214 puynam
1035 1179 1215 1213 pugnare.

308 1227 387 1263 771.
438 1227 550 1262 Filius
575 1227 696 1263 minor
728 1227 881 1263 Aesonis
914 1227 1013 1273 apud
1044 1227 1152 1263 Diod.
1185 1227 1246 1268 IV,
1273 1227 1320 1262 50
1346 1228 1384 1263 et
1414 1227 1587 1272 Apollod.
1612 1227 1640 1269 L
1667 1227 1701 1269 9,

214 1288 269 1328 27,
296 1287 318 1321 2
344 1287 566 1322 Promaclms
590 1286 814 1322 nominatur.
1528 1327 1531 1329 ,

309 1357 431 1381 aevum
471 1347 574 1382 rudis
620 1347 712 1382 nota
759 1346 1035 1382 constructione
1086 1357 1224 1392 graeca
1266 1346 1401 1381 dicitur
1441 1357 1551 1392 puer;
1602 1346 1704 1392 apud

215 1406 427 1441 Martialem
451 1406 511 1441 vel
538 1405 615 1441 solo
642 1405 825 1441 adiectivo
850 1405 1013 1451 pueritia
1037 1405 1225 1441 indicatur
1249 1405 1331 1442 VII.
1357 1405 1412 1448 95,
1439 1405 1462 1440 8
1485 1406 1565 1448 filia
1588 1405 1700 1441 rudis.

309 1466 389 1501 772.
439 1467 595 1510 inqentes
621 1466 773 1509 anim083
802 1465 867 1500 Ov.
889 1466 978 1501 met.
996 1466 1023 1507 I,
1052 1465 1135 1507 166;
1162 1465 1272 1510 Verg.
1292 1476 1419 1510 georg.
1437 1464 1498 1506 IV,
1525 1465 1588 1507 83;
1614 1464 1701 1500 Luc.

214 1524 315 1566 VIII,
343 1524 412 1559 266
440 1524 485 1560 al.

314 1584 393 1619 773.
443 1583 499 1620 De
526 1595 625 1628 quem
662 1584 881 1629 pronomine
913 1583 1071 1619 relativo
1102 1582 1311 1629 postposito
1347 1582 1412 1619 cfr.
1445 1585 1473 1626 1,
1500 1583 1585 1626 3733
1612 1583 1703 1626 414;

213 1643 300 1686 4763
327 1642 375 1683 II,
403 1643 487 1689 1395
511 1643 598 1686 4873
625 1643 692 1685 III,
720 1643 805 1685 619,
832 1643 892 1684 IV,
920 1643 1004 1685 3683
1039 1642 1128 1689 5573
1162 1642 1247 1685 589;
1274 1642 1361 1688 6113
1387 1642 1474 1687 6143
1500 1642 1585 1686 650;
1613 1642 1700 1684 684;

215 1702 300 1748 742;
327 1703 414 1744 7443
441 1703 483 1743 V,
502 1702 565 1744 863
592 1702 677 1744 660;
703 1702 766 1744 VI,
786 1702 871 1745 2043
899 1702 985 1744 35&
1013 1702 1098 1744 5933
1125 1701 1205 1743 VH,
1225 1702 1287 1743 20,
1316 1702 1378 1744 51;
1405 1702 1493 1746 3163
1517 1701 1620 1747 VIII,
1639 1702 1701 1744 59;

214 1761 300 1806 2563
327 1761 473 1806 aliaque
499 1762 669 1807 exempla
695 1773 769 1797 non
793 1773 915 1807 pauca
924 1775 931 1804 ;
957 1762 1044 1807 post
1068 1773 1231 1797 nonum
1251 1761 1344 1797 adeo
1362 1761 1574 1797 sententiae
1591 1773 1704 1797 voca-

215 1821 344 1856 bulum
368 1821 507 1866 legitur
531 1821 593 1863 VI,
621 1821 701 1857 641.

312 1881 391 1916 774.
443 1880 588 1916 ‘Omnia
613 1880 673 1916 hic
698 1880 899 1916 infernalia
923 1880 1002 1916 fere
1027 1880 1155 1916 verba’
1181 1880 1383 1917 Burmann.

310 1944 410 1975 nocte
433 1940 455 1976 i.
484 1951 515 1976 e.
542 1940 660 1985 spissa
685 1940 836 1984 umbra3
863 1940 930 1975 cfr.
949 1939 1052 1980 VIII,
1079 1940 1136 1976 25.
1163 1953 1164 1958 ¹

310 2000 391 2036 775.
439 2000 622 2035 sordidum
646 2000 717 2035 hoc
742 2000 824 2036 loco
848 2001 1001 2045 praeter
1025 2011 1132 2035 usum
1154 1999 1324 2038 Valerius
1349 1998 1520 2035 nominat
1542 2000 1703 2040 taurum,

216 2070 325 2104 quem
362 2059 417 2094 dis
457 2059 587 2095 inferis
617 2059 743 2095 Aeson
778 2059 1036 2095 immolaturus
1075 2060 1151 2105 est;
1188 2060 1348 2095 fortasse
1385 2058 1420 2094 ei
1458 2059 1546 2094 ante
1579 2058 1706 2094 oculos

215 2119 486 2154 obversabatur
522 2118 626 2154 notio
657 2119 816 2154 sordium
855 2120 892 2154 et
929 2119 1116 2159 sordidati,
1155 2129 1249 2164 quae
1286 2129 1396 2154 voces
1426 2117 1619 2164 pertinent
1655 2117 1704 2152 ad

214 2178 356 2213 luctum
380 2178 535 2223 propter
558 2179 747 2213 mortuum
771 2178 1031 2220 indicandum;
1059 2177 1124 2213 cfr.
1153 2178 1267 2213 etiam
1282 2178 1395 2223 Verg.
1420 2178 1512 2214 Aen.
1537 2176 1598 2219 VI,
1622 2176 1704 2218 301,

214 2237 279 2271 ubi
306 2236 484 2272 Charontn'
508 2237 678 2272 sordidus
705 2237 860 2272 amictus
885 2237 1074 2273 tribuitur.

306 2296 451 2341 ferruyo
475 2296 618 2331 indicat
654 2296 816 2332 colorem
842 2296 921 2332 fere
948 2298 1069 2331 atrum
1099 2296 1392 2338 ‘dunkelbraun’,
1433 2295 1498 2332 cfr.
1525 2294 1628 2332 Serv,
1655 2295 1705 2330 ad

214 2356 325 2400 Verg.
352 2366 479 2400 georg.
506 2357 534 2396 I,
560 2355 646 2397 467;
673 2367 747 2391 non
772 2356 930 2391 multum
956 2355 1083 2391 differt
1109 2356 1210 2391 color
1227 2355 1462 2400 ferrugineus
1480 2366 1502 2391 a
1519 2354 1702 2395 caeruleo,

216 2413 282 2450 cfr.
326 2414 448 2452 Plaut.
486 2414 562 2450 Mil.
602 2414 694 2449 1179
731 2416 920 2459 palliolum
959 2416 1090 2450 habeas
1125 2415 1381 2460 ferruyirwum:
1419 2424 1505 2449 nam
1540 2414 1574 2448 is
1609 2413 1705 2448 colo-3

214 2474 460 2515 thalassicust3
498 2474 541 2507 ut
579 2474 705 2508 autem
743 2474 934 2509 caeruleus
973 2475 1074 2510 color
1111 2474 1261 2520 proprie
1307 2473 1443 2508 dicitur
1477 2472 1611 2514 maris,
1651 2472 1704 2507 sic

215 2532 429 2574 inferorum,
455 2532 555 2567 unde
581 2534 761 2567 caeruleae
784 2533 903 2568 vittae
928 2546 962 2568 v.
980 2533 1057 2575 776,
1086 2535 1125 2569 et
1150 2533 1230 2569 fere
1254 2532 1355 2568 idem
1379 2531 1523 2567 indicat
1545 2531 1702 2576 ferrugi-

216 2584 307 2627 neus
331 2591 431 2627 tauri
457 2591 574 2634 color;
601 2591 653 2627 sic
666 2591 851 2636 Vergilius
870 2603 1013 2637 quoque
1041 2592 1213 2637 cymbam
1236 2590 1431 2628 charontis
1449 2590 1703 2636 ferrugineam

216 2650 384 2686 nominat
421 2650 514 2688 Aen.
549 2650 611 2692 VI,
651 2650 737 2697 3033
790 2650 855 2686 cfr.
896 2651 1008 2686 etiam
1058 2651 1208 2687 Dureau
1259 2650 1306 2685 ad
1351 2651 1449 2685 hunc
1484 2649 1607 2685 locum
1655 2649 1703 2701 de

217 2709 415 2755 ferruginis
441 2709 564 2746 colore
591 2709 796 2744 accuratius
830 2709 1095 2754 disputantem.
1146 2709 1241 2745 Sane
1278 2709 1363 2744 huic
1398 2708 1511 2744 colori
1542 2708 1704 2753 patiendi
