1890 3100
612 222 997 260 ARGONAVTICON
1021 223 1168 258 LIBER
1191 223 1235 257 V.
1583 223 1668 266 361

295 357 473 397 aequora
501 350 645 382 cuncta
670 357 849 382 movens.
903 349 947 382 at
972 343 1127 382 vellera
1153 342 1293 380 Martis
1318 341 1362 379 in
1389 341 1531 379 umbra

294 410 381 461 ipse
409 409 472 447 sui
497 409 669 447 Phrixus
697 415 996 447 monumentum
1021 408 1180 459 insigne
1207 406 1348 459 pericli

293 473 468 526 liquerat
493 474 649 512 ardenti
677 472 867 526 quercum
895 473 1106 524 complexa
1132 472 1310 511 metallo.

296 538 498 592 quondam
526 539 645 578 etiam
672 539 819 577 tacitae
846 539 956 576 visus
984 551 1058 590 per
1083 545 1265 589 tempora
1290 538 1419 576 noctis

296 604 431 656 effigIe
458 611 584 651 vasta,
615 616 877 656 socerumque
906 603 1100 642 exterruit
1126 603 1271 654 ingens

294 669 452 722 prodita
477 683 575 708 vox:
606 675 641 708 ‘o
669 669 738 721 qui
764 669 894 720 patria
920 668 1066 707 tellure
1094 668 1277 720 fugatum

295 740 635 787 quaerentemque
662 733 802 772 domos
828 734 891 772 his
919 747 983 772 me
1013 732 1222 772 considere
1249 745 1392 785 passus

294 799 470 846 sedibus,
499 799 635 838 oblata
661 812 855 850 generum
883 812 977 837 mox
1002 799 1115 851 prole
1142 799 1291 850 petisti,
1673 809 1729 838 235

294 870 391 903 tunc
417 865 490 903 tibi
516 877 730 916 reg-norum
757 865 871 903 labes
899 865 1113 917 luctusque
1142 870 1368 916 supersunt,

291 935 408 981 rapta
435 936 620 982 soporato
648 930 797 968 fuerint
826 943 915 968 cum
942 929 1097 968 vellera
1123 929 1226 968 luco.

291 1001 503 1047 praeterea
528 995 711 1033 infernae
739 1008 844 1047 quae
871 1008 978 1033 nunc
1006 1001 1163 1033 sacrata
1189 995 1350 1033 Dianae

293 1059 372 1099 fert
399 1065 531 1098 castos
558 1059 706 1099 Medea
733 1060 887 1106 choros,
918 1061 1158 1112 quicumque
1185 1073 1395 1111 procorum

293 1131 411 1177 pacta
437 1131 562 1177 petat,
589 1131 750 1164 maneat
776 1126 911 1177 regnis
939 1139 991 1164 ne
1020 1126 1133 1176 virgo
1161 1125 1363 1177 paternis’.
1672 1128 1729 1158 240

295 1189 396 1228 dixit
422 1196 463 1228 et
491 1189 652 1228 admota
678 1191 829 1242 pariter
854 1191 994 1229 fatalia
1019 1191 1130 1229 visus

283 1314 365 1351 227.
414 1317 550 1349 astrum
573 1314 612 1348 in
637 1314 742 1350 caelo
766 1314 940 1360 apparuit
970 1314 1089 1350 forma
1113 1314 1231 1350 simile
1255 1314 1364 1350 arieti
1390 1325 1414 1349 a
1437 1313 1576 1349 Phrixo
1608 1313 1675 1347 im·

186 1373 328 1408 molati.

281 1443 362 1479 228.
412 1443 548 1478 Martis
570 1444 610 1478 in
625 1444 752 1479 umbra
775 1443 812 1480 i..
826 1455 857 1480 e.
882 1445 977 1486 luco,
1003 1446 1047 1479 ut
1062 1444 1148 1486 VII,
1173 1445 1236 1486 55;
1261 1445 1373 1489 Verg.
1391 1455 1520 1489 georg.
1538 1444 1567 1485 L
1588 1443 1674 1486 157;

186 1503 332 1549 saepius
356 1504 502 1539 umbrae
525 1503 690 1548 singulas
715 1504 869 1540 arbores
895 1504 996 1549 apud
1019 1506 1154 1550 poetas
1178 1504 1401 1550 significant.

222 1574 226 1576 ’
281 1573 362 1610 229.
412 1574 468 1610 De
493 1574 682 1610 sententia
706 1574 772 1610 cfr.
798 1575 909 1620 Verg.
934 1575 1027 1613 Aen.
1052 1575 1137 1616 ΧΠ,
1165 1575 1233 1610 767
1259 1586 1360 1620 seqq.

267 1645 363 1682 232.
411 1656 585 1683 soca-um:
609 1646 777 1687 Aeetam,
803 1647 865 1692 qui
879 1646 1017 1682 Phrixo
1036 1646 1262 1692 Chalciopen
1277 1646 1393 1682 filiam
1416 1647 1456 1681 in
1481 1647 1675 1683 matrimo-

182 1703 290 1740 n‘um
313 1704 485 1741 dederat.

279 1774 362 1811 236.
409 1780 603 1820 sapatum
626 1776 648 1812 i.
674 1787 706 1813 e.
731 1776 964 1819 redundant;
991 1777 1039 1812 de
1055 1777 1235 1812 vaticinio
1253 1776 1319 1813 cfr.
1338 1777 1434 1822 Hyg.
1455 1777 1532 1813 fab.
1550 1777 1674 1813 XXH.

186 1833 291 1877 Quod
304 1835 395 1880 apte
405 1835 555 1881 quidem
565 1846 589 1870 a
602 1835 749 1871 Vaierio
759 1838 1069 1872 commemoratur
1079 1836 1129 1871 ad
1139 1836 1443 1881 intellegendum,
1459 1848 1524 1872 cur
1536 1837 1677 1872 Aeetes

184 1893 242 1928 ira
262 1894 436 1930 incensus
459 1906 508 1930 ne
531 1906 685 1930 aureum
699 1895 820 1931 vellus
836 1895 962 1931 Iasoni
978 1896 1088 1931 daret
1111 1896 1351 1937 recusaverit,
1378 1896 1446 1931 sed
1471 1907 1544 1931 non
1570 1897 1675 1932 recte

186 1951 288 1994 fecit,
314 1953 415 1998 quod
439 1953 562 1999 ipsum
587 1954 762 1989 Phrixum
787 1955 882 1990 haec
906 1955 1050 1991 Aeetae
1084 1955 1315 2001 aperientem
1345 1955 1490 1990 inducit
1514 1955 1676 1991 suaden-

184 2013 352 2059 temque,
389 2014 433 2048 ut
463 2013 638 2049 Medeam
669 2025 713 2049 ex
744 2014 869 2060 regnis
894 2015 1060 2060 paternis
1086 2016 1279 2057 amoveat;
1317 2026 1406 2050 nam
1431 2015 1526 2050 haec
1552 2014 1677 2050 omnia

187 2071 312 2108 Iasoni
335 2072 506 2118 populari
532 2074 571 2108 et
596 2073 870 2118 consanguineo
896 2074 1056 2109 adversa
1080 2075 1201 2109 erant.

280 2143 363 2180 237.
412 2147 582 2187 soporato
624 2144 749 2179 -luco
774 2144 908 2180 audaci
931 2146 1158 2190 metonymia
1182 2144 1275 2180 dicit
1296 2148 1411 2190 poeta
1426 2157 1494 2191 pro
1514 2145 1675 2181 dracone

185 2201 228 2237 in
252 2202 337 2238 luco
361 2204 552 2245 versante;
591 2215 665 2238 non
695 2204 777 2238 tam
801 2204 981 2239 audacter
1004 2204 1165 2249 positum
1190 2205 1259 2242 est.
1285 2204 1353 2240 sed
1378 2204 1547 2240 similiter
1571 2206 1675 2240 certe

187 2261 290 2307 apud
313 2261 440 2298 Iuven.
467 2261 539 2302 ΠΙ,
565 2262 610 2296 16
635 2263 753 2298 eiectis
777 2263 951 2298 mendicat
973 2264 1065 2299 silva
1090 2263 1261 2300 Camenis.

281 2331 364 2368 239.
410 2333 483 2375 fert
508 2353 550 2360 —·
580 2334 720 2376 chorax
757 2334 834 2370 vid.
859 2334 909 2369 ad
945 2334 1007 2376 IV,
1045 2335 1127 2371 282.
1177 2335 1279 2378 Quae
1316 2338 1531 2381 sequuntur,
1569 2336 1673 2371 reete

186 2389 314 2428 Burm.
339 2391 541 2437 explicavit
563 2404 633 2437 pro
657 2403 876 2438 quecumque,
903 2394 1002 2438 quod
1020 2396 1078 2430 est
1095 2394 1135 2429 in
1152 2395 1249 2439 Vat.,
1275 2396 1483 2440 quicumque
1499 2394 1675 2439 scribens,

189 2449 420 2496 ‘quicumque
443 2462 639 2500 procorum
657 2451 856 2487 conubium
870 2454 989 2498 petat,
1018 2465 1102 2489 eum
1119 2455 1298 2499 sequatur
1315 2454 1432 2499 virgo,
1450 2465 1506 2489 ‘ne
1522 2455 1676 2489 maneat

187 2507 229 2543 in
250 2509 376 2555 regnis
392 2510 589 2555 paternis⁷;
609 2515 721 2555 pacta
745 2511 768 2547 i.
788 2522 818 2547 e.
844 2512 1122 2548 matrimonium
1146 2513 1225 2549 sive
1243 2513 1442 2559 sponsalia,
1469 2513 1554 2548 vide
1571 2512 1674 2553 VIII,

189 2565 279 2610 221;
302 2567 389 2603 401:
416 2570 537 2615 ‘mogo
562 2569 615 2605 sie
633 2569 687 2605 als
703 2569 890 2615 Jungfrau
914 2571 1020 2607 nicht
1042 2571 1094 2606 im
1111 2571 1339 2608 vaterlichen
1355 2571 1495 2607 Reic‘ne
1513 2572 1674 2609 bleiben.

189 2625 384 2671 gieiohviel
409 2639 487 2663 wer
508 2640 573 2663 um
588 2628 642 2664 sie
658 2629 809 2665 werhen
826 2629 966 2672 sollte'3
992 2631 1039 2666 de
1056 2632 1263 2676 quicumque
1278 2631 1505 2676 pronominis
1522 2631 1676 2667 notione

190 2683 260 2722 cfr.
285 2684 355 2727 m,
379 2685 466 2729 6423
492 2686 579 2723 Hor.
604 2690 674 2723 sat.
700 2688 730 2733 1,
756 2688 788 2729 6,
814 2688 871 2725 95.
