1890 3100
538 181 927 218 ARGONAVTICON
952 181 1100 216 LIBER
1125 181 1187 216 IV.
1551 178 1639 224 327.

261 308 393 341 castra
419 302 475 340 ibi
502 303 581 340 iam
611 302 803 352 Scythiae
831 301 1088 352 fraternaque
1118 302 1245 351 surgit
1272 301 1445 351 Erinys:

264 367 354 419 ipse
380 373 516 406 truces
544 367 627 405 illic
656 366 830 405 Colchos
859 367 1098 418 hostemque
1127 365 1285 404 iuvabis

262 432 432 473 auxiliis.
489 446 565 470 nec
592 433 708 483 plura
736 430 923 483 equidem
953 430 1181 468 discrimina
1209 443 1341 468 cerno.

261 497 344 536 fors
375 499 495 536 etiam
524 504 700 548 optatam
728 496 888 534 dabitur
914 496 1147 546 contingere
1176 495 1338 546 pellem.
1639 492 1688 522 Μ

262 562 336 602 sed
362 568 403 601 te
432 576 511 600 non
541 563 684 600 animis
712 575 788 600 nec
816 561 912 599 solis
940 560 1090 598 viribus
1120 573 1290 612 aequom

262 627 444 675 credere3
476 640 597 678 saepe
626 627 707 665 acri
733 626 865 677 potior
890 625 1104 676 prudentia
1131 625 1285 663 dextra.

263 707 382 745 quam
409 693 546 730 tulerit
574 691 686 738 deus,
715 692 845 742 arripe
875 704 1005 742 opem.
1061 691 1221 742 iamque
1250 691 1391 728 ultima
1417 690 1534 728 nobis

260 771 443 809 promere
471 757 554 795 fata
581 757 716 804 nefas;
746 757 832 795 sine
860 769 926 795 me
954 756 1120 807 precor'.
1177 762 1298 807 atque
1327 756 1383 794 ita
1410 755 1518 794 facto

259 823 340 861 fine
368 822 479 861 dedit
506 823 637 861 tacitis
665 822 809 860 iterum
837 835 1030 873 responsa
1057 821 1249 859 tenebris.
1641 812 1697 842 ⁶²⁷³

316 888 420 926 Tum
450 887 583 926 subita
609 887 763 925 resides
793 888 922 925 socios
951 885 1162 924 formidine
1191 886 1314 924 Iason

259 953 495 1004 praecipitat
522 953 748 1004 rumpitque
777 965 908 990 moras
935 958 1176 1003 tempusque
1204 950 1383 990 timendi.

247 1083 327 1118 617.
374 1083 539 1125 fraterna
566 1104 606 1108 —
635 1083 792 1128 Erinyae
820 1082 891 1117 vid.
918 1082 988 1123 IH,
1013 1082 1085 1116 492
1110 1093 1211 1126 seqq.

248 1142 328 1178 618.
378 1143 495 1178 hostes
533 1141 661 1177 Colchi
702 1142 943 1177 nominantur
992 1143 1149 1187 propter
1191 1152 1256 1176 ea.
1303 1152 1400 1185 quae
1441 1141 1479 1176 in
1519 1141 1645 1176 reditu

155 1202 380 1245 evenerunt3
404 1212 533 1246 pugna
546 1202 616 1236 hoc
628 1212 738 1236 versu
751 1201 918 1236 indicata
925 1200 1150 1235 describitur
1160 1200 1250 1236 inde
1258 1201 1307 1235 ab
1315 1200 1423 1235 initio
1437 1199 1526 1234 libri
1535 1199 1642 1235 sexti.

248 1272 329 1308 620.
375 1272 455 1315 fors
493 1284 544 1309 sc.
585 1284 690 1307 amor
732 1273 908 1309 Medeae:
955 1272 1083 1317 paullo
1134 1271 1300 1317 apertius
1340 1271 1504 1307 Phineus
1545 1271 1647 1317 apud

154 1331 274 1377 ApolL
300 1331 351 1373 11,
377 1331 449 1374 425
485 1331 532 1367 de
570 1331 707 1366 auxilio
733 1331 889 1366 Veneris
924 1331 1100 1375 loquitur,
1139 1330 1207 1365 sed
1243 1342 1291 1366 ne
1322 1330 1376 1365 ibi
1403 1330 1554 1375 quidem
1578 1330 1644 1371 ita,

154 1393 197 1426 ut
219 1391 332 1436 plane
356 1391 599 1436 Argonautae
635 1390 766 1434 sciant,
806 1401 880 1435 qua.
916 1392 1064 1425 ratione
1101 1389 1270 1424 futurum
1294 1390 1352 1431 sit,
1391 1391 1434 1424 ut
1470 1389 1647 1425 auxilium

155 1449 234 1485 eius
259 1449 354 1486 deae
378 1449 450 1484 sibi
477 1449 684 1494 contingat.

248 1509 459 1554 mutinam-e,
485 1521 561 1544 non
584 1508 705 1544 solum
725 1510 904 1554 ‘tangere’
931 1510 973 1543 ut
998 1510 1057 1544 est
1081 1508 1163 1544 loco
1190 1507 1300 1542 simili
1326 1508 1414 1544 Hor.
1429 1508 1521 1543 artis
1545 1510 1647 1554 poet.

154 1567 235 1609 412,
261 1567 327 1603 sed
354 1566 532 1613 ‘adipisci’
544 1581 552 1609 ;
579 1567 646 1604 cfr.
673 1568 759 1603 Luc.
773 1567 816 1609 V,
842 1568 912 1602 383
936 1579 1111 1603 summum
1127 1567 1283 1602 dictator
1298 1568 1465 1603 honorem
1481 1569 1647 1613 euuigin

157 1626 268 1667 Mart.
305 1627 349 1669 X,
386 1627 443 1665 64,
483 1628 501 1661 1
540 1627 727 1672 σοηιίρεή3
762 1629 888 1672 reyina
924 1638 1017 1662 meos
1051 1628 1085 1662 si
1125 1627 1229 1662 Polla
1264 1627 1413 1670 libello83
1477 1627 1651 1662 similiter

157 1678 250 1721 dicit
271 1683 341 1722 'Ov.
366 1686 463 1721 trist.
489 1686 518 1727 L
558 1687 589 1727 1,
618 1686 685 1720 106
710 1687 910 1732 ccmtinqere
934 1687 1075 1721 donnum
1098 1687 1123 1722 i.
1149 1698 1180 1722 e.
1206 1687 1349 1722 intrare
1375 1688 1415 1722 et
1440 1686 1467 1726 L
1508 1686 1563 1727 10,
1600 1686 1650 1721 43

156 1735 287 1781 urban.

252 1805 333 1839 624.
382 1805 467 1840 sileo
493 1806 591 1842 Vat..
616 1806 693 1840 sine
718 1817 769 1840 me
794 1805 934 1851 scripsi,
960 1806 982 1841 i.
1012 1817 1042 1840 e.
1069 1805 1146 1840 noli
1171 1805 1332 1851 amplius
1359 1817 1403 1841 ex
1440 1816 1501 1840 me
1531 1816 1641 1850 quae-

157 1874 259 1910 rere;
285 1863 352 1900 cfr.
378 1864 461 1899 Ter.
487 1864 555 1900 Ad.
582 1864 668 1906 321;
707 1865 842 1901 Heaut.
867 1865 947 1900 tim.
974 1864 1031 1900 90.

252 1923 333 1959 625.
382 1923 526 1959 Iterum
561 1923 824 1959 taciturnitate
861 1935 928 1958 sua
966 1935 1145 1969 responsa
1181 1924 1349 1960 tenebris
1375 1923 1554 1965 obvolvit,
1581 1923 1648 1971 cfr·

157 1982 208 2018 ad
230 1981 280 2023 IL
304 1982 368 2025 35;
416 1982 579 2028 primum
602 1994 782 2028 responsa
805 1983 940 2018 Phinei
965 1983 1123 2018 obscura
1149 1986 1268 2018 eraut.
1296 1995 1381 2018 cum
1406 1983 1453 2018 de
1481 1970 1651 2028 Symple-

159 2041 319 2088 gadibus
344 2041 497 2078 diceret.

252 2100 332 2136 626.
383 2100 548 2136 Fortiter
572 2112 613 2136 se
638 2101 737 2146 gerit
762 2100 872 2136 Iason
897 2101 999 2146 apud
1022 2102 1176 2146 poetam
1202 2101 1421 2142 Romanum,
1449 2101 1514 2146 qui
1529 2101 1651 2137 socios

159 2159 290 2201 statim
314 2159 365 2195 ad
378 2160 691 2206 proficiscendum
707 2161 890 2200 hortetur,
909 2171 994 2195 cum
1010 2160 1112 2205 apud
1128 2160 1366 2205 Apollonium
1386 2161 1499 2196 valde
1513 2161 1643 2196 auxius

159 2217 208 2255 de
231 2220 332 2264 sorte
357 2218 487 2254 futura
524 2219 639 2255 etiam
678 2219 900 2260 sciscitetur,
938 2231 1028 2254 num
1065 2219 1154 2255 felix
1191 2220 1230 2254 in
1269 2219 1466 2256 Graeciam
1502 2220 1645 2256 reditus

159 2277 231 2315 sibi
252 2279 408 2324 paratus
433 2278 485 2313 sit
507 2278 554 2320 IL
579 2279 652 2313 410
675 2290 776 2324 seqq.
804 2278 963 2314 Omnino
989 2278 1105 2314 fusius
1137 2282 1290 2314 enarrat
1326 2281 1442 2325 poeta
1469 2279 1643 2321 Graecus,

160 2347 256 2382 quae
281 2348 459 2383 responso
485 2337 575 2373 dato
599 2338 639 2372 in
664 2338 775 2373 domo
800 2338 934 2373 Phinei
959 2338 1063 2373 facta
1088 2338 1162 2373 sint
1186 2338 1387 2375 428—538.

167 2435 172 2438 >
220 2442 221 2445 ,
254 2407 335 2444 627.
378 2410 599 2453 praecipitat
634 2409 657 2443 i.
696 2420 727 2444 e.
766 2409 815 2444 ad
850 2409 1159 2454 proficiscendum
1195 2410 1369 2446 celeriter
1405 2410 1557 2453 incitat;
1589 2410 1641 2445 sic

159 2465 407 2512 mbespraaec.
452 2467 615 2512 11,*517;
648 2472 774 2512 patres
797 2467 840 2510 V,
866 2468 952 2509 269;
991 2479 1096 2514 equos
1122 2469 1188 2505 Ov.
1216 2469 1301 2506 fast.
1329 2469 1390 2506 IV.
1416 2469 1505 2513 6743
1532 2470 1650 2505 hostes

162 2523 248 2562 Iane.
272 2525 335 2568 lv,
360 2527 450 2569 208;
485 2532 629 2563 mentem
654 2527 764 2573 Verg.
789 2528 881 2563 Aen.
902 2527 949 2567 IL
976 2528 1063 2570 3173
1099 2529 1217 2571 fatum
1234 2528 1296 2565 Sil.
1314 2529 1343 2569 Ι,
1363 2529 1450 2572 691;
1476 2530 1646 2564 attmtitos

161 2582 212 2623 H..
237 2584 323 2628 222;
359 2587 456 2622 viros
480 2586 574 2622 Stat.
601 2587 691 2622 Ach.
718 2587 748 2627 I,
781 2587 868 2628 442;
905 2588 996 2623 soles·
1019 2587 1137 2623 Theb.
1170 2587 1233 2627 VI,
1260 2589 1346 2630 362:
1387 2589 1514 2624 senile-9
1538 2593 1644 2623 artu-9
