1890 3100
230 210 314 252 196
775 204 812 241 O.
840 204 1019 240 VALERI
1044 203 1218 239 FLACOI

334 327 469 372 frater,
498 339 611 377 agor;
641 325 788 363 frustra
816 325 933 363 vacui
963 324 1150 362 scrutaris
1180 323 1345 370 Averni,

337 405 440 439 care,
471 391 570 430 vias.
627 403 759 442 neque
790 390 895 428 enim
925 389 1101 441 seopulis
1130 402 1193 427 me
1225 394 1265 427 et
1293 387 1478 426 fluctibus
1509 392 1638 425 actam

336 458 484 508 frangit
512 457 686 507 hiemps;
717 455 839 493 celeri
868 455 1070 507 extemplo
1101 454 1260 492 subiere
1290 458 1473 491 ruentem

338 522 565 574 Cymothoe
596 521 856 572 Glaucusque
885 534 1023 568 manu3
1053 525 1168 572 pater
1195 520 1281 571 ipse
1310 516 1498 570 profundi
1719 529 1774 560 605

337 588 409 626 has
441 587 561 626 etiam
591 586 722 633 sedes,
754 586 855 625 haee
882 587 1045 626 numine
1075 584 1238 623 tradidit
1268 597 1397 636 aequo

337 666 463 704 regna
490 666 566 692 nec
595 652 703 690 Inois
732 657 870 691 noster
899 652 1008 689 sinus
1039 650 1192 689 invidet
1223 649 1364 688 undis)

339 717 506 765 dixerat,
538 723 579 757 et
607 723 781 757 maestos
810 716 1027 769 tranquilla
1057 716 1129 755 sub
1160 728 1336 768 aequora
1363 713 1499 752 vultus

339 797 430 822 cum
458 784 610 835 gemitu
638 783 741 830 tulit,
772 789 816 821 ut
844 782 962 834 patrii
990 781 1146 820 rediere
1176 780 1346 819 dolores.

337 855 422 887 tum
450 849 598 900 pelago
627 849 720 886 vina
747 849 963 898 invergens
995 846 1076 884 dux
1104 846 1250 885 talibus
1280 845 1383 883 infit:
1724 856 1777 885 610

342 913 549 952 ‘undarum
580 913 702 952 decus
733 919 772 952 et
801 913 944 964 gentis,
977 911 1169 950 Cretheia
1197 912 1321 962 virgo,

340 979 471 1031 pande
501 971 606 1017 viam
637 992 834 1030 cursuque
863 983 953 1015 tuos
984 990 1071 1028 age,
1103 976 1205 1023 diva,
1237 975 1438 1014 secundo.'

394 1045 654 1096 Immittitque
683 1049 811 1082 ratem
838 1041 1073 1094 mediasque
1102 1041 1317 1080 intervolat
1345 1041 1477 1089 urbes,

343 1124 422 1162 qua
449 1109 639 1148 brevibus
669 1109 764 1146 furit
793 1114 928 1146 aestus
959 1107 1074 1159 aquis
1103 1107 1324 1158 Asiamque
1353 1111 1601 1158 prementem

346 1175 486 1226 effugit
516 1175 695 1226 abruptis
725 1174 890 1225 Europa
918 1172 1128 1210 immanior
1157 1172 1246 1210 oris.
1728 1185 1782 1214 615

237 1301 349 1337 Iason
375 1301 476 1336 certe
502 1299 683 1333 mandata
709 1310 783 1333 non
810 1298 1005 1333 exsecutus
1033 1298 1100 1341 est,
1125 1308 1209 1331 oum
1234 1307 1370 1332 navem
1395 1295 1444 1331 ad
1478 1295 1574 1331 ostia
1598 1293 1727 1329 Phasi-

239 1361 294 1396 dis
320 1359 529 1406 appelleret
554 1369 779 1403 quamquam
804 1357 981 1392 invocans
1008 1356 1183 1391 Phrixum
1207 1355 1249 1395 V,
1279 1355 1346 1390 192
1373 1366 1474 1400 seqq.
1708 1356 1711 1359 ’

327 1430 396 1465 per
422 1419 550 1464 Styyia
576 1439 620 1444 —
644 1418 788 1453 silentia
812 1417 914 1461 ripae
939 1427 1066 1452 errare
1091 1416 1226 1451 Hellen
1251 1417 1293 1450 ut
1318 1415 1552 1450 inhumatam
1569 1413 1728 1449 Phrixus

241 1479 476 1527 opinabatur.

335 1539 416 1574 602.
465 1539 570 1572 vacui
595 1557 639 1562 —
665 1536 818 1580 Averni,·
842 1536 1053 1570 Burmann:
1082 1534 1179 1579 ‘quia
1204 1546 1279 1569 non
1319 1533 1534 1579 corporibus
1560 1533 1627 1568 sed
1651 1545 1729 1567 um-
1876 1547 1890 1579 q

241 1598 318 1634 bris
345 1597 477 1633 colitur
505 1597 543 1632 et
567 1595 825 1637 inhabitatur';
851 1606 987 1630 vacuus
1011 1594 1176 1630 Avernus
1200 1593 1340 1638 legitur
1376 1593 1491 1628 etiam
1519 1592 1647 1628 Claud.
1684 1592 1729 1627 de

238 1659 336 1703 rapt.
362 1657 463 1692 Pros.
489 1656 518 1698 I,
545 1655 607 1697 20;
646 1666 760 1690 vacua
797 1655 882 1689 aula
913 1666 962 1690 so.
996 1653 1092 1688 Ditis
1128 1652 1220 1688 Stat.
1255 1653 1371 1689 Theb.
1404 1652 1467 1692 XI,
1499 1652 1585 1698 302;
1617 1662 1731 1686 vacua

239 1717 339 1752 Ditis
363 1717 486 1751 domus
506 1715 613 1759 Verg.
632 1714 724 1750 Aen.
750 1713 811 1754 VI,
839 1713 917 1754 269,
946 1713 1008 1758 qui
1033 1713 1086 1748 ibi
1112 1712 1218 1747 addit
1235 1712 1362 1748 inania
1378 1723 1504 1757 reyna3
1524 1712 1594 1747 hoe
1613 1711 1731 1746 habet

241 1776 355 1812 etiam
381 1775 445 1810 Ov.
473 1775 562 1810 met.
587 1774 650 1815 IV,
678 1773 763 1815 510;
790 1773 917 1808 inania
954 1773 1109 1807 Tartara
1142 1773 1230 1807 met.
1258 1771 1319 1811 XI,
1356 1771 1442 1813 670;
1474 1772 1582 1806 inane
1608 1769 1731 1805 Perse-

235 1837 372 1881 phones
398 1833 493 1870 Stat.
521 1833 637 1869 Theb.
665 1833 726 1874 IV,
753 1833 843 1876 4773
883 1832 1042 1867 eandem
1067 1831 1296 1867 sententiam
1328 1831 1445 1866 habet
1478 1831 1602 1865 domus
1631 1830 1732 1865 exilis

242 1895 413 1931 Plutonia
439 1893 540 1939 apud
568 1893 655 1928 Hor.
684 1904 712 1927 o.
739 1892 768 1932 Ι,
795 1893 827 1933 4,
858 1891 915 1928 17.
1159 1906 1160 1909 ’

336 1953 416 1988 607.
465 1964 528 1988 nec
553 1953 656 1987 Inois
686 1955 805 1987 noster
829 1953 931 1987 sinus
954 1951 1089 1987 invidet
1112 1950 1236 1992 undis;
1265 1949 1330 1985 cfr.
1357 1949 1445 1985 Hor.
1478 1961 1509 1984 c.
1541 1948 1588 1990 II,
1622 1948 1653 1990 6,
1688 1947 1732 1983 18

242 2025 317 2058 seq.
343 2013 464 2048 Aulon
492 2033 534 2038 -—
559 2012 744 2047 minimum
770 2011 938 2046 Falernis
963 2010 1096 2045 invidet
1120 2010 1208 2044 uvis.

338 2073 450 2107 Inoae
474 2072 593 2106 undae
618 2070 834 2116 significant
859 2081 975 2114 mare,
1001 2070 1039 2104 in
1066 2069 1162 2114 quod
1189 2068 1256 2104 Ino
1282 2080 1322 2104 se
1346 2067 1622 2114 praecipitavit.

337 2132 415 2167 610.
461 2132 587 2176 pelayo
613 2131 698 2165 vina
722 2131 919 2174 inveryens;
939 2129 1004 2165 ofr.
1027 2129 1137 2173 Verg.
1158 2131 1247 2164 Aen.
1275 2127 1337 2169 VI,
1364 2128 1433 2162 244
1463 2127 1645 2172 frontique
1676 2127 1731 2161 in-

243 2192 359 2236 veryit
383 2191 478 2225 vina.

339 2250 418 2286 611.
451 2249 516 2284 *de
542 2249 650 2284 Helle
675 2249 810 2294 vimine
838 2248 998 2283 Cretheia
1023 2246 1090 2284 cfr.
1117 2247 1165 2282 ad
1191 2246 1216 2286 I,
1244 2247 1301 2282 41.

339 2309 519 2344 undarum
545 2309 649 2343 decus
675 2312 707 2343 et
730 2309 855 2353 yentis,
884 2307 950 2342 cfr.
978 2306 1044 2345 ΙΙΙ.
1076 2306 1155 2346 523,
1184 2306 1249 2341 ubi
1274 2305 1470 2351 Nymphae
1496 2304 1734 2340 nominantur

244 2369 422 2404 undarum
446 2378 692 2412 nemorumque
717 2368 836 2413 deeus3
865 2366 976 2411 Verg.
1005 2368 1094 2401 Aen.
1122 2365 1184 2406 IX,
1210 2365 1282 2400 405
1307 2365 1438 2410 (Luna)
1466 2368 1644 2399 astrorum
1677 2363 1734 2398 de-

246 2439 323 2470 cus;
350 2426 433 2468 XII,
463 2427 530 2461 142
555 2427 714 2471 nympha
739 2427 843 2461 decus
866 2426 1064 2468 fluviorum.

334 2486 424 2521 613.
474 2486 635 2521 immittit
658 2489 770 2519 ratem
795 2496 844 2520 so.
872 2484 910 2519 in
936 2484 1076 2519 fretum
1101 2485 1311 2528 angustum.

305 2548 308 2550 ’
344 2545 424 2580 615.
476 2544 628 2588 Europa
666 2544 789 2588 effuyit
824 2547 1034 2588 prementem
1077 2543 1226 2587 Asiam,
1264 2543 1307 2577 ut
1331 2541 1449 2577 minor
1485 2542 1588 2576 terra
1625 2542 1735 2586 longe

249 2605 443 2641 maiorem.
495 2604 691 2638 Immanior
708 2604 781 2638 oris
806 2602 1114 2647 dieitur-Europa
1145 2603 1300 2647 propter
1326 2600 1505 2646 abruptas
1532 2611 1626 2642 oras,
1653 2611 1735 2644 eum

249 2665 380 2700 littora
406 2664 516 2699 Asiae
542 2663 617 2698 sint
641 2662 812 2708 planiora
839 2664 877 2697 et
904 2662 1126 2698 amoeniora.
1178 2661 1236 2696 Sic
1261 2661 1461 2701 Burmann,
1489 2659 1551 2704 qui
1577 2659 1626 2694 ad
1651 2671 1735 2695 con-
