1890 3100
213 184 303 228 496
630 224 632 227 ,
741 183 779 220 C.
804 184 986 220 VALERI
1011 185 1184 222 FLACOI

326 303 513 350 carmina,
543 304 712 342 maiores
743 305 928 343 Hecaten
956 305 1168 344 immittere
1197 307 1303 345 vires

324 381 430 406 nunc
460 368 545 416 sibi,
575 382 651 407 nec
679 369 782 408 notis
813 370 944 408 stabat
974 375 1163 409 contenta
1189 372 1369 410 venenis.

322 433 498 484 cingitur
525 433 618 473 inde
649 434 771 482 sinus,
803 440 843 473 et
872 449 950 487 qua
980 435 1055 474 sibi
1082 435 1162 474 fida
1190 437 1316 488 magis
1345 438 1405 476 vis

322 498 446 545 nulla,
477 499 742 539 Prometheae
771 500 908 539 florem
939 500 989 539 de
1020 502 1214 552 sanguine
1243 502 1367 541 fibrae

326 563 576 603 Caucaseum
606 565 749 616 promit
778 567 1006 618 nutritaque
1037 567 1216 617 gramina
1243 567 1386 615 ventis,

325 642 429 681 quae
460 643 574 668 sacer
600 630 668 669 ille
697 631 811 669 nives
837 632 940 670 inter
968 632 1183 684 tristesque
1212 633 1373 684 pruinas

327 693 444 732 durat
473 694 625 747 alitque
655 709 782 743 cruor,
813 709 901 734 cum
930 696 1084 735 viscere
1114 697 1249 735 vultur
1277 697 1399 737 adeso

324 759 480 798 tollitur
509 773 530 799 e
561 761 734 812 scopulis
764 766 804 799 et
832 766 959 799 rostro
988 762 1137 800 inrorat
1167 769 1316 814 aperto.

326 823 434 863 idem
462 838 537 863 nec
565 825 677 877 longi
704 826 930 877 languescit
956 826 1102 865 finibus
1132 828 1221 865 aevi

326 889 549 928 immortale
578 891 724 938 virens,
754 890 861 929 idem
891 896 969 929 stat
998 891 1165 930 fulmina
1195 899 1331 931 contra

328 955 464 993 salvus
495 961 535 993 et
563 955 603 992 in
632 955 774 994 mediis
803 955 1018 994 florescunt
1046 956 1205 1007 ignibus
1233 958 1397 997 herbae.

328 1020 456 1072 prima
483 1020 639 1058 Hecate
671 1020 824 1072 Stygiis
855 1020 1039 1059 duratum
1067 1021 1243 1060 fontibus
1272 1022 1425 1074 harpen

324 1085 459 1123 intulit
489 1091 529 1124 et
556 1084 710 1124 validas
742 1085 915 1137 scopulis
947 1085 1084 1124 effodit
1113 1087 1272 1135 aristas;
1707 1086 1762 1116 365

324 1164 418 1188 mox
447 1150 622 1189 famulae
651 1157 870 1189 monstrata
899 1165 1029 1203 seges,
1062 1165 1164 1204 quae
1194 1152 1378 1205 lampade
1407 1153 1594 1193 Phoebes

327 1215 400 1254 sub
432 1215 586 1255 decima
613 1217 708 1268 iuga
736 1217 820 1255 feta
847 1217 960 1255 metit
990 1218 1198 1269 saevitque
1227 1231 1299 1269 per
1328 1231 1466 1258 omnes

326 1280 533 1333 relliquias
564 1282 796 1335 saniemque
827 1281 908 1330 dei3
939 1283 1063 1334 gemit
1091 1283 1222 1321 irritus
1251 1283 1320 1321 ille

313 1369 394 1406 353.
444 1369 627 1405 Precandi
644 1370 801 1405 verbum
819 1381 905 1406 raro
920 1382 1004 1405 cum
1028 1370 1211 1406 infinitivo
1231 1371 1472 1417 coniungitur,
1491 1372 1533 1407 ut
1550 1372 1707 1418 rogandi

215 1440 251 1465 v.
277 1429 364 1471 379;
409 1429 541 1464 orandi·
567 1430 631 1469 HI,
656 1429 745 1471 446;
789 1429 855 1465 cfr.
884 1429 1018 1465 Catull.
1046 1430 1100 1470 35,
1129 1430 1190 1471 10;
1235 1430 1301 1466 Ov.
1338 1431 1414 1466 her.
1442 1430 1484 1476 V,
1513 1431 1602 1474 158;
1644 1431 1706 1474 VI,

216 1487 308 1530 1443
335 1488 426 1523 artis
452 1487 480 1530 Ι,
505 1488 595 1529 433;
624 1499 670 1523 ex
694 1488 803 1525 Pont.
829 1488 856 1530 Ι,
884 1489 916 1535 7,
941 1488 978 1531 6;
1006 1488 1137 1524 Tibull.
1163 1489 1210 1531 ΙΙ,
1237 1489 1269 1531 5,
1297 1489 1328 1524 3.

314 1547 394 1583 354.
444 1548 540 1583 notis
563 1548 683 1583 stabat
700 1552 863 1583 contenta
879 1549 1021 1584 venenis
1041 1547 1181 1583 dictum
1198 1548 1347 1584 videtur
1371 1549 1414 1583 ut
1429 1552 1526 1585 stare
1542 1549 1708 1594 opinione

215 1606 320 1642 dictis
339 1607 532 1651 promissis
554 1607 694 1649 foedere
719 1607 761 1642 al.

314 1666 395 1703 355.
445 1667 600 1711 einqitur
627 1687 667 1692 —
695 1667 812 1702 sinus:
851 1667 972 1715 Apoll.
1006 1666 1075 1705 ΙΠ,
1114 1666 1183 1701 866
1210 1678 1284 1712 seq.
1310 1667 1346 1704 τὸ
1378 1669 1404 1713 ρ’
1429 1666 1480 1713 ἦγ’
1513 1666 1708 1711 ἐξανελοῦσα

216 1727 342 1762 θυώδεϊ
366 1727 506 1762 κάτθετο
534 1725 636 1777 μίτρῃ,
660 1725 718 1771 ἦτε
744 1727 772 1762 οἱ
797 1726 1002 1772 ἀμβροσίοισι
1025 1727 1095 1772 περὶ
1121 1726 1293 1772 στήθεσσιν
1318 1722 1417 1772 ἔερτο.

312 1784 382 1819 356
407 1796 509 1830 seqq.
534 1785 652 1821 herba
676 1785 828 1820 floribus
853 1786 986 1821 ornata
1009 1785 1241 1830 significatur
1266 1785 1533 1827 efficacissima,
1565 1785 1707 1821 nutrita

216 1843 340 1880 ventis
360 1843 514 1879 Caucasi
534 1846 573 1880 et
589 1845 770 1889 sanguine
788 1844 1020 1886 Promethei;
1040 1844 1106 1881 cfr.
1126 1845 1246 1890 Apoll.
1266 1843 1331 1887 ΙΙΙ,
1351 1845 1420 1880 844
1439 1846 1477 1881 et
1493 1844 1564 1881 850
1579 1856 1704 1892 seqq.;

215 1903 302 1939 Sen.
329 1903 430 1939 Med.
463 1902 548 1945 7093
575 1903 671 1939 Plut.
698 1903 744 1939 de
770 1903 855 1939 fluv.
884 1903 914 1943 5,
940 1904 974 1938 4.

285 1996 287 2002 Α
315 1962 397 1998 357.
441 1963 548 2007 ponti
573 1963 728 2004 Monac..
755 1964 868 1998 ventis
893 1963 1019 2008 Haupt
1044 1963 1205 1998 Hermae
1231 1962 1292 2004 1v‚
1327 1963 1404 1998 153.

315 2021 395 2057 359.
447 2023 569 2067 edique
594 2022 752 2067 Monac,
778 2023 909 2067 alitque
933 2022 1106 2058 Bulaeus.

315 2081 394 2116 361.
445 2082 537 2117 idem
574 2093 623 2118 sc.
661 2081 750 2123 flos,
796 2082 857 2126 qui
894 2093 1079 2127 nunquam
1120 2081 1343 2117 deflorescat
1375 2081 1511 2127 quippe
1552 2081 1704 2116 duratus

219 2139 400 2184 sanguine
425 2140 658 2183 Promethei3
685 2151 747 2175 nec
772 2141 867 2186 longi
890 2140 913 2176 i.
942 2151 973 2176 e.
997 2151 1043 2176 ne
1069 2140 1173 2185 longi
1195 2140 1354 2185 quidem,
1382 2139 1448 2175 cfr.
1473 2139 1521 2175 ad
1545 2139 1607 2186 IV,
1625 2140 1704 2182 200,

316 2197 397 2233 363.
448 2210 583 2244 sanyus
606 2199 704 2241 Vat..
731 2200 851 2235 salvus
875 2199 1077 2234 Baehrens.

314 2257 396 2293 366.
446 2258 608 2302 lampade
625 2258 798 2294 Phoebes:
826 2259 872 2294 de
899 2258 974 2293 sole
1000 2258 1089 2293 dicit
1107 2258 1216 2303 Verg.
1235 2258 1326 2293 Aen.
1345 2257 1411 2300 ΠΙ,
1438 2257 1506 2293 637
1525 2257 1707 2294 Phoebeae

217 2316 399 2361 lampadis
423 2318 563 2359 iustam
590 2317 665 2352 vid.
693 2317 807 2352 etiam
832 2317 892 2358 IV,
921 2317 952 2352 6.
987 2317 1149 2362 lampade
1173 2317 1237 2352 sub
1263 2317 1410 2352 decima:
1461 2316 1528 2352 sub
1562 2316 1706 2352 decima.

219 2376 337 2418 nocte,
354 2376 501 2416 mensis,
528 2377 570 2410 ut
595 2376 700 2411 Lucr.
727 2376 789 2421 VI,
818 2375 908 2411 1196
933 2387 1029 2412 nona
1054 2377 1191 2420 lampas
1217 2387 1355 2412 nonum
1380 2374 1479 2411 diem
1503 2374 1705 2421 significatu

221 2435 374 2471 omnino
423 2435 472 2470 ad
519 2435 646 2470 lunam
683 2435 780 2471 tales
825 2436 962 2471 herbae
1007 2435 1099 2471 meti
1144 2435 1317 2470 dicuntur
1352 2434 1463 2480 Verg.
1506 2435 1598 2471 Aen.
1639 2434 1703 2477 IV,

218 2494 314 2541 5133
365 2494 460 2530 aliae
487 2495 586 2529 ‘dum
611 2496 722 2540 parat
747 2495 920 2530 Phoebus
947 2494 1067 2539 diem',
1107 2494 1200 2529 aliae
1238 2494 1316 2529 alta
1352 2495 1463 2529 nocte
1495 2492 1579 2530 Sen.
1605 2493 1704 2530 Med.

222 2553 292 2589 728
318 2565 391 2599 seq.

317 2612 396 2648 368.
447 2612 533 2658 Ipse
558 2612 803 2648 Prometheus
829 2616 906 2647 tum
931 2612 1091 2647 nondum
1113 2613 1253 2647 solutus
1270 2611 1375 2657 gravi
1394 2611 1521 2647 dolore
1539 2612 1704 2657 vexatur,

220 2683 306 2707 cum
338 2672 479 2708 herbae
523 2671 598 2708 eius
635 2671 815 2717 sanguine
854 2671 1010 2706 duratae
1037 2671 1286 2716 demetuntur,
1325 2670 1391 2706 cfr.
1429 2670 1598 2716 Apollon.
1635 2669 1702 2713 III,
