1890 3100
598 150 985 188 ARGONAVTICON
1007 150 1156 186 LIBER
1178 151 1221 185 V.
1569 151 1654 194 367

283 285 445 324 campus
474 272 599 324 aquis,
629 277 698 310 aut
725 271 936 322 sanguinei
963 283 1111 321 magna
1139 270 1241 308 ostia
1267 268 1385 307 belli:

284 336 367 390 [aut
394 337 496 375 altos
525 336 634 375 duris
661 336 834 375 fatorum
861 336 1050 387 gentibus
1080 334 1204 388 ortus]

282 403 339 441 sic
365 408 450 440 tum
478 401 647 440 diversis
674 402 767 440 hinc
795 407 917 453 atque
945 401 1038 438 hinc
1066 400 1239 438 motibus
1268 412 1418 450 anceps

279 473 445 519 pectora
472 466 553 504 dux
581 466 721 505 crebro
749 467 901 518 gemitu
930 466 1068 517 quatit,
1098 470 1210 516 optat
1238 471 1280 503 et
1307 464 1454 502 almum
1656 473 1712 501 310

280 533 359 570 iam
387 532 503 570 iubar
531 538 571 570 et
600 532 697 570 certi
724 530 887 569 tandem
916 530 1153 568 discriminis
1181 530 1311 568 horas.

281 603 376 635 tunc
406 596 538 635 defixa
565 596 651 634 solo
679 603 878 647 coetuque
906 596 1061 633 intenta
1089 595 1223 633 silenti

279 675 421 700 versus
451 661 503 700 ad
531 675 599 700 ora
626 661 754 699 virum
784 659 903 712 ‘quod
930 659 1083 712 pridem
1111 659 1342 711 ingentibus
1372 659 1479 697 ausis

281 727 499 778 optavistis'
529 726 585 764 ait
614 732 887 778 ‘veterumque
916 724 1023 777 quod
1051 725 1205 763 horruit
1232 731 1357 771 aetas,

280 791 468 830 adsumus
498 804 549 830 en
575 797 809 843 tantumque
838 790 951 829 fretis
980 791 1186 831 enavimus
1216 790 1364 828 orbem.
1655 792 1712 822 315

173 909 222 953 II,
247 909 333 952 767;
358 909 451 946 Eun.
477 920 562 944 ann.
587 908 659 943 349
682 909 744 950 B.;
785 908 858 943 Cic.
891 909 996 943 Arat.
1022 908 1084 950 713
1122 907 1234 953 frgm.
1271 919 1403 953 progn.
1441 907 1513 950 III,
1547 907 1570 941 3
1594 907 1637 943 B.
1646 921 1659 952 ,-

173 969 284 1014 Verg.
309 970 401 1004 Aen.
426 968 529 1008 VIII,
555 968 642 1010 672;
670 968 736 1003 Ov.
762 969 841 1004 her.
867 967 917 1007 H,
945 967 1007 1009 16;
1044 967 1113 1009 ΠΙ,
1140 967 1203 1009 65;
1240 967 1284 1007 V,
1309 967 1376 1011 543
1413 966 1532 1007 XVII,
1565 966 1655 1009 137;

172 1027 262 1063 fast.
285 1028 357 1069 ΙΠ,
382 1027 473 1072 592;
521 1027 640 1062 Ibidis
664 1027 752 1073 390;
789 1027 876 1063 Luc.
914 1027 977 1067 IV,
1002 1027 1089 1068 587;
1126 1026 1228 1068 vm,
1267 1027 1353 1069 722;
1390 1025 1453 1061 Sil.
1479 1026 1543 1067 IV,
1568 1026 1658 1071 247,-

172 1086 271 1129 XIV,
296 1087 383 1130 362;
410 1087 505 1123 Stat.
530 1087 621 1122 Aah.
647 1088 676 1129 I,
702 1087 790 1129 235;
817 1087 932 1122 Theb.
957 1087 1000 1128 V,
1027 1087 1117 1130 337;
1141 1086 1228 1129 406;
1266 1086 1329 1127 XL
1355 1086 1419 1128 43;
1456 1085 1528 1121 inc.
1553 1086 1656 1131 poet.

170 1148 273 1192 poet.
297 1146 385 1183 min.
411 1146 480 1187 HI,
506 1147 563 1187 25,
590 1147 635 1180 12
658 1146 723 1190 Β.;
751 1147 894 1182 anthol.
921 1146 977 1185 71,
996 1146 1019 1180 6
1042 1146 1104 1188 Β.;
1130 1147 1211 1187 211,
1229 1145 1294 1188 92;
1320 1146 1420 1191 apud
1437 1145 1519 1181 Val.
1537 1144 1655 1190 ipsum

171 1205 240 1246 ΙΠ,
265 1205 324 1242 32.
372 1216 518 1250 campus
542 1207 670 1241 autem
688 1216 792 1241 mare
810 1206 944 1240 dicitur
963 1217 986 1240 a
1001 1205 1138 1251 poefis;
1156 1216 1247 1240 sane
1262 1205 1485 1252 plerumque
1503 1204 1656 1239 additur

172 1264 407 1305 adiectivum,
435 1275 509 1311 qua
533 1264 637 1300 notio
662 1264 868 1299 accuratius
893 1264 1103 1306 definiatur,
1130 1264 1190 1300 vel
1215 1264 1423 1310 genetivus,
1447 1264 1553 1299 velut
1577 1275 1655 1299 cae·

170 1324 291 1359 ruleus
315 1323 470 1371 liquidus
492 1324 639 1358 humen-3
662 1324 797 1368 liquens
820 1327 953 1358 natans
982 1324 1072 1359 sali-3
1102 1334 1226 1368 aquae,
1258 1325 1323 1359 sed
1354 1324 1425 1358 hoc
1457 1324 1539 1359 loco
1563 1323 1655 1359 satis

171 1382 332 1418 dilucide
358 1393 403 1418 ex
426 1383 510 1418 tota
533 1382 723 1417 sententia
747 1383 917 1428 apparet,
945 1382 1075 1429 quales
1100 1382 1223 1428 campi
1247 1382 1339 1417 dicti
1363 1382 1448 1418 sint.

263 1453 344 1489 307.
393 1457 457 1488 aut
480 1454 668 1499 sanyuina·
690 1465 820 1499 maqna
845 1454 937 1489 ostia
961 1454 1056 1497 belli3
1087 1454 1223 1489 mirum
1246 1453 1366 1490 videri
1391 1456 1529 1500 potest,
1556 1455 1655 1500 quod

170 1513 265 1548 haec
289 1512 437 1548 addidit
459 1514 585 1558 poeta,
611 1513 678 1549 scd
703 1524 883 1548 conversa
907 1515 995 1548 sunt
1019 1524 1064 1549 ex
1092 1513 1246 1549 Graecis
1282 1514 1435 1549 Homeri
1470 1514 1494 1549 l.
1520 1514 1544 1549 l.
1570 1526 1604 1549 v.
1630 1514 1654 1549 8

171 1571 313 1618 ἦὲποῦι
335 1571 509 1617 πτολέμοιο
535 1571 621 1618 μέγα
646 1573 755 1617 στόμα
777 1576 989 1609 πευκεδανοῖο
1020 1574 1062 1608 et
1094 1573 1277 1618 expressit
1301 1572 1442 1608 Statius
1467 1573 1584 1609 Theb.
1610 1574 1652 1612 V,

172 1631 242 1667 146
265 1631 364 1674 saevi
385 1635 498 1667 movet
521 1633 614 1667 ostia
638 1632 727 1666 belli.
788 1632 898 1677 Apud
923 1632 1125 1667 Homerum
1163 1631 1242 1668 sive
1267 1632 1487 1678 quicumque
1511 1634 1543 1668 is
1568 1632 1651 1673 fuit,

170 1690 232 1736 qui
255 1689 393 1725 librum
417 1690 599 1726 decimum
624 1690 737 1725 Iliadi
759 1690 994 1736 interposuit,
1019 1702 1148 1726 versus
1173 1691 1286 1726 etiam
1313 1692 1433 1727 minus
1459 1694 1568 1737 aptus
1594 1695 1652 1728 est

168 1760 279 1794 quam
304 1749 405 1794 apud
431 1749 629 1789 Valerium,
655 1749 720 1784 ubi
744 1751 836 1785 ostia
860 1750 951 1785 satis
976 1750 1073 1786 bene
1103 1750 1245 1796 pendet
1270 1762 1293 1785 a
1316 1751 1526 1796 participio,
1553 1752 1653 1796 quod

168 1809 226 1843 cst
240 1819 396 1844 movens:
425 1808 595 1854 Iuppiter
612 1809 727 1853 igitur
750 1810 921 1844 coruscat
946 1811 1011 1844 aut
1026 1811 1295 1855 tempestatem
1311 1821 1465 1855 gravem
1482 1810 1651 1846 indicans

166 1869 242 1907 aut,
269 1867 367 1912 quod
383 1867 552 1903 miserius
569 1867 779 1903 hominibus
795 1870 862 1909 est,
887 1879 1004 1913 grave
1028 1869 1180 1905 benum.

258 1937 339 1974 308.
387 1938 506 1973 Valde
531 1940 723 1984 suspectus
750 1950 804 1979 6ο,
831 1939 928 1984 quod
954 1939 1046 1974 nihil
1071 1940 1187 1975 habet
1213 1941 1315 1985 apud
1339 1940 1552 1981 Homerum,
1592 1941 1650 1976 cui

163 1997 401 2042 respondeat.
427 1997 587 2033 Schenkl
614 1998 674 2033 ‘ad
693 1998 806 2033 aliam
821 1998 938 2033 totius
956 1999 1026 2034 loci
1043 1999 1388 2045 conformationem,
1407 2011 1518 2044 quam
1534 2002 1650 2045 poeta

165 2056 232 2102 (111)
257 2056 381 2092 animo
406 2057 602 2100 habuerat,
627 2057 816 2103 pertinere
843 2058 1011 2093 videtur'.

256 2127 337 2162 309.
385 2128 534 2163 molibus
558 2128 654 2168 Vat„
691 2130 843 2164 motibus
867 2129 1061 2175 Heinsiu83
1099 2129 1241 2165 frustra
1278 2130 1482 2166 defendere
1523 2132 1649 2166 conati

162 2187 250 2221 sunt
272 2186 451 2222 traditam
479 2187 702 2232 scripturam
726 2187 894 2232 Wagner
919 2190 958 2223 et
982 2188 1164 2229 Lemaire,
1189 2189 1254 2224 ille
1280 2189 1470 2235 explicans
1488 2191 1650 2234 pondere

161 2255 337 2284 curm-tam.
364 2246 538 2281 addendo
563 2257 647 2281 eam
683 2248 883 2285 notionem.
922 2258 996 2292 qua
1033 2259 1145 2293 aegre
1180 2259 1309 2284 carere
1345 2261 1550 2294 possumus,
1590 2250 1648 2286 hic

162 2315 381 2350 comparans
406 2304 490 2341 Sen.
517 2305 615 2341 Med.
641 2305 709 2340 391
736 2317 803 2350 quo
822 2307 968 2350 pondus
992 2308 1105 2342 animi
1127 2312 1248 2353 veryat
1273 2309 1313 2344 et
1336 2308 1424 2345 Luc.
1449 2308 1551 2350 vm,
1578 2309 1648 2344 280

160 2364 355 2399 Μοηίίς-
378 2375 447 2409 quo
478 2365 642 2409 pondera
665 2369 834 2410 υενραπιξ
869 2366 936 2402 sed
961 2367 1054 2402 haec
1078 2366 1133 2401 vis
1157 2367 1344 2412 ponderis,
1383 2370 1425 2402 ut
1463 2369 1648 2413 significet

160 2421 210 2460 id.
247 2423 347 2467 quod
382 2423 524 2459 habeat
559 2424 698 2469 aliquid
734 2424 772 2459 in
812 2436 851 2460 se
887 2426 1079 2471 momenti,
1117 2438 1140 2461 a
1175 2427 1282 2462 molis
1320 2428 1472 2463 notione
1497 2439 1646 2473 prorsus

161 2480 284 2516 aliena
308 2484 375 2517 est.

253 2540 333 2576 313.
377 2542 534 2586 primum
558 2542 653 2582 Vat.,
676 2543 814 2587 pridem
840 2544 897 2578 vir
922 2544 1073 2589 quidam
1099 2545 1241 2580 doctus.

253 2599 332 2636 315.
384 2602 564 2637 enavimus
588 2602 718 2649 orbem;
746 2613 857 2638 enare
889 2615 971 2638 cum
1003 2605 1216 2640 accusativo
1242 2605 1478 2640 coniunctum
1511 2608 1568 2641 est
1602 2608 1646 2640 ut
