1890 3100
927 27 935 49 Ι

599 191 980 232 ARGONAVTICON
1005 192 1152 227 LIBER
1175 191 1238 227 VI.
1570 192 1656 235 413

285 315 457 355 discolor
483 315 660 354 hastatas
689 313 829 354 effudit
854 313 1023 352 Hiberia
1050 318 1210 358 turmas,
1429 304 1433 306 ’
1659 321 1712 351 lm

283 394 383 434 quas
412 379 573 427 Otaces,
603 393 702 432 quas
731 379 860 418 Latris
888 383 1012 429 agunt
1040 383 1081 416 et
1107 382 1243 428 raptor
1268 389 1446 414 amorum

283 511 454 556 Neurus,
485 516 526 549 et
553 515 740 562 expertes
768 508 947 547 canentis
974 507 1156 558 Iazyges
1178 506 1279 544 aevi.

177 646 299 692 poetis
323 646 475 692 ponitur
498 657 567 691 pro
590 645 672 691 ipsa
695 643 847 688 Arabia,
888 644 930 678 ut
952 642 1065 687 Verg.
1101 653 1229 687 georg.
1255 641 1304 686 ΙΙ,
1343 640 1428 682 139;
1465 640 1547 676 Tib.
1587 640 1655 682 III,

178 706 212 747 2,
238 705 300 746 23;
328 705 388 741 Or.
413 709 502 740 met.
528 704 571 745 X,
597 703 667 739 309
691 703 741 739 al.

273 768 349 800 tota
365 784 412 791 —
437 763 622 799 Panchaia
644 766 751 807 rapta
776 762 955 806 triumpho
979 760 1003 796 i.
1029 772 1061 796 e.
1086 759 1304 796 brevissimo
1328 758 1508 805 temporis
1533 758 1657 804 spatio

176 823 335 864 devicta,
359 822 435 858 vid.
459 822 510 857 ad
532 821 603 861 III,
629 822 717 862 341;
743 821 787 862 V,
812 821 893 855 ⁶271.

272 881 351 917 120.
399 881 550 916 Hiberia
588 879 688 915 inter
725 879 940 915 Colchidem
981 880 1020 914 et
1056 878 1260 914 Caucasum
1300 877 1371 913 sita
1405 888 1469 912 cur
1507 877 1659 912 discolor

176 940 397 981 nominetur,
423 951 499 975 non
522 939 613 974 satis
637 939 774 985 liquet;
798 938 958 974 fortasse
975 939 1123 984 spectat
1140 936 1191 972 ad
1205 936 1431 972 varietatem
1454 936 1658 972 vestimen-

175 1000 300 1035 torum
326 1000 367 1035 et
390 1009 587 1038 armorum,
625 1000 668 1033 ut
697 997 817 1043 plebes
849 998 1000 1033 discolor
1029 997 1244 1032 nominatur
1269 1007 1291 1031 a
1314 995 1422 1032 Paul.
1445 995 1529 1031 Nol.
1554 994 1655 1037 XIII,

175 1058 221 1093 24
246 1059 286 1094 et
310 1057 475 1104 apertius
499 1058 651 1093 discolor
674 1058 790 1092 cuatus
814 1056 876 1091 Sil.
902 1056 972 1093 ΠΙ.
998 1055 1062 1098 23;
1099 1055 1165 1092 sed
1189 1066 1237 1091 ne
1261 1055 1301 1090 id
1325 1055 1475 1100 quidem
1501 1056 1655 1095 certum,

174 1118 298 1151 utrum
335 1116 442 1151 varia
477 1117 642 1162 ipsorum
666 1116 847 1151 Hiberum
882 1115 1108 1151 vestimenta
1146 1116 1185 1150 et
1222 1125 1327 1149 arma
1358 1114 1571 1150 indicentur
1609 1125 1658 1148 an

175 1175 323 1212 diversa
347 1187 370 1210 a
394 1174 603 1212 ceterorum
626 1176 809 1211 sociorum
834 1175 957 1210 armis.

270 1235 337 1269 121
370 1245 446 1279 seq.
480 1234 595 1269 Miror
625 1234 811 1270 neminem
836 1234 1022 1270 editorum
1052 1233 1209 1269 sensisse
1234 1233 1333 1268 hunc
1362 1232 1485 1268 locum
1521 1232 1583 1273 sic,
1614 1233 1659 1266 ut

175 1293 215 1329 in
250 1293 356 1329 libris
391 1293 564 1337 traditur,
599 1304 623 1327 a
648 1292 795 1329 Valerio
832 1292 945 1328 scribi
974 1304 1049 1328 non
1073 1292 1249 1338 potuisse.
1301 1291 1386 1327 Non
1410 1291 1563 1326 dubium
1590 1292 1657 1332 est,

176 1352 266 1397 quin
290 1344 417 1405 Οωᾳξς
441 1353 481 1388 et
505 1352 628 1387 latri-3
651 1352 765 1388 duces
795 1351 955 1398 putandi
978 1352 1054 1387 sint
1082 1353 1291 1387 turmarum
1313 1350 1507 1395 Hiberiae,
1533 1353 1575 1386 at
1597 1362 1658 1386 res

178 1413 236 1448 est
260 1411 370 1448 valde
394 1413 537 1448 ineerta
562 1412 609 1448 de
627 1412 760 1457 Nem-o,
786 1412 885 1457 quod
900 1412 1025 1457 gentis
1042 1411 1167 1457 potius
1190 1423 1327 1447 nomen
1349 1409 1656 1456 intellegendum..

178 1471 226 1507 de
262 1482 336 1516 qua
370 1471 458 1507 vide
493 1471 609 1513 infra;
646 1471 686 1506 id
721 1482 811 1507 vero
848 1470 1113 1515 certissimum,
1146 1470 1300 1516 Iazyges
1324 1470 1425 1506 nullo
1448 1469 1560 1506 modo
1586 1469 1659 1505 dici

175 1530 338 1576 potuisse
363 1541 475 1576 agere
498 1531 642 1565 turmas
666 1530 856 1566 Hiberum.
917 1529 1040 1572 Quare
1071 1530 1121 1565 ad
1144 1530 1371 1566 sententiam
1396 1540 1527 1564 sanam
1550 1528 1657 1564 resti-

177 1589 359 1624 tuendam
394 1589 644 1625 necessarium
676 1589 825 1625 videtur
861 1590 1038 1631 statuere,
1075 1589 1253 1625 nonnulla
1286 1590 1373 1634 post
1408 1599 1557 1624 versum
1590 1587 1655 1622 121

179 1647 369 1689 excidisse,
406 1648 445 1683 in
481 1648 613 1693 quibus
649 1650 690 1684 et
713 1659 850 1684 nomen
873 1648 969 1683 illius
994 1648 1155 1694 raptoris
1179 1659 1348 1684 amorum
1372 1647 1550 1693 scriptum
1570 1648 1659 1682 erat

181 1707 222 1742 et
244 1707 510 1752 praedicatum,
537 1707 636 1752 quod
659 1707 803 1753 pariter
825 1707 1033 1752 pertineret
1058 1709 1098 1743 et
1122 1707 1171 1742 ad
1188 1706 1397 1743 Neurorum
1423 1708 1462 1743 et
1486 1706 1536 1741 ad
1554 1706 1657 1750 Iazy-

177 1777 267 1811 gmn
294 1767 457 1811 gentem.

270 1836 407 1862 autores
430 1826 578 1871 saepius
601 1826 820 1872 praesertim
844 1826 884 1861 in
907 1837 1077 1862 sermone
1103 1826 1291 1861 cotidiano
1316 1826 1493 1861 dicuntur
1506 1824 1657 1870 puellae

175 1885 339 1925 amatae,
364 1885 470 1920 velut
494 1885 593 1931 apud
616 1885 792 1920 Plautum
807 1886 918 1921 Poen.
939 1885 1024 1927 207;
1052 1885 1160 1932 11653
1187 1884 1292 1920 cure.
1317 1885 1404 1926 357;
1431 1884 1495 1930 al.;
1522 1883 1656 1919 Catull.

175 1943 208 1984 6,
235 1943 297 1985 16;
330 1944 385 1985 10,
413 1945 450 1985 1;
479 1945 539 1986 15;
565 1945 621 1985 21,
647 1945 686 1986 4;
712 1944 769 1985 40,
795 1945 835 1990 7;
860 1945 917 1985 45,
952 1946 990 1986 1;
1015 1945 1072 1985 64,
1098 1945 1160 1986 27;
1192 1946 1256 1980 sed
1281 1944 1397 1980 etiam
1422 1943 1521 1989 apud
1546 1943 1656 1987 Verg.

175 2013 303 2048 georg.
320 2002 391 2044 ΠΙ,
417 2003 505 2044 227;
531 2003 611 2039 Val.
637 2003 686 2044 Π,
712 2003 799 2045 549;
826 2015 881 2049 ep.
907 2003 1046 2049 Sapph.
1071 2003 1150 2038 155.

271 2061 350 2097 122.
401 2062 561 2097 Naurum
598 2062 826 2107 singularem
861 2074 929 2108 pro
966 2062 1103 2108 plurali
1140 2062 1318 2107 scriptum
1347 2063 1441 2108 puto
1466 2063 1579 2106 atque
1603 2061 1658 2096 in-

175 2119 316 2164 tellego
340 2118 495 2165 genteni
512 2119 719 2156 Neurorum
743 2120 842 2156 inter
866 2120 1095 2166 superiorem
1120 2131 1267 2155 cursum
1283 2119 1449 2166 Hypanis
1467 2121 1506 2156 et
1524 2120 1658 2165 Borys—

177 2178 301 2214 thenis
325 2179 588 2219 habitantium,
615 2190 768 2223 quorum
793 2179 940 2224 saepius
966 2178 1175 2214 Herodotus
1203 2178 1434 2214 mentionem
1459 2178 1565 2214 fecit:
1592 2179 1656 2220 IV,

178 2237 240 2279 17;
267 2237 355 2279 100;
382 2237 452 2272 102
478 2237 536 2278 al„
563 2237 657 2272 Plin.
678 2239 755 2273 nat.
773 2237 857 2272 hist.
876 2236 938 2275 IV,
956 2236 1022 2278 88;
1048 2236 1176 2282 Pomp,
1202 2236 1287 2272 Mel.
1314 2237 1363 2278 Π,
1391 2238 1422 2278 1,
1450 2237 1511 2279 13;
1538 2238 1656 2272 Amm.

177 2295 311 2341 XXXI,
334 2296 368 2337 2,
392 2297 427 2331 4.

272 2355 427 2401 Iazyges,
460 2367 614 2400 quorum
647 2355 720 2390 dux
752 2355 973 2391 fortissimus
999 2355 1191 2391 Gesander
1222 2357 1533 2391 commemoratur
1556 2354 1656 2390 infra

177 2413 248 2450 280
263 2425 373 2460 seqq„
390 2416 481 2450 nota
497 2426 589 2460 gens
602 2414 809 2451 Sarmatiae
825 2415 925 2451 inter
941 2414 1153 2450 Danubium
1171 2416 1209 2450 et
1224 2414 1512 2460 Borysthenem:
1531 2413 1655 2451 Strab.

177 2471 261 2512 VII,
286 2473 319 2514 3,
346 2473 409 2520 173
432 2473 524 2516 Plin,
551 2474 612 2513 IV,
638 2473 701 2515 80;
729 2473 796 2509 Ov.
820 2474 917 2509 trist.
944 2473 991 2515 Π,
1020 2473 1103 2515 191;
1130 2474 1218 2510 Tac.
1243 2485 1327 2509 ann.
1355 2473 1437 2509 XII.
1463 2473 1519 2509 30.
1584 2473 1658 2508 Im-

155 2543 326 2568 ·manem
348 2534 547 2578 parentum
572 2533 857 2569 occidendorum
880 2545 1023 2570 morem
1035 2534 1184 2570 videtur
1207 2535 1366 2579 tangere
1381 2533 1559 2569 Claudia
1572 2533 1655 2568 R-uf.

177 2589 207 2631 Ι,
225 2590 304 2631 328,
330 2591 394 2627 ubi
417 2592 523 2637 genti
548 2592 693 2627 cuidam
717 2594 821 2628 trans
846 2593 1002 2628 Tanaim
1026 2593 1215 2628 habitanti
1238 2591 1434 2639 pulchrum
1459 2603 1539 2628 esse
1566 2591 1658 2627 dicit

178 2648 300 2685 iurare
341 2650 479 2687 occisos
515 2653 706 2697 parentes3
744 2651 791 2688 de
827 2652 899 2688 alio
937 2663 1075 2698 genere
1106 2652 1235 2688 mortis
1260 2652 1352 2687 dicit
1376 2651 1486 2687 Prud.
1526 2652 1657 2687 contra
