1890 3100
201 255 287 299 302
748 253 785 289 c.
810 253 992 288 VALERI
1018 253 1192 288 FLAOCI

305 373 466 411 territus
495 374 582 425 ipse
612 373 731 411 etiam
760 378 880 425 atque
907 372 1081 424 ingentis
1111 372 1292 411 conscius
1323 373 1420 414 ausi.
1689 389 1745 419 295

308 438 437 477 saevit
465 438 580 490 inops
609 438 790 489 Amycus
819 438 929 476 nullo
960 437 1187 476 discrimine
1217 451 1307 476 sese

306 504 589 555 praecipuam,
619 503 842 556 avidusque
870 504 944 542 viri
975 507 1191 555 (respectat
1221 509 1387 542 ovantes

309 569 456 621 quippe
485 569 624 621 procul
651 569 828 620 Minyas)
858 574 1077 621 caestuque
1108 568 1237 607 elatus
1266 574 1436 621 utroque

306 634 542 673 inruit.‘h0s
571 635 675 673 inter
702 634 849 672 Pollux
878 635 984 672 subit
1014 640 1054 672 et
1081 635 1204 672 trucis
1233 634 1338 672 ultro

309 699 471 738 advolat
501 713 569 738 ora
587 700 685 738 viri:
715 713 791 739 nec
821 713 912 752 spes
944 700 1098 747 effecta,
1129 699 1202 738 sed
1231 700 1372 739 ambae
1691 709 1746 739 300

309 767 350 804 in
378 771 520 817 pectus
550 765 734 804 cecidere
762 779 914 804 manus.
972 766 1049 804 hoc
1078 766 1236 804 saevior
1262 765 1333 804 ille

308 844 403 870 ecce
431 831 576 869 iterum
604 845 752 869 vacuas
783 832 866 882 agit
893 831 1121 869 inconsulta
1147 844 1220 883 per
1249 845 1365 869 auras

307 896 506 934 bracchia.
565 897 686 934 sentit
713 896 782 934 ubi
810 896 957 934 Pollux
985 896 1148 934 rationis
1179 902 1377 947 egentem,

310 961 378 1000 (lat
407 961 577 1012 genibus
606 961 750 999 iunctis
779 961 885 999 latus
916 961 1167 1014 effusumque
1198 968 1359 1001 secutus

294 1061 376 1098 295.
425 1061 482 1097 De
506 1061 715 1107 postposita
741 1063 847 1097 etiam
873 1061 1134 1098 coniunctione
1159 1061 1234 1098 vid.
1262 1062 1311 1097 ad
1326 1063 1355 1105 I,
1382 1063 1462 1100 514.

293 1122 448 1167 inqentis
469 1122 632 1157 conscius
656 1123 755 1157 ausi.-
782 1122 892 1166 Verg.
919 1121 1011 1157 Aen.
1030 1121 1092 1162 XI,
1120 1121 1209 1164 8123
1237 1122 1283 1157 de
1310 1122 1500 1158 sententia
1522 1124 1606 1159 tota
1624 1122 1691 1159 cfr.

200 1182 297 1217 Stat.
324 1181 442 1219 Theb.
467 1180 529 1220 VI,
556 1181 637 1216 805.

294 1240 375 1277 296.
425 1242 538 1276 saevit
561 1241 685 1285 inops:
724 1240 835 1285 Verg.
862 1241 954 1277 Aen.
981 1240 1043 1282 IV,
1070 1240 1156 1283 300;
1195 1242 1292 1277 nullo
1319 1242 1531 1284 discrimine,
1566 1242 1692 1277 utrum

200 1302 284 1336 tuto
311 1312 359 1335 an
386 1312 469 1335 cum
493 1300 659 1346 periculo
685 1312 725 1336 se
749 1300 987 1346 praecipitet.

295 1360 375 1396 297.
427 1360 620 1404 avidusque
643 1361 714 1395 viri
739 1371 822 1395 cum
847 1360 1036 1396 brevitate
1062 1372 1137 1395 non
1161 1360 1368 1406 ineleganti
1394 1360 1535 1396 dictum
1562 1362 1629 1399 est.

296 1420 377 1457 298.
426 1423 510 1455 tune
534 1423 655 1454 caestu
678 1420 814 1455 velatus
838 1419 935 1461 Vat.,
963 1423 1148 1464 caestuque
1173 1420 1286 1455 elatus
1310 1419 1494 1456 Heinsius.

296 1479 375 1515 300.
425 1490 488 1514 nec
512 1490 592 1524 spes
617 1478 740 1522 effecta
765 1490 813 1515 sc.
840 1478 921 1515 fore
946 1480 989 1513 ut
1021 1490 1087 1514 ora
1111 1479 1242 1524 Amyci
1268 1479 1415 1527 feriret;
1454 1491 1538 1525 spes
1565 1481 1692 1516 autem

202 1540 339 1576 dicitur
362 1551 431 1585 pro
457 1550 498 1574 re
523 1540 685 1584 sperata,
714 1538 780 1576 cfr.
808 1539 856 1573 ad
881 1538 961 1581 VII,
988 1539 1068 1575 426.

297 1599 378 1634 302.
427 1599 628 1634 inconsulta
657 1598 835 1646 bracchia
861 1598 1035 1633 dicuntur
1062 1598 1148 1640 eius,
1177 1597 1238 1643 qui
1263 1598 1343 1644 ipse
1371 1599 1428 1634 est
1444 1598 1690 1634 inconsultus:

203 1660 250 1695 de
275 1659 346 1694 hac
373 1658 545 1703 enallage
571 1657 644 1692 vid.
673 1657 721 1692 ad
745 1657 773 1699 I,
802 1657 881 1692 109.

296 1718 377 1753 303.
427 1717 598 1762 Amycus,
640 1717 741 1752 cuius
778 1717 895 1752 ictum
931 1717 1063 1752 Pollux
1099 1716 1280 1752 velociter
1318 1716 1510 1753 declinans
1547 1716 1693 1763 vitavit,

204 1779 355 1824 praeter
381 1776 638 1812 adversarium
663 1776 746 1823 ipsa
771 1776 867 1812 ictus
892 1777 1014 1812 inanis
1040 1777 1280 1812 vehementia
1296 1777 1511 1822 protractus
1536 1776 1691 1823 proruit,

204 1849 276 1883 quo
301 1838 353 1879 fit,
380 1838 423 1872 ut
447 1837 523 1872 iam
548 1848 571 1871 a
595 1838 705 1882 tergo
733 1836 809 1872 eius
835 1836 967 1872 Pollux
994 1836 1052 1877 sit,
1092 1836 1154 1881 qui
1179 1847 1308 1881 regem
1332 1836 1467 1872 ictibus
1492 1835 1693 1881 geminatis

202 1909 242 1933 se
270 1897 491 1932 convertere
528 1897 594 1931 aut
630 1895 816 1941 respirare
854 1907 928 1931 non
966 1895 1055 1931 sim't
1091 1897 1130 1931 et
1166 1896 1356 1941 postremo
1395 1895 1473 1930 ictu
1497 1894 1694 1931 mortifero

204 1956 365 1992 cervices
393 1955 471 1991 eius
497 1955 651 1998 frangit.
682 1954 756 1991 cfr.
783 1955 877 1991 Stat.
904 1955 1021 1991 Theb.
1048 1955 1110 1997 VI,
1137 1955 1207 1990 802
1233 1966 1333 2000 seqq.

297 2016 404 2051 sentit
429 2016 521 2050 enim
546 2015 643 2057 Vat.,
669 2016 776 2050 sentit
800 2015 863 2050 ubi
887 2014 995 2050 Thilo
1020 2014 1059 2049 in
1085 2015 1211 2050 annot.

296 2075 451 2110 rationis
476 2078 641 2120 eyentmn:
667 2073 777 2119 Verg.
804 2074 896 2110 Aen.
922 2073 1025 2115 VIII,
1051 2073 1132 2109 299.

298 2134 378 2169 304.
429 2134 492 2169 dat
514 2134 663 2179 yenibus
687 2134 819 2169 iunctis
836 2134 930 2168 latus
945 2133 967 2167 i.
984 2144 1015 2170 6.
1033 2144 1108 2168 non
1125 2133 1258 2178 pectus
1276 2133 1394 2168 latum
1413 2131 1525 2168 offert
1541 2132 1695 2177 Amyco,

203 2194 270 2230 sed
308 2193 420 2229 celeri
459 2192 622 2238 corporis
662 2193 899 2228 conversione
938 2194 977 2228 et
1013 2192 1149 2227 iunctis
1186 2192 1344 2238 pedibus
1379 2192 1413 2228 ei
1450 2191 1559 2234 latus,
1596 2191 1696 2237 quod

207 2252 400 2299 angustius
427 2254 494 2294 est,
523 2252 698 2296 obvertit,
735 2253 889 2298 praeter
927 2252 1026 2297 quod
1050 2251 1211 2297 Amycus
1236 2251 1353 2287 ictum
1377 2251 1416 2287 in
1441 2262 1580 2287 vanum
1605 2261 1695 2287 aera

206 2311 340 2348 effu-dit
354 2311 535 2357 simulque
548 2311 629 2357 ipse
639 2323 822 2358 praeceps
836 2311 912 2346 ruit
921 2325 928 2354 ;
945 2312 991 2348 de
1002 2311 1219 2347 effundendi
1227 2311 1381 2347 notione
1399 2310 1465 2346 cfr.
1475 2310 1586 2356 Verg.
1600 2310 1695 2346 Aen.

208 2371 272 2412 XI,
290 2371 362 2407 485
372 2372 560 2416 portisque
577 2370 717 2413 effunde
736 2371 770 2416 (i.
800 2382 828 2407 6.
847 2372 1061 2417 prosterne)
1087 2371 1152 2407 sub
1179 2371 1262 2406 altis
1280 2371 1493 2416 (Aeneam);
1521 2369 1605 2414 XII,
1623 2369 1694 2404 276

203 2432 371 2477 fulvaque
388 2431 539 2474 effundit
555 2441 668 2465 arena
692 2430 910 2477 (iuvenem);
938 2430 1024 2473 380;
1043 2430 1129 2473 532;
1156 2430 1243 2466 Luc.
1261 2430 1325 2471 IX,
1354 2430 1399 2465 56
1422 2429 1555 2475 yelidos
1579 2429 1695 2472 effusa

205 2502 275 2536 per
299 2495 402 2526 artus
418 2490 465 2526 de
485 2489 657 2526 Cornelia
674 2490 744 2524 viri
763 2501 895 2535 corpus
913 2491 1102 2525 mortuum
1120 2490 1410 2535 complectente;
1436 2499 1555 2534 paene
1579 2487 1695 2533 igitur

205 2550 243 2585 in
270 2561 314 2586 6ο
341 2550 432 2591 erat,
458 2550 502 2584 ut
526 2549 687 2595 Amycus
712 2549 751 2583 in
776 2550 917 2584 terram
936 2549 1100 2591 caderet,
1128 2560 1216 2583 nam
1234 2548 1428 2593 quominus
1446 2559 1531 2583 eum
1546 2558 1587 2583 re
1604 2558 1696 2583 vera

207 2610 384 2646 cecidisse
402 2611 621 2650 statuamus,
649 2609 711 2651 eis,
731 2620 826 2654 quae
852 2610 1066 2654 sequuntur.
1084 2609 1345 2654 prohibemur;
1386 2607 1521 2643 cecidit
1545 2618 1587 2643 re
1603 2617 1695 2642 vera

205 2670 244 2705 in
269 2669 338 2705 tali
364 2669 577 2705 conditione
601 2668 769 2705 Entellus
795 2668 895 2714 apud
919 2667 1029 2713 Verg.
1056 2668 1146 2703 Aen.
1173 2667 1215 2709 V,
1241 2667 1311 2702 446
1337 2678 1453 2713 seqq.;
1487 2665 1554 2703 cfr.
1580 2665 1695 2702 etiam

210 2729 308 2765 Stat.
334 2728 450 2767 Theb.
476 2728 537 2770 VI,
565 2728 645 2764 803.
