1890 3100
606 238 991 276 ARGONAVTIGON
1013 238 1161 273 LIBER
1185 238 1235 274 IL
1576 242 1662 284 139

291 365 398 398 terra
423 359 547 417 Q,
562 359 772 410 meritique
797 358 911 409 piget
936 357 1165 395 meminisse
1193 357 1345 409 prioris.

343 424 541 476 Tempore
569 437 648 476 quo
674 423 843 475 primum
870 422 1051 461 ftemitus
1077 422 1288 473 insurgere
1317 427 1476 474 opertos

292 490 524 531 caelicolum
552 495 594 529 et
618 489 734 541 regni
762 489 887 527 sensit
912 489 1090 527 novitate
1118 493 1319 527 tumentes

291 556 473 608 Iuppiter
499 555 702 593 aetheriae
730 567 806 592 nec
835 559 940 592 stare
970 554 1129 592 silentia
1154 554 1276 605 paciS.

290 621 484 659 Iunonem
510 619 662 658 volucri
688 620 855 670 primam
883 618 1090 670 suspendit
1120 617 1295 670 Olympo

290 684 529 724 horrendum
557 684 677 723 chaos
706 683 920 724 ostendens
948 697 1180 736 poenasque
1208 683 1396 722 barathri.

290 763 383 789 mox
410 750 529 788 etiam
555 748 726 801 pavidae
754 754 1015 800 temptantem
1041 749 1204 787 vincula
1229 749 1366 787 matris

291 814 447 853 solvere
473 815 677 866 praerupti
703 814 928 853 Vulcanum
955 815 1105 852 vertice
1135 814 1239 852 caeli

290 879 483 928 devolvit3
511 879 591 918 ruit
617 879 686 918 ille
714 879 807 930 polo
835 885 1074 931 noctemque
1103 878 1290 931 diemque

288 945 455 983 turbinis
482 945 524 983 in
550 957 712 991 morem,
740 945 882 983 Lemni
910 943 1004 982 dum
1031 944 1147 982 litore
1175 934 1348 982 tandem¹

289 1010 474 1048 insonuit.
529 1023 608 1048 vox
635 1009 728 1048 inde
756 1023 901 1061 repens
929 1015 973 1047 ut
1000 1010 1171 1061 perculit
1198 1009 1349 1055 urbem,

290 1073 486 1112 adclinem
515 1074 678 1126 scopulo
706 1075 915 1112 inveniunt
942 1075 1212 1126 miserentque
1241 1074 1460 1126 foventque

291 1138 467 1178 alternos
495 1152 616 1190 aegro
646 1145 899 1178 cunctantem
926 1139 1077 1190 poplite
1106 1152 1281 1190 gressus.

277 1262 335 1299 81.
382 1263 440 1298 De
465 1274 530 1307 que
553 1262 738 1309 particula
761 1274 829 1308 pro
855 1267 919 1298 aut
940 1263 1065 1308 posita
1091 1262 1158 1299 cfr.
1183 1263 1233 1297 ad
1256 1263 1286 1308 Ι,
1314 1263 1393 1299 111.

277 1327 335 1363 83.
382 1331 564 1372 tumentes,
588 1339 639 1364 sc.
663 1327 730 1366 ira,
755 1328 800 1362 ut
824 1327 919 1362 Stat.
945 1327 1062 1363 Theb.
1088 1327 1156 1369 111,
1189 1327 1275 1369 443;
1307 1327 1394 1369 600;
1426 1327 1478 1362 sie
1510 1328 1667 1363 tumidus

186 1385 280 1423 Stat.
304 1386 395 1422 Ach.
421 1385 449 1426 L
476 1386 538 1428 365
565 1386 650 1428 189;
688 1386 804 1421 Theb.
830 1386 892 1427 VI,
918 1386 1007 1428 823;
1034 1387 1131 1427 VIII,
1157 1386 1243 1429 6363
1281 1386 1343 1427 IX,
1382 1386 1443 1434 793
1480 1391 1667 1422 tumescere

187 1446 262 1482 Ovs
278 1445 487 1486 hex-..VHL
512 1445 575 1487 57;
601 1446 827 1481 intumescere
849 1447 938 1481 met.
964 1445 1012 1487 IL
1039 1446 1125 1490 508;
1152 1445 1239 1482 fast.
1270 1445 1319 1490 IL
1351 1446 1438 1487 6073
1471 1445 1539 1491 ΙΠ,
1576 1446 1662 1489 201;

183 1503 252 1546 VI,
270 1503 360 1547 487;
393 1515 438 1540 ex
461 1504 568 1540 Pout.
592 1504 655 1546 IV,
682 1505 737 1548 14,
763 1505 820 1540 34.
845 1505 902 1540 De
933 1505 1026 1540 duro
1062 1505 1161 1540 Iovis
1197 1505 1365 1550 imperio,
1404 1505 1513 1550 quale
1550 1505 1666 1541 fuerit

184 1563 224 1598 in
247 1562 366 1605 initio,
393 1563 460 1598 cfr.
485 1563 618 1599 Aesch.
643 1563 765 1600 Prom.
791 1564 837 1598 34
862 1575 951 1609 seq„
978 1564 1058 1600 149.

277 1633 335 1671 84.
382 1638 479 1670 stare
501 1635 644 1670 silentia
662 1636 767 1679 pacis
791 1635 815 1673 i.
853 1647 884 1671 e.
926 1637 1027 1671 stare
1062 1647 1197 1681 pacem
1236 1636 1489 1681 tranquillam,
1530 1635 1597 1673 cfr.
1635 1637 1664 1682 Ι,

185 1692 256 1728 159
276 1693 440 1736 fremime
462 1705 605 1735 canum;
631 1694 701 1728 452
726 1695 815 1730 clari
838 1695 943 1730 decus
967 1695 1104 1730 adiacet
1128 1695 1233 1732 orbis.

278 1763 336 1801 85.
384 1764 479 1800 Huic
505 1765 552 1800 de
564 1765 707 1801 Iunone
730 1766 937 1802 narrationi
961 1769 1144 1812 sumptae,
1162 1768 1206 1802 ut
1220 1767 1297 1802 iam
1316 1767 1468 1807 dictum,
1495 1778 1539 1802 ex
1555 1767 1664 1803 Hom.

183 1822 215 1865 I,
240 1823 312 1858 590
347 1834 447 1869 seqq.
486 1825 525 1859 et
557 1823 633 1865 XV,
672 1824 717 1859 18
752 1836 853 1870 seqq.
891 1825 1081 1861 coniunxit
1116 1828 1231 1872 poeta
1269 1838 1322 1867 ea,
1363 1837 1459 1871 quae
1483 1826 1666 1862 Homerus

186 1881 279 1918 dicit
303 1882 351 1918 de
374 1883 580 1918 rebellione
605 1883 760 1919 deorum
784 1883 827 1920 Π.
845 1884 875 1930 I,
892 1884 962 1920 399
987 1896 1088 1930 seqq.
1114 1887 1154 1921 et
1179 1886 1226 1923 de
1251 1886 1410 1921 Tartaro
1424 1885 1468 1921 Il.
1487 1885 1589 1927 VIII,
1611 1886 1664 1921 13.

279 1942 419 1977 volucer
443 1942 501 1978 est
526 1942 715 1988 Olympus,
740 1943 803 1988 qui
828 1943 1001 1979 celeriter
1026 1944 1346 1986 circumvertatur,
1374 1944 1441 1980 cfr.
1467 1944 1517 1990 ΙΙ,
1543 1945 1600 1981 38.

279 2011 337 2048 86.
386 2012 550 2047 Minatur
586 2012 772 2058 Iuppiter,
811 2025 850 2049 se
888 2014 1119 2050 deiecturum
1155 2015 1336 2051 Iunonem
1372 2016 1411 2050 in
1448 2016 1665 2059 Tartarum

186 2071 294 2106 chaos
315 2083 385 2116 pro
409 2071 538 2107 inferis
575 2072 726 2114 dictum,
754 2072 821 2109 cfr.
848 2074 897 2108 ad
921 2073 948 2114 I,
975 2074 1061 2120 8313
1089 2075 1297 2110 barathrum
1326 2076 1453 2110 autem
1487 2077 1544 2110 est
1576 2087 1664 2121 pars

186 2129 314 2165 infima
337 2129 501 2166 Tartari:
527 2131 633 2166 Hom.
651 2131 693 2166 Π.
711 2131 812 2172 Vm,
833 2132 878 2167 16
910 2134 1028 2169 τόσσον
1054 2130 1157 2179 ἔνερθ’
1177 2132 1306 2170 “Ἀιδεω
1332 2133 1410 2171 ὅσον
1435 2135 1569 2180 οὐρανὸς
1599 2134 1665 2171 ἐστ’

187 2189 253 2226 ἀπὸ
275 2189 386 2235 γαίηςς
412 2188 541 2227 Claud.
566 2190 606 2224 in
629 2190 714 2226 Ruf.
740 2191 789 2232 Π,
816 2191 886 2226 523
910 2203 1011 2237 seqq.
1036 2203 1147 2228 vacuo
1172 2193 1339 2228 mandate
1362 2194 1533 2229 barathro
1553 2194 1667 2240 (Rufi-

186 2250 289 2288 num)
314 2248 424 2291 Infra
452 2249 617 2284 manum
643 2250 803 2285 tenebras
826 2251 991 2295 infraque
1013 2262 1169 2287 recessus
1198 2252 1398 2287 Tartareos.

280 2311 338 2348 90.
386 2323 464 2348 cum
487 2313 583 2356 Vat.;
609 2314 694 2349 dum
718 2314 890 2350 Schenkl.

281 2377 338 2415 91.
386 2378 545 2414 insonuit
567 2379 717 2424 poetica
741 2379 905 2425 imagine
931 2382 970 2416 et
995 2381 1096 2417 felici
1127 2382 1316 2418 brevitate
1349 2383 1490 2418 dictum
1521 2396 1590 2429 pro
1623 2395 1667 2420 eo

189 2435 289 2482 quod
312 2437 370 2472 est
393 2448 471 2472 cum
494 2447 581 2474 ωηο
607 2438 750 2485 decidit3
776 2438 842 2475 cfr.
868 2439 938 2480 111,
966 2439 1012 2474 79
1042 2441 1366 2477 hasta—transtris
1394 2443 1570 2484 insonuit;
1605 2443 1665 2484 VI,

189 2494 276 2540 3663
300 2494 380 2531 fere
406 2496 539 2532 eadem
563 2497 751 2533 sententia
775 2498 915 2543 legitur
939 2499 1009 2535 hoc
1034 2500 1191 2536 verbum
1215 2500 1326 2546 Verg.
1352 2501 1443 2537 Aen.
1470 2501 1552 2539 ΧΠ,
1578 2501 1665 2543 366;

189 2551 253 2589 Sil.
276 2553 375 2596 XIV,
401 2554 485 2597 42&
514 2554 642 2591 Claud.
668 2555 829 2592 fescenn.
856 2557 916 2598 IV,
943 2558 1000 2596 35.

283 2623 340 2661 93,
388 2624 562 2662 Imitatus
589 2628 647 2662 est
669 2626 839 2663 Valerius
864 2629 976 2673 Verg.
1002 2629 1094 2665 Aen.
1120 2629 1203 2671 XII,
1229 2630 1316 2671 386;
1342 2631 1503 2666 caemctari
1525 2641 1667 2675 yressus

193 2682 251 2719 ent
273 2683 394 2725 tarde,
420 2686 640 2721 cunctanter
664 2697 811 2731 gressus
836 2686 972 2729 facere,
999 2687 1066 2724 cfr.
1104 2688 1198 2723 Stat.
1225 2689 1340 2725 Theb.
1380 2691 1407 2730 I,
1444 2690 1515 2723 410
1550 2690 1667 2724 mina-s
