1890 3100
253 193 339 236 468
777 189 814 226 C.
839 190 1020 226 VALERI
1047 190 1220 226 FLACCI

361 310 655 362 stridentesque
684 311 758 348 viri
787 310 933 348 circum
964 315 1082 362 caput
1111 315 1270 348 amovet
1297 309 1446 347 hastas.

359 375 428 414 ille
459 388 578 426 super
607 375 734 413 socias
764 375 950 414 clementi
979 375 1138 413 turbine
1168 380 1310 425 gentes

361 441 524 492 erigitur
551 440 794 493 paulumque
823 441 903 479 levi
932 445 1114 492 raptatus
1144 441 1184 478 in
1214 440 1354 478 aethra

353 507 431 544 iam
459 505 622 544 tandem
651 511 850 544 extremas
878 519 1038 558 pugnae
1069 505 1247 544 defertur
1275 506 1317 543 in
1347 519 1447 553 oras,

353 573 455 610 forte
484 572 552 610 ubi
581 585 693 610 serus
722 572 851 610 Hiber
878 571 1195 623 Issedoniaeque
1224 571 1446 622 phalanges

353 644 480 676 marte
509 644 646 676 carent
675 637 850 690 solisque
880 639 1018 675 iuvant
1047 637 1286 675 clamoribus
1318 650 1472 688 agmen.

408 705 500 742 Nox
530 703 646 742 simul
675 703 878 742 astriferas
907 703 1058 755 profert
1087 702 1272 754 optabilis
1302 702 1481 750 umbras,

357 775 396 808 et
425 768 531 807 cadit
560 769 761 820 extemplo
791 768 888 806 belli
916 768 1051 819 fragor
1080 781 1281 820 aegraque
1312 768 1433 806 muris

356 834 578 886 digreditur
604 834 768 884 longum
797 834 910 884 virgo
939 846 1133 885 perpessa
1160 834 1355 872 timorem.

355 906 399 938 ut
427 900 514 938 fera
541 899 721 950 Nyctelii
748 898 911 950 paulum
939 911 1011 950 per
1041 912 1153 936 sacra
1180 900 1384 946 resistunt,

355 979 448 1003 mox
476 977 646 1016 rapuere
676 963 795 1002 deum
823 965 901 1001 iam
930 964 1007 1001 iam
1035 964 1077 1001 in
1107 963 1385 1016 quodcumque
1414 969 1578 1016 paratae

356 1029 575 1082 Thyiades,
606 1030 704 1068 haut
732 1029 810 1067 alio
839 1034 991 1067 remeat
1019 1028 1166 1067 Medea
1193 1028 1377 1076 tumultu,

357 1101 478 1148 atque
506 1095 611 1133 inter
640 1094 885 1146 Graiumque
915 1094 1021 1132 acies
1051 1094 1280 1146 patriasque
1309 1093 1529 1145 phalangas

251 1244 319 1278 per
344 1243 432 1268 aera
459 1243 480 1266 a
506 1230 676 1266 Minerva
702 1230 866 1276 periculo
893 1229 1076 1271 eximitur,
1105 1230 1172 1265 cfr.
1199 1230 1306 1266 Hom.
1332 1229 1356 1264 l.
1382 1229 1404 1264 l.
1432 1241 1466 1265 v.
1493 1228 1578 1276 3253
1604 1229 1648 1264 Il.
1676 1228 1738 1274 III,

193 1333 195 1335 ,
250 1292 330 1334 380,
356 1291 421 1326 ubi
448 1291 518 1326 hac
543 1290 690 1326 ratione
715 1289 820 1324 Paris
847 1301 868 1324 a
893 1290 1038 1325 Venere
1065 1290 1252 1336 servatur3
1280 1289 1365 1324 vide
1392 1289 1508 1324 etiam
1532 1289 1621 1325 Hor.
1641 1299 1670 1325 e.
1688 1287 1738 1324 II.

251 1353 283 1394 7,
311 1351 355 1386 13
381 1362 474 1396 seq.;
519 1350 584 1386 Ov.
611 1351 700 1385 met.
726 1350 806 1390 XV,
832 1349 901 1384 804
934 1361 1056 1394 seqq.;
1101 1348 1163 1385 Sil.
1190 1349 1255 1389 IX,
1282 1348 1362 1383 484.
1413 1348 1564 1383 Planius
1594 1347 1740 1393 scripsit

254 1410 363 1456 Verg.
391 1411 483 1446 Aen.
510 1409 537 1450 Ι,
573 1409 642 1444 411
669 1421 744 1454 seq.
772 1413 810 1444 at
848 1409 964 1444 Venus
997 1408 1143 1444 obscuro
1179 1408 1377 1454 qradientis
1402 1419 1482 1443 aere
1513 1407 1648 1452 saepsit
1689 1406 1741 1443 Et

250 1471 359 1506 multo
383 1470 530 1505 nebulae
555 1470 687 1504 circum
712 1469 777 1504 dea
799 1469 897 1511 fudit
922 1469 1063 1503 amictu.

346 1541 426 1578 749.
470 1551 617 1586 puqnae
641 1540 799 1583 defertur
823 1541 863 1574 in
888 1550 987 1575 oras:
1030 1539 1140 1583 Verg.
1167 1538 1258 1574 Aen.
1285 1537 1346 1579 IX,
1374 1537 1453 1574 528.

347 1612 427 1647 750.
478 1611 584 1653 Quod
617 1612 687 1646 hoc
721 1611 802 1646 loco
837 1611 951 1655 poeta
991 1610 1038 1644 de
1071 1609 1272 1644 Hiberibus
1308 1608 1413 1650 dicit,
1454 1620 1529 1644 non
1566 1607 1740 1644 convenit

254 1683 337 1707 cum
363 1682 409 1707 ea
435 1682 493 1716 re,
526 1681 620 1716 quae
657 1681 769 1715 supra
794 1681 827 1705 v.
855 1669 923 1704 507
958 1669 1249 1704 commemorata
1284 1668 1352 1704 est.
1401 1667 1531 1713 Neque
1557 1667 1740 1703 Issedones

251 1731 312 1766 vel
337 1730 537 1766 Essedones
563 1729 630 1776 (sic
655 1729 760 1771 Plin„
800 1729 936 1764 Lucan.
969 1729 1008 1763 et
1033 1727 1190 1762 Alcman
1220 1728 1318 1762 teste
1345 1726 1473 1772 Steph.
1499 1726 1603 1772 Byz.)
1630 1734 1740 1762 antea

252 1789 435 1826 nominati
461 1790 546 1824 sunt
570 1788 669 1824 inter
694 1788 812 1824 socios
829 1787 983 1829 Persae;
1011 1788 1094 1822 erat
1119 1798 1210 1831 gens
1230 1785 1429 1821 Armeniae
1446 1796 1564 1831 prope
1582 1789 1741 1821 Araxem

253 1849 430 1885 habitans
452 1850 551 1884 teste
569 1848 707 1884 Herod.
726 1847 753 1885 1.
772 1847 858 1889 201;
886 1847 958 1882 alio
976 1846 1066 1888 loco,
1093 1858 1167 1881 non
1184 1845 1313 1891 procul
1338 1857 1360 1880 a
1384 1841 1522 1891 palude
1539 1844 1740 1889 Maeotide,

254 1909 461 1944 Essedones
493 1908 597 1943 sedes
635 1907 776 1943 habere
814 1907 945 1941 narrat
976 1906 1069 1941 Plin.
1102 1906 1178 1940 nat.
1212 1905 1298 1942 hist.
1323 1904 1386 1945 IV,
1412 1903 1476 1947 88;
1508 1904 1568 1946 VI,
1595 1903 1657 1946 20;
1694 1903 1741 1939 de

254 1979 356 2003 more
383 1979 510 2003 eorum
534 1967 697 2002 barbaro
725 1967 790 2002 cfr.
818 1965 953 2002 Herod.
980 1964 1042 2010 IV,
1068 1965 1123 1999 26.
1177 1978 1179 1982 ’

349 2039 428 2074 751.
479 2039 594 2073 calent
609 2038 704 2078 Vat„
731 2041 853 2072 carent
870 2037 927 2072 ed.
944 2036 1054 2078 Bon.;
1082 2036 1129 2071 de
1154 2035 1343 2071 sententia
1369 2034 1435 2070 cfr.
1454 2034 1540 2070 Luc.
1559 2033 1640 2079 VII,
1659 2033 1740 2070 367.

349 2109 429 2144 755.
480 2109 644 2155 Nyctelii,
670 2108 821 2147 Bacchi.
847 2107 1007 2149 νυκτέλιος
1033 2107 1217 2142 Graecum
1243 2106 1320 2142 eius
1347 2107 1404 2142 est
1429 2116 1644 2151 cognomen,
1672 2104 1738 2142 cfr.

254 2169 365 2205 Prell.
385 2169 539 2213 mythol.
559 2181 613 2214 gr.
638 2168 681 2210 14,
701 2167 771 2203 690
789 2167 916 2203 annot.
934 2167 972 2208 3;
999 2167 1069 2202 694
1087 2167 1214 2203 annot.
1235 2166 1265 2202 1.
1316 2165 1398 2202 Solo
1424 2166 1494 2201 hoc
1521 2164 1739 2210 cognomine

254 2228 441 2263 indicatur
473 2227 584 2263 etiam
616 2228 664 2262 ab
704 2227 810 2263 Ovid.
844 2226 935 2262 artis
968 2226 997 2268 I,
1032 2226 1118 2268 567;
1150 2227 1231 2260 tum
1269 2225 1395 2260 culicis
1430 2225 1516 2266 111;
1550 2223 1615 2259 cfr.
1654 2223 1738 2260 Sen.

256 2288 346 2324 Oed.
372 2287 458 2329 492;
497 2298 634 2322 nomen
673 2287 706 2322 ei
743 2287 812 2322 hoc
848 2286 1009 2321 inditum
1044 2286 1200 2331 propter
1238 2285 1432 2321 ‘nocturna
1471 2282 1586 2328 orgia’
1612 2283 1739 2328 (Verg.

256 2358 384 2393 georg.
410 2346 472 2391 IV,
498 2346 594 2391 521).

349 2406 518 2442 resistunt
533 2405 556 2440 i.
576 2416 606 2441 e.
626 2405 830 2450 quiescunt,
851 2405 1005 2440 ductum
1032 2404 1078 2440 ab
1105 2403 1169 2445 eis,
1196 2403 1258 2448 qui
1282 2402 1344 2438 via
1368 2402 1430 2438 vel
1447 2413 1555 2437 cursu
1573 2400 1741 2436 confecto

256 2465 471 2506 consistunt,
513 2466 556 2499 ut
579 2464 782 2510 paullisper
808 2463 1009 2510 respirent;
1066 2463 1138 2500 vid.
1181 2462 1251 2498 Cic.
1276 2473 1344 2508 pro
1375 2461 1467 2496 Mur.
1494 2460 1540 2495 84
1571 2461 1662 2496 nihil
1691 2463 1742 2495 est

254 2527 337 2566 iam,
364 2525 457 2560 unde
479 2535 545 2560 nos
568 2524 768 2575 reficiamus
793 2527 856 2558 aut
881 2523 941 2559 ubi
966 2523 1059 2567 lapsi
1082 2523 1298 2558 resistamus.

351 2596 430 2631 756.
479 2606 630 2641 rapuere
655 2595 756 2630 deum
781 2594 803 2630 i.
832 2605 862 2630 e.
891 2593 1128 2629 simulacrum
1154 2592 1224 2638 dei,
1262 2593 1305 2627 ut
1340 2592 1477 2638 putant
1501 2591 1740 2637 interpretes.

351 2656 389 2691 in
414 2667 482 2692 om.
508 2655 604 2697 Vat„
632 2654 717 2691 add.
745 2654 801 2690 ed.
829 2653 922 2689 Bon.
950 2654 988 2705 et
1013 2653 1096 2688 Ald.

1738 576 1793 606 750

1740 908 1793 937 755
