1890 3100
584 204 971 242 Aneomv'rlcon
993 205 1142 240 LIBER.
1164 205 1194 242 L
1573 210 1628 252 87

254 325 445 374 laetatur3
478 325 597 377 patrii
622 337 757 376 neque
785 324 892 362 enim
919 323 1062 375 probat
1090 324 1173 362 otia
1198 325 1325 376 regni.
1628 349 1687 378 500

213 386 216 387 ⁷
255 404 336 429 una
364 403 501 429 omnes
528 388 707 442 gaudent
734 389 869 440 superi
895 394 1146 440 venturaque
1174 388 1322 426 mundo
1490 403 1493 405 ·
1518 427 1551 439 λ
1567 387 1688 429 gabr:

255 432 762 510 teo-mpromfflssius
791 460 961 492 cernunt
995 453 1071 492 sibi
1098 466 1281 492 crescere
1311 454 1474 493 Parcae.
1487 442 1504 447 Ἴ
1524 452 1545 461 ”’

257 520 331 560 sed
356 534 437 559 non
464 525 505 559 et
534 519 715 571 Scythici
742 519 900 570 genitor
927 518 1155 557 discrimine
1182 519 1267 557 nati

254 570 606 640 innffltales
634 583 767 622 fundit
794 583 867 622 Sol
892 589 1057 636 pectore
1084 596 1224 622 voces:
1324 628 1328 631 v

258 655 422 688 ‘summe
450 655 568 697 sator,
605 650 669 687 cui
695 655 833 687 nostra
861 648 947 687 dies
974 648 1230 687 volventibus
1260 649 1374 687 annis
1631 667 1687 696 505

243 786 278 820 A
307 789 411 821 tuens
438 785 638 831 participio
661 784 805 831 pendet
841 783 1076 820 accusativus
1111 788 1233 829 coepta
1265 786 1305 819 et
1336 784 1569 820 accusativus
1600 797 1631 822 c.

148 844 215 880 inf.
240 855 447 890 consurgere
468 845 602 889 molem,
628 843 696 880 cfr.
721 843 765 889 V,
790 843 877 885 580;
902 843 967 884 VI,
994 843 1075 881 501.

242 916 322 952 500.
371 917 445 952 otia
486 916 587 962 reym’
627 915 780 950 Saturni
817 926 930 961 saepe
975 926 998 950 a
1034 915 1156 960 poetis
1192 915 1373 950 illustrari
1411 916 1450 951 et
1485 915 1632 950 laudari

147 978 279 1013 notum
311 976 379 1017 est,
414 975 521 1011 velut
544 974 655 1020 Verg.
687 986 815 1020 georg.
841 974 869 1015 L
897 974 966 1008 125
1003 985 1121 1019 seqq.;
1159 973 1209 1015 Π,
1236 974 1322 1017 536;
1357 974 1438 1010 Tib.
1472 974 1501 1020 Ι,
1526 974 1558 1015 3,
1584 975 1632 1010 35

147 1047 266 1081 seqq.;
302 1034 370 1073 Ov.
398 1036 488 1070 met.
514 1033 543 1076 I,
569 1034 640 1069 100
675 1045 794 1078 seqq.;
833 1045 903 1068 am.
934 1033 1007 1074 ΙΠ,
1044 1033 1077 1073 8,
1108 1034 1156 1068 35
1180 1045 1298 1078 seqq.;
1335 1033 1422 1070 Hes.
1460 1030 1538 1079 ἔργα
1563 1034 1631 1069 109

147 1105 249 1140 seqq.
274 1093 324 1131 al.

242 1165 311 1200 501
336 1166 376 1201 et
400 1165 470 1200 502
495 1164 603 1210 gravi
617 1165 771 1200 vulnere
791 1164 966 1200 laborant
991 1175 1112 1208 neque
1127 1163 1334 1209 probabilis
1353 1165 1411 1199 est
1426 1164 1632 1199 Burmanni

150 1224 365 1270 explicatio,
404 1224 467 1269 qui
510 1223 566 1258 ita
601 1224 719 1259 verba
756 1223 1016 1268 coniungenda
1054 1234 1135 1259 esse
1176 1224 1303 1268 putat:
1342 1234 1470 1259 omnes
1506 1223 1631 1268 superi

149 1283 317 1329 gaudent
348 1284 387 1319 et
409 1283 564 1323 Parcae,
602 1293 698 1327 quae
729 1284 887 1318 cernunt
915 1284 1075 1318 ventura
1110 1282 1250 1318 mundo
1278 1283 1451 1328 tempora
1489 1284 1527 1318 et
1550 1282 1631 1318 vias

149 1342 222 1378 sibi
245 1353 423 1383 crescere,
449 1353 571 1387 neque
598 1341 676 1377 ulla.
701 1341 999 1377 coniecturarum
1022 1341 1145 1376 adhuc
1172 1341 1406 1387 prolatarum
1434 1341 1629 1377 satisfacit.

149 1401 299 1438 Etenim
334 1413 410 1437 non
446 1401 563 1436 solum
603 1401 653 1435 ad
690 1400 1013 1442 constructionem,
1052 1401 1120 1436 sed
1157 1400 1273 1436 etiam
1316 1400 1365 1435 ad
1404 1401 1632 1436 sententiam

150 1460 376 1507 explendam
398 1459 579 1496 nonnulla
603 1459 749 1496 desunt.
791 1458 924 1505 Superi
949 1459 1048 1495 enim
1071 1471 1147 1495 non
1171 1459 1350 1504 gaudent,
1377 1460 1477 1505 quod
1499 1460 1630 1495 mortis

150 1530 291 1569 genera.
314 1518 526 1555 hominibus
549 1518 626 1554 iam
651 1520 830 1564 crescent,
856 1518 896 1553 id
919 1529 1010 1554 vero
1041 1518 1143 1554 solae
1167 1518 1311 1554 Parcae
1336 1519 1490 1560 faciunt,
1515 1519 1629 1555 immo

149 1578 318 1624 gaudent
342 1589 427 1614 cum
450 1578 541 1614 Iove
571 1579 652 1613 tam
677 1577 791 1613 fortis.
820 1577 896 1612 iam
927 1577 1031 1613 facta
1061 1577 1252 1613 hominum
1282 1577 1410 1613 futura
1441 1589 1521 1614 esse
1544 1580 1631 1624 post

148 1638 248 1673 hanc
272 1637 564 1684 pulcherrimam
581 1637 875 1684 expeditionem
893 1637 1040 1672 accedit
1057 1637 1157 1682 quod
1173 1637 1450 1672 substantivum
1473 1641 1631 1682 tempora

148 1696 203 1732 sic
226 1696 446 1743 simpliciter
474 1696 639 1742 posit-um
669 1707 761 1745 sana
797 1696 987 1732 sententia
1018 1697 1133 1738 caret,
1171 1696 1243 1731 nisi
1268 1696 1368 1732 forte
1392 1698 1482 1732 ante
1511 1697 1630 1742 Argo—

147 1756 286 1791 nautas
300 1756 481 1791 mundum
495 1756 669 1801 tempora.
684 1767 759 1791 non
775 1755 951 1791 habuisse
975 1755 1145 1791 Valerius
1166 1755 1333 1801 putavit;
1357 1759 1444 1801 post
1472 1759 1629 1800 tempora

146 1813 264 1860 igitur
285 1815 365 1850 tale
390 1814 479 1860 quid
504 1814 685 1851 excidisse
707 1816 800 1860 puto
826 1815 1024 1861 (tempora)
1055 1815 1234 1850 laetantur
1250 1819 1501 1859 praaewvztum
1525 1816 1629 1851 laude

146 1874 314 1918 vis-omna,
352 1874 434 1910 Iam
458 1874 582 1919 letique
611 1874 689 1909 vias
713 1877 860 1909 comunt
885 1884 914 1909 e.
942 1885 975 1918 q.
1002 1886 1050 1915 s.;
1090 1874 1137 1909 de
1170 1874 1241 1909 hac
1275 1874 1408 1909 ultima
1439 1875 1627 1910 sententia

147 1932 214 1969 cfr.
239 1933 377 1970 Lucan.
402 1933 460 1974 ΙΠ,
486 1933 564 1968 195.

241 2003 322 2040 503.
372 2004 562 2050 Scythicum
584 2008 692 2040 natus
726 2004 750 2039 i.
778 2015 811 2040 e.
835 2004 973 2040 Aeetes
1009 2004 1085 2039 iam
1110 2004 1211 2049 apud
1241 2004 1348 2040 Hom.
1375 2003 1444 2040 Od.
1470 2004 1513 2046 X,
1539 2004 1626 2051 1363

145 2064 286 2110 qem‘tor
308 2063 521 2109 appositum
546 2063 595 2098 ad
612 2063 678 2099 Sol
700 2074 723 2098 a.
747 2075 813 2098 suo
838 2063 1072 2098 substantivo
1098 2063 1348 2109 compluribus
1373 2063 1496 2099 verbis
1513 2063 1627 2099 inter-

145 2122 278 2169 positis
302 2122 494 2158 divellitur
517 2123 561 2157 ut
582 2122 651 2163 HI,
676 2122 747 2157 604
770 2123 847 2167 ipse
862 2143 907 2148 —
926 2122 1067 2163 ἄπιτον-ς
1092 2122 1134 2164 V,
1161 2122 1209 2157 35
1232 2123 1408 2158 Amnius
1425 2143 1470 2149 —
1487 2123 1625 2165 duston

145 2181 210 2224 vl,
233 2181 307 2217 429
332 2182 426 2217 Iuno
452 2202 495 2208 —
521 2182 655 2227 reyina.

239 2253 320 2289 505.
368 2257 493 2288 nostra
518 2253 592 2288 dies
617 2265 701 2288 cum
725 2253 883 2288 audacia
909 2253 1071 2298 quadam
1096 2253 1253 2295 dictum3
1280 2265 1504 2299 quamquam
1530 2254 1627 2289 enim

145 2322 260 2358 nepe
284 2312 388 2358 apud
410 2313 544 2358 poetas
570 2312 649 2348 dies
673 2312 795 2347 lucem
820 2312 895 2348 diei
919 2312 1117 2358 splendore
1135 2313 1222 2348 solis
1241 2312 1416 2348 effectam
1432 2313 1627 2358 significat,

145 2371 277 2407 tamen
299 2371 371 2407 hoc
394 2371 477 2407 loco
504 2371 605 2407 diem
628 2371 684 2406 ita
701 2371 888 2417 explicare
913 2383 988 2407 non
1012 2371 1111 2408 licet.
1138 2372 1225 2417 quia
1249 2372 1312 2406 lux
1338 2372 1413 2408 diei
1437 2372 1537 2407 vices
1554 2383 1628 2407 non

145 2429 299 2476 pangit
323 2431 390 2466 aut
412 2430 544 2471 reficit,
583 2431 650 2466 sed
672 2430 755 2476 ipsa
780 2432 838 2466 est
869 2442 944 2466 una,
970 2442 1015 2467 ex
1040 2431 1097 2466 his
1122 2431 1281 2466 vicibus:
1312 2431 1425 2467 immo
1451 2432 1521 2466 hoc
1545 2431 1627 2466 loeo

146 2486 227 2525 dies
252 2500 322 2534 pro
345 2489 428 2535 ipso
444 2489 532 2525 so'lis
558 2489 649 2525 orbe
664 2490 807 2535 positus
834 2491 901 2531 est,
928 2491 968 2526 et
985 2490 1094 2525 simili
1118 2490 1265 2526 ratione
1290 2490 1465 2526 videntur
1481 2489 1626 2524 intelle-

145 2547 272 2593 genda.
311 2559 391 2584 esse
430 2547 520 2589 VII,
562 2548 632 2583 229
660 2550 821 2593 patriam
861 2549 944 2584 inde
979 2553 1118 2593 vocato,
1160 2561 1231 2594 qua
1271 2549 1362 2584 redit
1403 2550 1497 2593 itque
1537 2548 1624 2583 dies:

146 2605 215 2644 Οτ-
240 2606 325 2643 fast„
350 2607 395 2652 V,
419 2608 488 2643 547
520 2619 596 2653 seq.
633 2608 719 2653 quid
740 2609 843 2644 solito
868 2609 975 2644 citius
998 2609 1130 2654 liquido
1157 2609 1289 2644 iubar
1326 2619 1475 2653 aequore
1499 2607 1628 2642 tollit

146 2665 302 2701 eandida
324 2666 491 2709 bacifero
509 2668 757 2712 praeveniente
782 2667 870 2709 dies;
896 2668 990 2703 Stat.
1017 2668 1108 2704 Ach.
1135 2667 1180 2706 Π,
1208 2668 1277 2703 288
1303 2668 1399 2702 exuit
1423 2667 1625 2711 implicitum
