1890 3100
251 186 338 228 378
775 183 811 219 C.
840 183 1019 218 VALERI
1046 183 1169 219 FLAC
1175 184 1222 219 CI

358 310 398 341 et
425 303 704 342 formidantem
732 303 880 354 patrios
910 303 1117 354 Pyroenta
1148 303 1320 343 dolores,

358 383 480 407 aurea
509 369 604 421 quin
634 370 753 407 etiam
781 383 979 421 praesaga
1007 369 1205 408 Mulciber
1233 375 1318 408 arte

357 434 512 472 vellera
538 440 809 487 venturosque
840 434 933 472 olim
963 434 1138 473 caelarat
1165 434 1355 475 Achivos.

358 501 508 538 texitur
535 500 673 550 Argoa
699 500 816 551 pinus
845 501 1054 551 Pagasaea
1083 501 1224 548 securi,
1461 522 1465 527 ·
1740 517 1795 546 435

357 565 445 616 ipse
475 565 581 603 subit
609 565 796 617 nudaque
825 571 943 604 vocat
972 565 1053 603 dux
1087 566 1248 616 agmina
1277 565 1428 605 dextra.

357 630 515 682 iamque
546 630 687 668 eadem
715 644 858 679 remos,
889 630 1030 669 eadem
1060 630 1137 668 dea
1163 630 1287 669 flectit
1316 631 1511 680 habenas3

359 697 535 733 exoritur
562 701 679 734 notus
710 701 750 734 et
778 702 861 734 toto
890 696 985 734 ratis
1015 710 1095 734 una
1122 695 1320 747 profundo

360 761 551 809 eernitur3
583 761 758 812 Odrysio
788 761 1018 812 gaudebant
1047 762 1221 800 carmine
1250 762 1417 814 phocae.

358 833 551 878 apparent
578 826 723 878 trepidi
751 840 823 878 per
850 826 1034 865 Phasidis
1065 828 1167 865 ostia
1196 827 1338 866 Colchi
1741 837 1798 868 440

359 892 676 944 clamantemque
706 892 846 943 procul
875 892 1060 944 linquens
1090 893 1231 944 regina
1257 899 1477 944 parentem.

357 958 451 996 urbs
482 962 567 995 erat
594 957 687 995 hinc
718 963 855 1000 eontra
883 958 1042 1008 gemino
1073 958 1300 996 circumflua
1334 964 1469 1010 ponto,

356 1022 474 1061 ludus
504 1023 573 1061 ubi
602 1028 642 1061 et
671 1029 810 1061 cantus
838 1022 1063 1075 taedaeque
1093 1024 1134 1060 in
1167 1029 1285 1062 nocte
1314 1024 1470 1075 iugales

358 1088 565 1140 regalique
594 1093 680 1126 toro
710 1087 840 1126 laetus
870 1101 1015 1139 gener:
1045 1088 1114 1126 ille
1144 1088 1315 1140 priorem

345 1231 424 1265 432.
476 1231 626 1276 Pyroeis
650 1243 744 1265 unus
772 1232 828 1266 est
854 1242 898 1266 ex
924 1231 1100 1275 quattuor
1127 1230 1220 1266 Solis
1247 1231 1360 1276 equis⁷
1386 1232 1461 1268 vid.
1489 1232 1555 1271 Ov.
1583 1235 1672 1269 met.
1690 1233 1740 1276 ΙΙ,

252 1290 331 1336 153,
358 1301 467 1335 quem
505 1301 569 1325 cur
594 1290 712 1325 solum
743 1291 857 1335 poeta
894 1288 1153 1330 nominaverit,
1193 1302 1267 1325 non
1303 1290 1423 1336 liquet
1431 1305 1443 1336 ,·
1479 1303 1546 1337 per
1584 1304 1743 1338 zeugma

251 1349 495 1395 recolligendi
520 1350 676 1385 verbum
702 1349 940 1385 coniunctum
968 1351 1024 1384 est
1050 1361 1134 1384 oum
1161 1350 1309 1385 obiecto
1334 1350 1534 1395 Pyroenta,
1562 1351 1625 1397 qui
1650 1352 1744 1387 mul—

252 1410 371 1445 cetur:
400 1409 467 1445 cfr.
493 1421 527 1444 v.
554 1409 639 1451 616;
666 1409 727 1451 VI,
754 1409 823 1443 347
850 1421 943 1454 seq.;
970 1409 1052 1451 VII,
1082 1409 1168 1452 373;
1195 1409 1274 1444 382.

343 1469 422 1503 435.
473 1468 555 1503 Vid.
583 1468 840 1503 Muell.-Wies.
868 1480 1029 1504 monum.
1057 1468 1084 1510 I,
1111 1469 1190 1504 tab.
1217 1468 1334 1510 XXII,
1362 1468 1448 1506 Nro.
1469 1470 1548 1505 238.

346 1528 486 1564 Facere
512 1540 586 1563 non
624 1540 818 1573 possumus
845 1528 933 1572 quin
960 1528 1136 1570 dieamus,
1177 1528 1310 1563 vitiose
1336 1528 1527 1564 Valerium
1552 1530 1613 1564 Ar
1619 1541 1746 1574 ,qoam

247 1589 397 1623 securim
421 1587 632 1623 nominasse
665 1587 823 1623 securim
849 1587 940 1632 Argi
966 1587 1216 1623 aedificatoris
1242 1587 1369 1630 navis;
1410 1599 1484 1624 non
1519 1589 1617 1624 enim
1657 1589 1744 1626 ideo

248 1650 413 1693 Argoam
437 1647 594 1682 securim
621 1646 813 1682 nominare
838 1647 937 1688 licet,
965 1647 1064 1692 quod
1091 1658 1135 1682 ea
1153 1647 1251 1692 Argo
1275 1647 1381 1682 navis
1406 1647 1563 1690 texitur;
1588 1660 1744 1694 prorsus

248 1707 322 1742 alia
347 1707 434 1742 sunt
458 1707 583 1751 Aryoa
606 1718 734 1741 manus
759 1706 822 1748 ΠΙ,
849 1706 940 1748 43Ο;
979 1707 1071 1742 ratis
1096 1705 1177 1748 VII,
1216 1706 1306 1748 573;
1346 1707 1449 1742 mlvis
1485 1707 1620 1742 Culicis
1657 1704 1744 1744 137'.

249 1767 327 1802 ‘das
354 1765 574 1811 Argoschiff’
603 1765 683 1810 (cfr.
710 1765 834 1811 Eurip.
862 1766 958 1801 Med.
987 1766 1005 1800 1
1034 1766 1073 1801 et
1099 1765 1191 1800 1335
1213 1763 1354 1812 Ἀργοῦς
1379 1768 1507 1812 σκάφος
1533 1767 1572 1802 et
1597 1769 1748 1812 Ἀργῷον

249 1828 377 1872 σκάφος
401 1826 490 1868 477;
527 1825 686 1862 Phaedr.
713 1825 788 1860 fab.
816 1825 878 1870 IV,
918 1826 949 1866 7,
988 1825 1010 1859 9
1046 1825 1168 1870 Araus
1196 1845 1238 1851 —-
1265 1826 1374 1868 rati-33
1421 1825 1534 1871 Orph.
1559 1826 1648 1872 Arg.
1679 1827 1744 1870 86;

249 1886 338 1932 2243
366 1885 452 1927 619;
480 1885 602 1929 1263);
630 1886 770 1920 auxilia
794 1885 856 1926 VI
884 1885 973 1932 7313
998 1886 1075 1920 vela
1100 1885 1162 1926 VI,
1190 1885 1276 1927 116;
1303 1884 1405 1926 VIII,
1424 1884 1511 1927 3283
1537 1886 1658 1921 vincla
1675 1886 1747 1921 111

249 1944 606 1987 6913malust1H
633 1944 714 1981 294.

344 2004 414 2040 436
440 2004 478 2039 in
503 2004 585 2040 Vat.
611 2004 771 2050 scriptus
799 2005 856 2040 est
879 2005 967 2050 post
991 2004 1072 2048 437,
1110 2003 1190 2049 ipse
1215 2004 1444 2049 transposui,
1486 2016 1570 2039 cum
1593 2005 1748 2041 tradito

250 2063 379 2099 ordine
403 2063 627 2099 narrationis
653 2065 762 2099 tenor
787 2063 1103 2109 interrumpatur:
1130 2063 1232 2108 prius
1258 2063 1357 2099 enim
1382 2063 1576 2108 navigatio
1603 2064 1746 2099 deseri—

251 2122 351 2157 bitur
377 2134 488 2167 quam
514 2124 719 2158 conventus
744 2123 910 2170 heroum.

343 2182 425 2225 ipsa
449 2182 545 2223 Vat..
572 2183 649 2226 ipse
676 2182 753 2218 cod.
783 2181 882 2218 Carr.

343 2241 423 2275 437.
475 2241 592 2276 eadem
618 2242 685 2276 dea
720 2241 827 2276 iuvat
851 2242 1088 2286 Argonautas
1116 2243 1154 2276 et
1191 2241 1230 2276 in
1256 2241 1475 2286 remigando
1514 2243 1553 2277 et
1588 2241 1627 2276 in
1652 2242 1749 2278 velis

250 2300 459 2345 pandendis
468 2314 475 2342 ;
504 2300 551 2336 de
575 2301 722 2336 habenis
746 2301 820 2336 vid.
849 2301 897 2336 ad
921 2301 984 2342 IV,
1011 2301 1091 2336 679.

348 2359 429 2394 438.
480 2363 572 2395 torto
597 2360 696 2402 Vat.‚
723 2364 796 2396 toto
823 2361 902 2396 cod.
932 2360 1032 2396 Carr.

349 2418 431 2454 439.
480 2418 537 2454 De
563 2430 603 2454 re
631 2419 697 2455 ofr.
723 2419 896 2464 Apollon.
924 2420 953 2465 Ι,
978 2420 1049 2454 570
1074 2431 1174 2465 seqq.

346 2478 428 2515 440.
472 2489 542 2523 per
566 2490 635 2513 om.
663 2479 760 2520 Vat..
789 2479 873 2514 add.
904 2479 982 2514 eod.
1012 2479 1115 2516 Carr.

344 2538 425 2573 442.
475 2538 680 2581 circumflua
697 2542 826 2582 ponto:
855 2538 941 2573 Luc.
968 2538 1031 2583 IV,
1057 2539 1145 2586 4073
1173 2538 1300 2575 Claud.
1316 2538 1363 2574 de
1376 2540 1471 2584 rapt.
1495 2538 1599 2576 Pros.
1617 2538 1665 2580 ΙΙ,
1687 2538 1747 2575 35.

344 2597 425 2632 443.
476 2601 640 2632 extantzw
664 2597 760 2641 Vat„
798 2601 831 2632 et
855 2602 981 2632 cantus
1005 2598 1099 2633 Pius.
1127 2599 1167 2633 in
1190 2602 1301 2640 nocte,
1329 2597 1394 2633 cfr.
1420 2597 1564 2634 Kuehn.
1591 2610 1645 2643 gr.
1672 2598 1742 2634 lat.

251 2656 290 2692 II
315 2659 335 2703 ξ
360 2657 406 2692 79
432 2658 547 2693 annot
576 2658 629 2692 11.
