1890 3100
156 188 247 232 544
709 185 744 221 O.
771 185 953 221 VALERI
978 185 1154 222 FLACCI

265 319 412 358 gurges
443 306 537 357 agit.
595 305 712 344 simul
740 306 781 344 in
809 306 944 344 vultus
973 306 1092 344 micat
1120 305 1298 358 undique
1327 311 1465 354 terror,

265 371 406 410 crebra
433 371 550 410 ruina
576 371 660 423 poli
687 371 879 410 caelestia
907 371 1045 410 limina
1072 371 1193 410 laxat.

262 451 343 476 non
371 442 508 475 tamen
537 435 713 475 ardentis
745 436 856 488 Styri
883 437 1076 476 violentia
1105 436 1221 475 cedit.

262 503 442 542 hortatur
471 502 599 541 socios
629 501 762 541 media
789 503 893 541 inter
921 502 1075 554 proelia
1103 502 1255 540 divum:

266 567 495 606 ‘transferet
526 581 621 619 ergo
652 581 761 606 meas
790 569 831 606 in
861 582 964 620 quae
994 568 1103 606 volet
1134 567 1280 620 oppida
1309 567 1422 607 dotes

266 632 457 672 Colchis?
486 638 526 672 et
554 634 803 672 Haemonius
833 633 948 672 nobis
979 633 1168 672 succedet
1198 633 1386 672 adulter?

263 712 339 737 nec
368 699 464 737 mihi
493 705 551 737 tot
580 712 746 751 magnos
776 700 880 738 inter
908 713 1108 751 regesque
1137 712 1360 750 procosque

261 764 455 816 profuerit
482 778 608 816 prona
635 764 744 803 haud
773 764 883 803 dubii
912 765 1112 803 sententia
1139 763 1290 816 patris?

263 843 314 868 an
342 830 467 868 virtus
497 830 678 882 praelata
706 831 781 868 viri
810 836 871 869 est
902 836 941 869 et
969 830 1108 868 fortior
1135 830 1216 878 ille,

264 908 384 948 quem
414 894 620 952 sequitur?
661 896 825 947 iungam
853 895 1044 947 igniferos
1075 897 1160 934 sine
1191 896 1364 934 carmine
1395 901 1543 943 tauros,

263 974 466 1013 saevaque
495 954 683 999 Echionii
712 961 817 999 ferro
849 966 935 999 sata
963 973 1183 1013 persequar
1210 960 1340 1012 hydri.

262 1026 339 1064 hoc
368 1025 469 1064 adeo
498 1026 653 1064 interea
683 1031 821 1077 specta
850 1025 899 1064 de
929 1026 1044 1064 litore
1073 1039 1230 1077 pugnas

265 1091 482 1139 amborum,
514 1091 675 1130 victoris
706 1091 801 1139 eris;
831 1091 910 1129 iam
940 1091 1061 1142 digna
1088 1090 1243 1129 videbis

264 1156 429 1208 proelia,
459 1157 619 1209 iamque
648 1156 748 1195 illud
778 1170 913 1195 carum
943 1162 1061 1208 caput
1089 1157 1146 1195 ire
1177 1162 1343 1195 cruenta

265 1222 339 1260 sub
368 1222 481 1269 freta,
514 1223 690 1261 semiviri
717 1236 792 1261 nec
822 1236 955 1260 murra
984 1235 1126 1274 corpus
1156 1222 1312 1269 Achivi,

266 1287 339 1326 sed
366 1288 468 1340 pice,
500 1287 572 1327 sed
599 1287 766 1326 flammis
798 1294 838 1326 et
867 1287 1011 1326 olentis
1043 1287 1233 1339 sulphure
1264 1288 1406 1326 crines.

262 1366 334 1391 vos
363 1352 482 1392 modo
511 1353 578 1392 vel
607 1353 735 1392 solum
764 1353 840 1391 hoc
869 1353 1012 1391 fluctus
1043 1352 1234 1405 expellite
1265 1366 1418 1405 corpus,

263 1432 344 1457 non
371 1425 424 1467 te,
455 1419 586 1458 Aeeta
613 1425 739 1471 pater,
771 1420 921 1471 generi,
953 1425 1032 1467 aut,
1064 1418 1135 1458 Sol
1164 1432 1320 1470 magne,
1350 1418 1530 1471 pudebit.

266 1483 410 1522 fallor?
447 1498 499 1523 an
526 1485 599 1522 hos
629 1484 744 1523 nobis
774 1485 929 1535 magico
959 1497 1064 1522 nunc
1094 1484 1267 1522 carmine
1297 1489 1439 1522 ventos

156 1593 339 1637 tempore,
367 1603 441 1638 quo
468 1591 589 1627 altera
614 1591 653 1626 in
677 1591 863 1625 undarum
888 1590 1031 1626 hiatum
1059 1590 1264 1626 descendit.
1304 1589 1379 1626 Sed
1404 1591 1545 1636 aymine
1581 1595 1652 1627 toto

161 1650 252 1696 quid
276 1650 335 1696 sit,
362 1662 436 1686 non
462 1650 552 1686 satis
578 1650 721 1697 liquet:
747 1650 895 1686 videtur
923 1661 1002 1686 esse
1029 1661 1165 1695 agmen
1195 1650 1391 1686 undarum.

252 1710 332 1746 333.
383 1712 423 1746 in
447 1711 565 1746 vultus
588 1710 696 1745 micat
721 1710 875 1755 undique
900 1714 1030 1746 terror:
1057 1721 1104 1745 ne
1130 1710 1201 1745 hoc
1227 1709 1379 1756 quidem
1404 1709 1494 1745 satis
1521 1710 1652 1755 aperte

158 1770 322 1805 dictum:
363 1770 410 1806 de
435 1769 654 1805 fulminibus
678 1769 764 1804 Pius
790 1770 894 1805 recte
919 1769 1069 1805 videtur
1096 1769 1311 1815 explicasse.

253 1829 334 1866 334.
383 1831 493 1865 ruina
512 1830 592 1874 poli
628 1831 715 1864 sunt
753 1829 995 1864 vehementes
1020 1828 1159 1864 imbres
1186 1829 1233 1864 de
1259 1828 1364 1864 caelo
1389 1829 1550 1873 ruentes
1583 1828 1651 1864 cfr.

160 1889 271 1935 Verg.
298 1900 427 1935 georg.
462 1889 490 1932 I,
518 1889 604 1932 324;
647 1889 738 1925 Aen.
765 1889 793 1929 I,
822 1888 906 1931 129;
950 1888 1011 1925 Sil.
1039 1888 1065 1929 Ι,
1093 1889 1183 1933 251;
1224 1888 1285 1930 VI,
1313 1889 1401 1932 322;
1443 1888 1525 1931 XII,
1562 1888 1650 1931 636;
1686 1883 1694 1896 ⁸

156 1940 266 1984 Mart.
295 1948 360 1994 111,
387 1948 466 1988 100,
493 1949 516 1984 3
540 1950 711 1985 imbribus
741 1949 938 1984 immodicis
963 1949 1098 1983 caelum
1122 1960 1206 1983 nam
1228 1948 1322 1991 forte
1346 1948 1481 1985 ruebat.

252 2009 388 2044 lumina
411 2009 508 2054 Van,
524 2009 648 2045 limina
665 2009 745 2044 cod.
764 2008 986 2043 Burmanni:
1005 2008 1054 2044 ‘es
1081 2007 1247 2044 offneten
1273 2008 1352 2043 sich
1371 2007 1431 2043 die
1448 2007 1652 2044 Schleusen

157 2067 223 2103 des
249 2067 452 2103 Himmels’.
1584 2110 1586 2112 q

251 2126 331 2162 335.
385 2128 478 2163 Stiri
501 2128 705 2163 violentiam
730 2127 880 2173 scripsit
898 2126 1067 2163 Valerius
1094 2126 1254 2162 fortasse
1280 2137 1423 2162 memor
1447 2126 1651 2162 violentiae

157 2184 274 2220 Turni
298 2185 410 2232 Verg.
436 2187 529 2224 Aen.
554 2187 621 2229 XI,
649 2187 719 2222 376
746 2188 784 2223 et
810 2186 895 2229 XII,
923 2186 979 2222 45.

253 2244 334 2281 336.
377 2246 520 2290 proelia
546 2246 665 2281 divum
690 2258 739 2282 sc.
766 2244 918 2281 Iunonis
946 2246 984 2281 et
1009 2246 1218 2282 ventorum.

169 2340 173 2343 ,
253 2303 333 2340 337.
385 2315 480 2340 meas
506 2328 552 2334 -
577 2305 690 2351 dotes;
729 2305 859 2350 Styrus
885 2305 1060 2340 Medeam
1088 2315 1171 2339 cum
1197 2304 1302 2340 dom’s
1329 2311 1416 2340 ase
1442 2304 1650 2349 desponsae

156 2362 296 2408 virgini
322 2363 419 2399 datis
446 2363 636 2409 aufugisse
661 2365 783 2409 putat.

252 2422 330 2459 347.
379 2423 535 2458 semiviri
561 2442 604 2449 —
630 2423 775 2464 Achivi;
802 2422 952 2458 semivir
977 2422 1140 2468 turpiter
1166 2424 1204 2458 et
1230 2434 1313 2458 cum
1331 2421 1494 2458 convicio
1513 2422 1650 2457 dicitur

158 2483 264 2531 quasi
287 2482 345 2518 vir
371 2482 617 2528 effeminatus,
655 2483 698 2517 ut
723 2482 834 2527 Verg.
861 2482 953 2518 Aen.
980 2482 1041 2524 IV,
1080 2482 1165 2523 215;
1217 2481 1299 2523 XII,
1339 2481 1395 2518 99.
1432 2491 1496 2516 nec
1527 2493 1651 2517 murra

158 2553 288 2588 corpus
311 2542 440 2578 Achivi
464 2553 514 2577 sc.
541 2542 654 2578 olens.

254 2602 335 2638 349.
384 2601 454 2638 Vel
478 2601 576 2637 solus
603 2601 681 2637 sine
707 2600 814 2636 sociis
841 2601 883 2635 ut
908 2599 1082 2635 fluctibus
1108 2600 1158 2635 ad
1182 2602 1324 2635 terram
1343 2599 1509 2646 eiciatur,
1539 2601 1650 2646 optat

160 2661 289 2698 Stirus.
