1890 3100
598 231 983 269 ARGONAVTICON
1005 230 1152 266 LIBER,
1174 231 1224 266 11.
1562 233 1646 276 175

285 351 572 404 inlustremque
598 350 734 402 fugam
755 350 890 401 pueri3
923 362 1017 391 mox
1044 349 1208 388 aethere
1234 348 1366 388 laetus
1646 358 1703 387 415

288 416 471 455 adstabat
495 416 661 455 mensis:
687 414 785 467 quin
810 420 855 453 et
878 414 986 452 Iovis
1013 414 1185 465 armiger
1210 413 1297 465 ipse

0 511 1 516 ,
288 481 431 533 accipit
457 494 483 524 a
505 480 682 531 Phrygio
703 479 787 517 iam
813 478 959 530 pocula
983 477 1133 519 blanda
1158 478 1348 516 ministro.

0 527 6 596 ἱ
286 551 382 583 tunc
410 558 546 584 ensem
571 548 788 595 notumque
814 542 948 583 ferens
976 542 1133 594 insigne
1159 542 1354 582 Thoantis

0 597 8 657 f}
290 608 449 662 ‘accipe’
477 609 542 656 ait,
573 607 702 647 ‘bellis
729 607 965 660 inediaeque
992 613 1038 646 ut
1067 607 1234 659 pulvere
1267 620 1426 659 pugnae

0 658 9 672 ι
286 675 360 712 sim
386 686 531 721 comes,
557 673 731 712 Aetnaei
756 673 914 723 genitor
939 685 1043 724 quae
1070 672 1253 711 flammea
1286 672 1411 723 gessit
1647 680 1704 709 420

286 738 391 777 dona
417 737 492 786 dei,
526 751 632 776 nunc
660 736 781 788 digna
805 737 884 776 tuis
913 736 1121 788 adiungier
1147 737 1276 776 armis.

283 804 309 851 i,
333 815 486 842 memor
510 802 524 840 i
550 808 693 849 terrae,
721 815 824 854 quae
850 815 923 840 vos
952 802 1135 854 amplexa
1163 802 1297 853 quieto

284 868 411 920 prima
437 868 542 915 sinu3
576 867 683 906 refer
709 872 751 905 et
778 866 933 908 domitis
961 880 987 905 a
1014 866 1228 906 Colchidos
1256 867 1334 906 oris

282 932 376 972 vela
399 945 471 984 per
496 932 602 971 hunc
629 936 742 970 utero
769 944 889 983 quem
915 931 1061 983 linquis
1088 931 1234 970 Iasona
1260 931 1421 970 nostro.'

285 997 342 1035 sic
368 996 424 1034 ait
447 996 660 1041 Haemonii
685 995 825 1034 labens
858 995 900 1034 in
927 995 1032 1034 colla
1058 996 1198 1034 mariti.
1646 1003 1701 1033 425

178 1126 288 1172 Verg.
312 1126 404 1162 Aen.
428 1126 471 1167 V,
495 1125 565 1159 252
590 1136 690 1170 seqq.
726 1125 897 1160 Artifices
922 1126 1047 1161 autem
1072 1136 1215 1160 amasse
1241 1125 1336 1160 hanc
1361 1125 1408 1160 de
1434 1124 1647 1170 Ganymede

178 1185 346 1226 fabulam
369 1184 573 1230 exprimere
598 1185 757 1229 apparet
782 1194 827 1219 ex
852 1183 943 1218 ariis
966 1184 1213 1219 monumentis
1228 1195 1303 1219 noii
1318 1183 1446 1229 paucis
1462 1183 1646 1229 hodieque

178 1243 346 1289 servatis,
370 1243 435 1278 ubi
443 1242 674 1288 conspicitur
689 1242 815 1287 aquila
830 1253 986 1287 puerum
1001 1242 1151 1288 rapiens
1166 1243 1227 1278 vel
1241 1254 1335 1288 puer
1351 1242 1498 1288 aquilae
1514 1243 1646 1289 potum

177 1302 373 1347 praebens.
422 1300 620 1337 Cetei-um
609 1313 649 1336 in
668 1311 710 1336 eo
727 1300 887 1336 fortasse
902 1300 1127 1346 interpretes
1152 1302 1380 1343 erraverunt,
1407 1301 1505 1346 quod
1519 1301 1646 1347 plures

178 1360 358 1406 imagines
386 1371 455 1396 acu
481 1359 604 1405 pictas
627 1360 667 1394 iii
691 1359 887 1404 chlamyde
911 1359 1026 1396 fuisse
1049 1360 1238 1407 statuunt3
1266 1360 1358 1395 milii
1382 1361 1474 1396 duas
1497 1361 1646 1395 tantum

176 1419 358 1465 imagines
386 1419 568 1464 oogitasse
595 1419 712 1464 poeta
733 1419 897 1454 videtur:
929 1418 1059 1464 fugam
1083 1390 1262 1455 Thoantis
1286 1419 1325 1454 111
1350 1431 1458 1455 curru
1480 1419 1645 1455 sedentis

178 1479 218 1514 et
239 1479 389 1524 raptum
413 1477 654 1523 Ganymedis:
679 1478 807 1513 cetera
830 1488 924 1523 quae
947 1478 1078 1520 narrat
1096 1479 1211 1522 poeta
1227 1477 1275 1514 de
1291 1477 1489 1513 Thoante
1478 1490 1518 1512 in
1533 1477 1647 1513 silvas

175 1529 397 1582 refugiente,
428 1536 476 1572 de
501 1535 717 1581 Ganymede
739 1535 780 1571 in
804 1536 909 1572 caelo
933 1537 1117 1578 versante,
1142 1536 1296 1572 licentia
1324 1536 1447 1582 poetis
1472 1547 1648 1572 concessa

176 1596 227 1637 ad
247 1595 505 1641 complendam
525 1594 727 1640 imaginem
752 1595 907 1630 addidit.
935 1594 1010 1631 cfr.
1032 1595 1109 1631 ind.
1134 1595 1221 1633 lect.
1244 1595 1404 1632 Mona-st.
1430 1596 1524 1633 aest.
1542 1595 1644 1631 1894.

269 1666 352 1702 418.
401 1677 514 1701 ensem
535 1669 723 1711 notumque
744 1666 863 1708 ferens
889 1666 1027 1711 ins-'qne
1049 1666 1170 1710 figura
1194 1666 1329 1701 dicitur
1358 1677 1469 1711 quam
1492 1666 1646 1702 hendia—

177 1725 244 1770 dys
267 1724 469 1766 nominant,
495 1735 544 1760 sc.
570 1735 695 1760 ensem
717 1735 800 1760 cum
823 1725 912 1760 noto
935 1724 1072 1770 insigni
1096 1724 1236 1767 ferens;
1262 1725 1329 1761 cfr.
1347 1724 1415 1766 m,
1433 1725 1502 1760 377
1519 1736 1647 1760 omasus

174 1783 366 1829 Μανῆ
389 1783 460 1818 426
483 1794 569 1818 aras
591 1784 779 1828 ignotaque
800 1785 945 1819 nentina
968 1783 1100 1826 divom
1137 1783 1207 1819 495
1243 1784 1410 1819 thalamis
1445 1787 1478 1819 et
1511 1785 1647 1829 virgine

171 1841 797 1887 paoea36881w÷misoomitique;
822 1842 1142 1889 VI,3889ravem
1171 1842 1276 1878 nodis
1305 1853 1462 1887 auroque
1491 1853 1647 1878 securem

175 1900 236 1946 al.;
258 1900 326 1938 eir.
350 1900 525 1946 Gebbing
547 1901 596 1937 de
619 1901 702 1939 Val.
727 1901 851 1936 Flacci
872 1901 991 1947 tropis
1024 1903 1064 1937 et
1092 1902 1218 1947 figuris
1247 1914 1283 1947 p.
1314 1901 1362 1936 84
1398 1912 1497 1947 seqq.
1545 1901 1646 1936 Nota

176 1960 265 1995 sunt
286 1959 450 2005 insignia
474 1959 687 2005 clipeorum,
715 1960 761 1995 de
786 1960 911 2005 gladio
948 1960 1014 1996 oft.
1039 1960 1231 1995 Burmann
1267 1959 1351 1996 Seii.
1376 1960 1536 1996 Phaedr.
1573 1959 1644 1995 899

175 2029 252 2064 seq.
276 2020 393 2064 reqale
410 2020 539 2063 parvis
561 2029 726 2064 asperum
749 2020 863 2064 siquis
885 2020 971 2054 ebur
1007 2019 1142 2064 capulo
1171 2020 1328 2065 refulget,
1359 2020 1498 2064 yma-is
1520 2019 1647 2054 Actaei

176 2077 298 2122 doum
322 2077 403 2114 Val.
428 2077 525 2113 Max.
550 2077 579 2118 I,
604 2077 637 2118 8,
664 2078 738 2113 ext.
764 2078 824 2112 10:
850 2078 1058 2113 Pausanias
1081 2079 1122 2114 in
1150 2079 1275 2123 capulo
1310 2078 1433 2123 qladii,
1466 2089 1534 2123 quo
1564 2088 1645 2112 eum

179 2135 414 2182 (Philippum)
439 2136 574 2177 oceidit,
599 2136 808 2181 quadr-iqam
831 2137 956 2171 habuit
979 2137 1160 2172 caelatam.

268 2206 350 2243 423.
396 2206 611 2249 refer—vela
628 2217 697 2251 per
719 2207 1034 2243 hunc—Iasonem.
1082 2207 1223 2243 referre
1254 2208 1339 2244 vela
1367 2219 1435 2253 pro
1467 2219 1511 2243 eo
1546 2207 1644 2252 quod

178 2266 235 2302 est
256 2265 344 2301 navi
366 2266 489 2302 redire
513 2266 592 2302 sine
616 2266 787 2312 exemplo
811 2266 952 2301 dictum
974 2266 1133 2308 videtur,
1159 2267 1225 2302 sed
1255 2278 1330 2302 non
1359 2267 1444 2302 ideo
1476 2266 1646 2302 offendor

172 2323 248 2360 -lioe
264 2324 360 2370 loco,
396 2325 440 2359 ut
474 2324 568 2361 Phil.
593 2325 760 2370 Wagner
782 2325 916 2362 Philol.
951 2325 1007 2366 20,
1046 2325 1130 2367 633;
1168 2326 1300 2362 eodem
1335 2326 1417 2361 loco
1455 2325 1645 2360 desiderat

55 2423 58 2424 ⁷
176 2382 331 2418 verbum
352 2383 531 2429 precandi
554 2383 614 2419 vel
648 2384 862 2420 obtestandi
894 2383 943 2419 ad
972 2394 1042 2428 per
1077 2384 1386 2429 praepositionem
1423 2383 1643 2430 appositum,

19 2438 68 2487 “q
87 2454 94 2458 ·
171 2440 245 2477 aed
266 2441 402 2477 oblitus
428 2443 485 2477 est
506 2442 704 2478 verborum
729 2442 838 2487 Verg.
862 2442 954 2478 Aen.
980 2442 1023 2490 X,
1048 2442 1118 2478 369
1136 2454 1255 2490 seqq.;
1293 2443 1361 2478 597
1385 2455 1486 2488 seqq.
1510 2442 1643 2487 Hypsi-

11 2517 15 2524 ·
48 2491 56 2498 ‘
171 2498 291 2544 pylm
311 2501 444 2546 postea
467 2500 633 2546 geminos
657 2502 843 2546 peperisse
867 2501 906 2536 in
943 2501 1079 2537 fabulis
1115 2503 1299 2542 narratur,
1338 2502 1405 2538 cfr.
1429 2502 1523 2547 Hyg.
1564 2501 1639 2535 fab.

179 2556 240 2600 153
261 2559 379 2603 myth.
403 2558 487 2595 Vat.
512 2559 541 2604 Ι,
568 2559 655 2601 133;
678 2560 848 2605 Apollod.
874 2559 902 2601 L
927 2559 960 2601 9,
988 2561 1047 2603 173
1074 2561 1144 2596 hoc
1166 2571 1256 2596 sane
1281 2560 1448 2596 divinare
1473 2572 1547 2595 non
1576 2571 1641 2604 po-

173 2615 279 2651 eterat
308 2617 448 2659 maten
485 2617 584 2662 quod
617 2619 742 2654 autem
776 2619 1000 2659 nascentem,
1037 2619 1081 2653 ut
1117 2620 1253 2664 sperat,
1283 2630 1439 2664 puerum
1470 2619 1640 2654 Iasonem

178 2675 296 2716 vocat,
322 2677 410 2721 apte
435 2676 623 2712 confertur
646 2676 755 2722 Verg.
781 2677 872 2714 Aen.
896 2677 957 2718 IV,
983 2677 1064 2713 328.
