1890 3100
266 228 353 270 226
794 222 831 259 0.
858 222 1038 258 VALERI
1063 222 1239 258 FLAcci

371 345 623 397 Tisiphonen
652 344 892 396 graviorque
921 342 1030 381 locos
1060 343 1138 381 iam
1167 343 1258 381 luce
1287 343 1511 395 propinqua

372 411 513 449 umbra
540 410 703 462 premit3
733 422 814 447 non
844 409 958 460 signa
985 409 1125 456 virum,
1156 421 1237 446 non
1265 408 1408 447 funera
1437 413 1615 457 cernunt,
1762 422 1815 452 215

375 482 415 515 et
443 476 554 514 rabie
584 475 711 526 magis
742 488 810 513 ora
839 475 984 513 calent.
1040 488 1112 512 vos
1141 474 1310 526 prodite,
1343 473 1470 520 divae,

374 540 646 579 Eumenidum
674 541 883 592 noctisque
914 540 1067 591 globos,
1098 541 1261 592 vatique
1290 545 1473 591 patescat

374 620 571 645 armorum
600 606 736 657 fragor
765 611 804 644 et
832 605 958 657 tepidi
987 605 1227 657 singultibus
1258 606 1343 657 agri

372 672 579 710 labentum
608 677 728 724 atque
759 672 837 709 acti
864 671 1012 722 Minyis
1042 685 1114 722 per
1142 671 1259 709 litora
1286 684 1436 709 manes.

430 737 606 788 Cyzicus
636 737 701 775 hic
731 737 858 775 aciem
886 737 1000 775 vanis
1031 736 1275 775 discursibus
1305 736 1445 788 implet
1760 742 1814 772 220

372 803 455 842 fata
483 803 665 851 trahens;
695 803 772 840 iam
802 802 919 854 pulsa
949 802 1023 840 sibi
1053 802 1224 840 cessisse
1254 801 1471 853 Pelasgum

359 940 439 976 214.
490 938 719 984 Tisiphonen
750 950 818 983 per
849 939 1000 974 noctem
1024 938 1136 974 modo
1163 950 1253 984 opus
1280 950 1386 973 suum
1412 949 1586 973 exercere
1611 937 1673 973 1110
1698 949 1755 973 311-

264 999 333 1034 mit
356 1000 471 1044 poeta
498 999 536 1034 et
563 998 623 1034 die
650 997 974 1043 appropinquante
1001 997 1134 1042 fugere
1162 997 1255 1042 cogi,
1281 998 1323 1032 ut
1348 1008 1477 1034 manes
1516 997 1616 1043 apud
1642 997 1754 1042 Verg.

264 1059 355 1095 Aen.
373 1058 415 1099 V,
436 1057 523 1105 7395
549 1059 716 1093 ceterum
740 1058 877 1103 poetae
896 1057 1027 1091 Furias
1054 1057 1169 1092 etiam
1194 1068 1261 1102 per
1287 1056 1387 1092 diem
1412 1056 1577 1092 officium
1604 1056 1756 1101 exsequi

263 1118 431 1163 narrant,
470 1117 534 1152 cfr.
574 1116 778 1152 Ailectonis
805 1128 896 1162 opus
929 1116 1028 1162 apud
1053 1116 1164 1161 Verg.
1191 1117 1282 1152 Aen.
1308 1115 1391 1158 VII,
1417 1115 1485 1151 341
1521 1127 1640 1163 seqq.;
1666 1115 1757 1150 Tisi-

263 1178 406 1223 phones
434 1177 523 1212 Aen.
550 1176 592 1218 X,
622 1176 706 1217 761;
733 1176 827 1212 Stat.
854 1175 971 1211 Theb.
998 1175 1102 1217 VIII,
1129 1176 1215 1221 346;
1242 1175 1303 1217 IX,
1332 1175 1416 1218 150;
1443 1175 1504 1211 Sil.
1530 1175 1579 1216 ΙΙ,
1605 1175 1684 1210 543.

357 1237 568 1282 qravz'orque
604 1236 697 1271 locos
734 1256 777 1261 ——
815 1236 941 1270 umbra
977 1236 1108 1280 premit
1115 1249 1127 1279 ‚-
1164 1247 1245 1270 cum
1292 1235 1493 1280 Tisiphone
1529 1234 1759 1270 intellexerit

266 1295 338 1331 sibi
362 1307 449 1331 mox
475 1295 619 1331 oriente
647 1295 707 1330 die
733 1294 954 1340 fugiendum
980 1306 1070 1335 esse,
1100 1295 1186 1330 dum
1223 1296 1372 1340 tempus
1411 1294 1522 1329 datur
1560 1293 1754 1339 caliginem

266 1355 381 1391 etiam
408 1355 620 1390 densiorem
645 1355 884 1399 stragemque
917 1354 1124 1390 foediorem
1151 1354 1279 1390 efficit.
1328 1353 1380 1389 Ut
1415 1355 1486 1389 hoc
1522 1353 1605 1389 loco
1643 1364 1758 1399 opera

263 1414 397 1450 Furiae
422 1426 494 1450 nox
520 1414 563 1448 fit
589 1413 788 1459 obscurior,
827 1414 882 1449 ita
918 1414 979 1449 vel
1017 1414 1104 1449 solis
1142 1414 1263 1449 lucem
1301 1413 1492 1449 obscurari
1529 1412 1636 1447 finxit
1660 1411 1755 1447 Stat.

264 1473 383 1510 Theb.
409 1473 438 1519 Ι,
466 1473 512 1508 90
539 1475 578 1509 et
603 1473 665 1515 xi,
694 1473 774 1510 120.

357 1545 436 1580 215.
486 1556 560 1580 nou
583 1545 714 1587 funera
739 1549 904 1590 cernunt5
928 1556 1003 1581 non
1028 1545 1118 1580 satis
1144 1545 1272 1589 liquet,
1293 1545 1419 1580 utrum
1435 1544 1605 1580 hocloco
1626 1544 1758 1586 funera

263 1604 485 1640 occisionem
511 1604 721 1649 significent
748 1616 796 1639 an
822 1615 978 1650 corpora
1003 1605 1246 1644 mortuorum,
1273 1605 1472 1649 utrumque
1499 1604 1645 1648 aptum;
1687 1602 1755 1639 cfr.

266 1664 316 1699 ad
339 1663 421 1705 VII,
449 1664 528 1709 643.

358 1723 438 1759 217.
489 1723 726 1759 Eumenidum
766 1725 946 1768 ‘noctisque
984 1724 1105 1768 ylebos
1139 1723 1307 1768 Wagner
1344 1723 1618 1768 interpretatur
1651 1721 1755 1756 Furi—

263 1793 370 1817 arum
396 1784 563 1818 extrema
588 1784 699 1819 nocte
727 1783 895 1819 conferta
922 1783 1083 1828 agmina⁷
1111 1783 1208 1827 quod
1233 1794 1308 1818 non
1333 1781 1422 1817 satis
1449 1783 1577 1828 aptum
1592 1781 1752 1822 videtur,

261 1842 375 1877 immo
399 1842 493 1887 ylobi
530 1843 616 1877 sunt
642 1842 793 1888 agmina
818 1842 983 1878 virorum
1009 1842 1291 1887 conglomerata
1317 1841 1364 1876 ab
1390 1840 1656 1877 Eumenidjbus
1687 1851 1755 1886 per

264 1902 425 1947 noctem,
452 1901 504 1936 sic
530 1901 577 1942 ΙΙ,
605 1901 674 1937 285
700 1903 786 1936 sunt
812 1903 948 1937 labores
972 1902 1090 1936 undae
1115 1901 1178 1946 qui
1203 1901 1304 1935 unda
1330 1900 1558 1943 efficiuntur3
1585 1900 1653 1939 ΙΙΙ,
1687 1899 1755 1934 192

264 1960 394 1996 Canthi
410 1962 547 2003 vulnus,
577 1961 676 2006 quod
695 1961 861 1996 Canthus
881 1962 1024 2003 intulit;
1051 1961 1112 2003 IV,
1133 1961 1202 1996 704
1223 1962 1367 1996 deorum
1384 1971 1463 1996 sors
1482 1971 1504 1995 a
1525 1959 1604 1995 deis
1628 1959 1753 1994 missa.

357 2032 436 2068 218.
487 2033 598 2077 tepidi
621 2034 835 2078 sinyultibus
861 2034 941 2079 ayrz'
966 2033 1150 2076 dicuntur,
1190 2033 1276 2078 quia
1315 2045 1399 2068 cum
1435 2031 1600 2077 singultu
1640 2030 1755 2067 etiam

262 2091 412 2136 sanguis
436 2092 586 2137 tepidus
614 2103 658 2128 ex
685 2093 900 2138 corporibus
926 2093 1148 2139 prorumpit.

358 2162 438 2198 220.
490 2164 596 2198 aciem
622 2165 725 2199 vanas
750 2165 967 2200 discursibus
991 2166 1112 2209 implet
1119 2179 1131 2210 ,·
1155 2165 1324 2210 Wagner
1363 2169 1440 2210 ‘per
1475 2164 1598 2199 totam
1635 2162 1750 2198 aciem

263 2222 435 2257 discurrit
460 2234 551 2258 ausu
576 2223 700 2265 inani',
727 2224 794 2259 sed
820 2235 864 2259 ea
889 2235 984 2269 quae
1010 2225 1215 2269 sequuntur
1241 2223 1454 2265 ostendunt,
1483 2235 1567 2259 eum
1585 2221 1753 2258 exultan-

261 2282 340 2316 tem
366 2282 503 2327 gaudio
530 2294 614 2317 cum
640 2283 801 2318 clamore
827 2283 947 2319 aciem
971 2283 1208 2329 percurrisse,
1234 2283 1364 2328 itaque
1396 2283 1514 2319 verba
1546 2281 1598 2317 sic
1628 2280 1753 2327 potius

261 2340 511 2376 intellexerim
539 2341 647 2377 ‘viros
672 2342 711 2376 in
737 2342 815 2378 acie
839 2344 1052 2388 pugnantes
1079 2343 1230 2384 excitat,
1257 2344 1329 2378 huc
1353 2342 1442 2378 illuc
1461 2340 1665 2382 currendo';
1685 2339 1751 2375 cfr.

263 2399 313 2434 ad
337 2399 387 2441 IL
417 2399 494 2434 125.
1102 2387 1107 2391 “

357 2459 436 2495 221.
485 2459 566 2502 fata
591 2461 735 2495 trahens
760 2460 928 2505 Wagner
954 2461 1076 2496 ‘morti
1111 2461 1361 2507 propinquus,
1388 2460 1539 2496 Dureau
1574 2459 1753 2494 ‘trainant
1826 2489 1836 2503 ,
1864 2496 1866 2498 ,

262 2529 354 2555 avec
384 2518 437 2553 lui
470 2530 511 2554 sa
543 2519 732 2559 destinee’,
772 2519 839 2555 sed
874 2520 1026 2565 propius
1065 2521 1114 2555 ad
1151 2521 1351 2556 veritatem
1387 2519 1536 2555 videtur
1560 2519 1752 2553 Burmann
1824 2532 1834 2567 ‘:·
1864 2515 1865 2518 ’

262 2577 461 2614 accessisse
488 2578 709 2623 explicando
737 2579 955 2624 ‘producens
982 2579 1109 2623 vitam,
1149 2592 1236 2616 mox
1272 2579 1483 2625 periturus’;
1524 2589 1568 2614 ea
1604 2577 1751 2613 ratione
1823 2574 1866 2633 j,

261 2638 429 2673 moratur
455 2637 584 2679 fatum,
612 2638 710 2683 quod
736 2639 807 2673 huc
832 2637 919 2673 illuc
935 2639 939 2642 ”
955 2638 1129 2674 discurrit
1166 2639 1292 2685 itaque
1330 2650 1412 2674 sero
1452 2638 1602 2673 demum
1626 2635 1750 2673 Iasoni

263 2695 428 2742 offertur,
453 2708 521 2742 per
547 2708 656 2742 quem
680 2697 774 2732 mori
802 2697 835 2732 ei
857 2696 1086 2733 destinatum
1112 2699 1209 2741 erat;
1237 2698 1302 2736 cfr.
1329 2698 1378 2733 ad
1402 2697 1430 2738 Ι,
1458 2697 1536 2735 764.
1825 2681 1844 2706 i
