1890 3100
579 236 967 274 ARGONAv'ncoN
995 236 1142 272 LIBER
1166 236 1236 273 m.
1553 239 1640 283 233

261 357 470 409 praecipiti
497 356 690 411 plangore
717 361 857 405 ruunt3
886 357 1071 408 agnoscit
1098 357 1141 395 in
1168 355 1251 394 alta
1640 363 1695 393 275

265 426 399 473 strage
426 422 556 460 virum
583 434 657 460 sua
682 427 796 461 texta.
821 435 979 474 parens,
1009 435 1083 460 sua
1109 435 1277 460 munera
1304 421 1490 460 coniunx.

265 486 297 524 it
323 487 495 538 gemitus
523 491 608 525 toto
637 487 800 525 sinuosa
826 500 899 539 per
926 500 1103 539 aequora.
1131 500 1283 538 eampo.

263 564 356 603 pars
383 552 515 590 tenuis
542 551 660 590 flatus
689 557 731 590 et
758 550 889 590 adhuc
918 551 1127 591 stridentia
1153 557 1345 604 prensant

264 616 441 664 volnera,
469 629 562 668 pars
591 629 682 655 sera
710 623 952 669 componunt
978 617 1130 656 lumina
1158 616 1311 656 dextra.

264 686 305 719 at
331 694 428 720 vero
454 681 497 719 in
523 681 664 720 mediis
694 682 890 733 exsangui
917 695 1014 734 rege
1041 688 1202 734 reperto
1644 682 1699 712 28⁰

265 746 491 798 aggeribus,
520 746 624 784 tristi
652 747 798 786 sileant
826 760 901 786 ceu
929 754 1064 786 cetera
1091 748 1266 800 planctu,

265 811 323 849 sic
349 811 541 850 famulum
568 818 819 865 matrumque
848 812 972 854 dolor.
1003 813 1059 851 sie
1089 813 1216 852 omnis
1244 812 1296 851 ad
1324 827 1447 851 unum

265 889 384 915 versa
410 890 563 915 manus.
620 877 725 915 circa
753 877 925 916 lacrimis
955 891 1002 916 ac
1030 878 1230 917 mentibus
1259 879 1373 929 aegri

214 985 221 991 ’
253 993 334 1030 277.
371 998 405 1030 et
427 994 524 1035 Vat..
555 996 585 1030 it
610 995 699 1031 edit.
724 995 816 1031 Bon.
845 996 883 1031 et
907 995 1010 1041 Ald.;
1036 997 1130 1031 caelo
1159 996 1254 1034 Vat..
1279 1007 1403 1041 campo
1430 1008 1518 1043 ego;
1555 997 1647 1032 nota

160 1053 219 1088 est
242 1052 381 1089 locutio
405 1055 436 1089 it
459 1055 591 1089 elamor
614 1055 709 1089 caelo
751 1056 864 1099 atque
901 1055 1047 1095 similes,
1086 1055 1151 1090 ubi
1186 1055 1290 1091 caelo
1329 1056 1540 1091 dativum
1566 1067 1647 1091 esse

160 1112 319 1153 emetat,
344 1113 412 1148 sed
437 1114 621 1158 quomodo
646 1114 807 1159 gemitus
831 1115 931 1150 toto
957 1114 1061 1150 caelo
1086 1114 1108 1149 i.
1137 1126 1167 1151 e.
1193 1126 1275 1160 per
1300 1126 1469 1160 aequora
1492 1114 1540 1150 in
1564 1116 1647 1150 toto

161 1170 266 1206 caelo
291 1172 364 1212 eat,
389 1171 562 1217 intellegi
585 1184 661 1208 non
684 1174 828 1218 potest;
853 1174 1001 1209 sinuosa
1019 1185 1090 1218 per
1112 1185 1268 1219 aequora
1304 1175 1375 1210 hoc
1406 1174 1488 1210 loco
1515 1174 1649 1210 eadem

160 1230 350 1265 sententia
375 1231 523 1272 dicitur,
549 1233 592 1266 ut
616 1243 772 1277 aequora
796 1233 928 1277 campi;
954 1234 1102 1268 sinuosa
1127 1234 1255 1269 autem
1279 1234 1529 1273 nominantur.
1563 1233 1650 1278 quia

161 1289 323 1334 gemitus
348 1301 414 1336 per
437 1290 543 1326 littus
559 1291 793 1336 potissimum
809 1292 997 1327 sinuosum
1023 1292 1183 1334 auditur,
1210 1292 1275 1328 ubi
1298 1304 1427 1338 pugna
1452 1294 1491 1329 et
1516 1293 1650 1328 caedes

163 1346 291 1384 factae
314 1350 435 1385 erant.

256 1414 338 1456 278.
384 1421 489 1464 fletus
512 1421 615 1464 Vat.;
638 1423 749 1465 flatus
774 1422 855 1459 cod.
883 1422 983 1459 Carr.
1020 1423 1045 1460 i.
1072 1434 1103 1459 e.
1141 1423 1303 1468 spiritus.
1345 1424 1388 1458 ut
1413 1423 1509 1460 Stat.
1534 1423 1652 1461 Theb.

161 1481 225 1526 VI,
249 1480 335 1523 604;
372 1480 461 1524 873;
498 1481 645 1527 saepius
683 1482 784 1527 apud
818 1482 1064 1528 posteriores:
1105 1481 1232 1518 Claud.
1270 1482 1318 1518 de
1343 1482 1407 1517 VI.
1433 1494 1531 1519 cons.
1557 1486 1651 1521 Hon.

161 1541 256 1589 2793·
287 1551 415 1586 magn.
439 1540 503 1584 333
540 1540 835 1578 Pseudo-Claud.
873 1541 975 1576 laud.
1000 1541 1109 1577 Herc.
1136 1541 1205 1576 124
1220 1555 1228 1583 ;
1266 1541 1408 1578 Paulin.
1435 1541 1502 1578 vit.
1540 1542 1653 1577 Mart.

160 1600 223 1640 VI.
249 1600 338 1642 171;
362 1600 412 1636 de
435 1599 535 1636 visit.
560 1601 684 1646 nepot.
704 1600 766 1642 243
804 1600 949 1638 Paulin.
967 1600 1050 1637 Nol.
1070 1601 1125 1646 15,
1151 1601 1236 1642 281;
1275 1601 1435 1636 Venant.
1462 1601 1563 1637 Fort.
1586 1601 1653 1637 vit.

161 1659 273 1695 Mart.
297 1659 327 1704 1,
353 1658 439 1702 369;
464 1659 576 1696 Drac.
601 1659 648 1695 de
674 1660 745 1695 deo
770 1659 837 1700 ΠΙ,
863 1660 954 1701 303;
992 1660 1117 1696 Sidon.
1143 1659 1184 1700 V,
1208 1660 1294 1706 173;
1322 1660 1390 1696 cfr.
1409 1660 1523 1696 etiam
1542 1661 1653 1706 Ver-g.

161 1718 255 1756 Aen.
280 1718 344 1760 IX,
370 1718 441 1753 324
465 1722 537 1754 toto
556 1720 740 1763 proflabat
758 1723 901 1764 pectore
925 1730 1095 1754 somnum.

256 1777 425 1814 Strident
460 1778 616 1814 vulnera
653 1779 834 1824 sanguine
869 1779 1090 1825 profluente,
1129 1779 1196 1814 cfr.
1236 1779 1302 1815 Ov.
1334 1781 1424 1815 met.
1449 1779 1550 1817 VIII.
1582 1779 1652 1815 417

161 1837 430 1882 stridentemque
453 1848 543 1873 novo
567 1849 728 1882 spumam
754 1849 830 1873 cum
861 1839 1036 1883 sanquine
1057 1839 1173 1883 fudit;
1202 1839 1285 1874 Sen.
1313 1839 1421 1874 Herc.
1449 1839 1534 1876 Oet.
1561 1839 1653 1873 1165

161 1907 226 1932 noc
247 1897 342 1931 ullus
359 1905 430 1940 per
451 1907 564 1931 meum
587 1897 713 1932 stridet
738 1897 832 1932 kaus
861 1897 1107 1932 Tranmnissus
1131 1899 1235 1932 ensi-s.

255 1967 337 2003 279.
385 1979 467 2003 sera
490 1972 703 2012 componunt
719 1969 853 2003 lumina
870 1969 995 2004 dextra
1002 1982 1014 2013 ;
1038 1969 1265 2004 adjectivum
1288 1979 1369 2004 sera
1387 1980 1456 2014 pro
1474 1969 1654 2005 adverbio

161 2037 240 2062 sero
262 2026 424 2072 ponitur.
456 2028 499 2062 ut
523 2038 636 2073 saepe
662 2028 760 2073 apud
786 2029 917 2073 poeta-s
943 2028 1129 2063 adiectiva
1165 2028 1288 2063 locum
1319 2028 1380 2063 vel
1409 2029 1557 2074 tempus
1582 2028 1655 2073 sig-

162 2085 354 2121 nificantia.
388 2087 586 2122 matutinus
623 2088 802 2122 crastimae
836 2088 1057 2132 vespm-tinus
1092 2091 1287 2123 nocturnus
1330 2088 1549 2131 domesticus,
1588 2087 1655 2123 cfr.

162 2143 274 2190 Verg.
299 2145 391 2181 Aen.
417 2145 460 2187 X,
500 2145 545 2180 94
581 2157 677 2181 nunc
713 2157 794 2181 sera
818 2147 967 2191 querelis
992 2147 1105 2181 Haud
1126 2148 1233 2182 iustis
1257 2148 1418 2192 assum-qis
1442 2148 1482 2183 et
1506 2147 1653 2182 Kuehn.

169 2203 739 2249 gmmmlat.11‚,§63‚1a.

258 2275 340 2311 281.
390 2286 452 2311 ceu
468 2277 510 2311 ut
526 2278 630 2321 quasi
647 2288 731 2312 cum
748 2277 984 2313 conjunctivo
1003 2277 1240 2313 coniunctum
1256 2289 1331 2313 non
1348 2289 1434 2313 raro
1459 2277 1584 2323 reperi
1593 2278 1656 2311 tur

163 2333 342 2382 imprimis
367 2335 468 2380 apud
490 2337 623 2381 poetas
649 2336 783 2381 epicos,
809 2338 852 2371 ut
876 2336 918 2377 V,
944 2337 1030 2378 353;
1062 2339 1174 2382 Verg.
1200 2340 1289 2372 Aen.
1316 2336 1363 2376 II.
1389 2336 1477 2378 43&
1515 2337 1577 2372 Sil.
1606 2336 1653 2371 ΙΙ,

164 2394 251 2438 378;
286 2393 358 2439 m,
381 2394 467 2437 501;
507 2395 569 2436 IV,
596 2395 681 2437 560;
720 2396 762 2437 V,
789 2395 873 2437 191;
899 2395 1002 2441 XIII,
1028 2396 1114 2438 23&
1154 2396 1270 2437 XVII,
1296 2396 1382 2438 479;
1420 2395 1518 2434 Stat.
1536 2395 1654 2431 Theb.

164 2453 213 2495 Π,
237 2453 324 2495 418;
365 2453 447 2494 XII,
474 2453 558 2496 733;
600 2454 712 2491 Prud.
736 2454 775 2489 in
799 2455 935 2500 Symm.
961 2454 1009 2496 11.
1037 2455 1098 2501 103
1140 2455 1226 2495 456;
1265 2454 1356 2491 Ven.
1396 2455 1498 2491 Fort.
1539 2465 1655 2490 carm.

170 2511 271 2553 Vm.
313 2512 345 2554 9,
388 2513 450 2555 11;
500 2513 565 2549 vit.
608 2513 716 2548 Mart.
758 2513 826 2553 111.
870 2514 954 2558 1403
1004 2526 1088 2550 cum
1129 2514 1331 2550 indicativo
1372 2514 1550 2549 Dracont.
1596 2513 1653 2549 ed.

174 2571 217 2608 B.
243 2572 287 2614 X,
312 2571 369 2609 91.

268 2644 350 2680 283.
398 2645 554 2681 hor-imis
577 2649 610 2680 et
632 2645 805 2680 mentibus
828 2624 929 2691 affl
952 2645 1119 2681 breviter
1145 2644 1302 2680 dictum:
1329 2644 1464 2680 mentis
1491 2643 1656 2688 aegritu-

173 2703 300 2740 dinem
327 2704 529 2740 ostendunt
552 2704 724 2740 lacrimis.
