1890 3100
176 188 264 232 434
704 185 742 222 C.
767 185 949 221 VALERI
975 185 1150 221 FLACCI

284 306 369 353 has,
399 305 564 357 Argive,
597 304 746 352 domos,
776 305 897 343 alium
926 306 990 343 hic
1019 306 1140 344 miser
1169 305 1313 356 aspicis
1343 319 1489 343 annum

285 371 547 423 altricemque
576 371 710 409 nivem
738 370 966 423 festinaque
994 370 1131 410 taedia
1156 371 1276 409 vitae.
1672 382 1727 416 325

285 449 366 474 non
394 449 467 475 nos
497 442 566 474 aut
594 436 751 475 levibus
786 450 1025 488 componere
1055 436 1241 474 bracchia
1269 436 1387 475 remis

285 501 468 540 novimus
499 507 567 540 aut
595 507 736 540 ventos
767 515 866 554 opus
897 507 1112 553 expectare
1140 501 1336 550 ferente83

285 567 388 604 imus
419 567 544 619 equis,
576 580 654 619 qua
682 567 749 606 vel
777 567 908 605 medio
937 568 1041 618 riget
1070 580 1246 619 aequore
1274 572 1431 619 pontus,

287 632 354 670 vel
382 630 534 670 tumida
561 631 693 670 fremit
721 632 860 670 Hister
889 645 1010 684 aqua3
1041 644 1116 670 nec
1145 631 1304 670 moenia
1331 632 1446 671 nobis

286 702 423 735 vestra
449 697 622 748 placent,
656 697 764 736 feror
791 698 935 736 arctois
965 711 1057 735 nam
1086 697 1189 735 liber
1215 697 1257 735 in
1286 698 1390 736 arvis
1676 705 1731 736 330

289 768 433 801 cuncta
460 762 614 801 vehens
644 776 820 810 mecum3
852 763 978 800 omnis
1008 775 1119 800 amor
1145 763 1379 814 iacturaque
1408 762 1576 814 plaustri

182 874 354 911 enissimo
392 875 545 910 intrusit
582 875 835 910 narrationem
874 874 920 910 de
947 873 1170 919 Scytharum
1195 874 1406 910 Nomadum
1442 875 1533 920 vita,
1562 875 1676 920 atque
1722 907 1725 910 .

180 935 284 970 recte
310 934 479 979 Wagner
519 934 585 968 ‘ira
621 933 794 979 percitus'
833 933 955 978 inquit
981 935 1031 969 ‘et
1068 933 1107 968 in
1143 933 1224 979 ipso
1261 934 1456 980 pugnandi
1485 935 1573 970 actu
1596 935 1678 969 tam

180 993 331 1039 longam
356 993 709 1029 sermocinationem
736 992 929 1029 Gesander
952 993 1127 1028 habuisse
1151 993 1214 1028 vix
1240 995 1298 1029 est
1324 993 1554 1032 credendus'.
1604 993 1677 1030 Ne-

181 1064 253 1098 que
277 1053 317 1087 id
342 1052 462 1088 solum
487 1052 789 1098 vituperandum,
828 1052 895 1088 sed
921 1052 1034 1088 etiam
1059 1052 1167 1094 ratio,
1200 1064 1273 1097 qua
1298 1054 1392 1088 haec
1417 1064 1562 1088 morum
1588 1052 1677 1098 Scy-

180 1112 368 1148 thicorum
387 1112 529 1148 mentio
555 1112 724 1153 infertum
751 1123 929 1158 perversa
948 1115 1011 1152 est,
1032 1123 1113 1147 cum
1135 1112 1368 1148 Gesandrum
1385 1123 1598 1148 sermonem
1622 1112 1678 1148 in-

187 1172 390 1207 cohantem
417 1171 535 1207 faeiat
559 1173 685 1217 poeta,
718 1171 822 1217 quasi
847 1172 1085 1217 Argonautae
1110 1171 1231 1217 ipsam
1254 1171 1466 1207 Nomadum
1490 1171 1682 1217 regionem

181 1231 368 1277 petissent
398 1231 524 1276 ibique
548 1242 677 1277 pugna
703 1231 820 1273 fieret,
847 1243 921 1266 non
948 1231 997 1265 ad
1011 1231 1231 1267 Colchorum
1256 1231 1398 1267 urbem.
1435 1232 1532 1266 Ante
1557 1230 1680 1267 oculos

182 1290 334 1327 Valerio
361 1291 582 1326 obversatus
618 1291 766 1327 videtur
802 1291 902 1326 locus
927 1291 1039 1336 Verg‚
1074 1291 1165 1327 Aen.
1191 1290 1252 1332 ΙΧ,
1291 1290 1360 1325 595
1386 1302 1500 1336 seqq„
1527 1290 1595 1326 sed
1618 1290 1679 1326 hic

182 1351 312 1386 tamen
339 1350 498 1396 peritius
524 1362 601 1386 rem
627 1350 801 1386 instituit.

279 1416 360 1451 324.
414 1417 524 1452 alium
563 1436 606 1442 —
645 1417 779 1461 aspicis
815 1427 949 1451 annum
986 1415 1009 1452 i.
1050 1427 1080 1451 e.
1121 1415 1209 1450 anni
1233 1416 1426 1461 tempora;
1468 1415 1520 1451 sic
1546 1415 1680 1450 dicitur

185 1486 302 1510 annus
322 1475 621 1515 formosissimus,
636 1475 822 1516 bibemus,
840 1475 1011 1521 pomifer,
1028 1475 1114 1511 vide
1129 1475 1300 1520 exempla
1319 1475 1368 1510 ad
1380 1474 1450 1515 ΙΙΙ,
1469 1474 1538 1509 401
1554 1474 1679 1512 allata.

280 1540 360 1575 325.
413 1541 524 1576 altrix
560 1541 623 1575 nix
663 1540 807 1582 dicitur,
847 1540 887 1575 in
912 1552 985 1585 qua
1010 1541 1223 1581 nascuntur,
1264 1540 1424 1581 aluntur,
1454 1540 1679 1582 educantur;

185 1611 311 1635 rursus
351 1611 426 1635 non
463 1600 625 1636 feliciter
657 1600 847 1635 adduntur
869 1600 1002 1643 festina
1027 1600 1146 1635 taedia
1170 1601 1272 1641 vitae,
1313 1600 1398 1644 quia
1436 1599 1528 1635 haec
1562 1610 1680 1645 neque

186 1659 329 1705 adspici
368 1670 489 1704 neque
528 1659 638 1695 facile
666 1659 814 1695 omnino
842 1659 1015 1705 cognosci
1038 1660 1218 1704 poterant
1243 1670 1263 1693 a
1290 1658 1445 1694 Cantho.
1508 1658 1680 1694 Fortasse

185 1718 308 1754 locum
336 1719 612 1755 emendavisset
638 1718 817 1760 Valerius,
844 1719 914 1754 nisi
939 1720 1060 1755 morte
1088 1718 1164 1754 eius
1190 1730 1281 1764 opus
1308 1718 1507 1763 abruptum
1536 1719 1644 1754 esset.

283 1784 363 1819 326.
414 1795 619 1829 componere
656 1785 822 1820 bracchia
859 1785 966 1820 remis
1003 1785 1023 1819 i.
1057 1795 1087 1820 e.
1115 1783 1323 1830 applicare;
1364 1783 1430 1819 cfr.
1456 1783 1563 1829 Verg.
1590 1783 1681 1819 Aen.

188 1843 289 1885 VIII,
326 1843 398 1879 485
435 1855 511 1889 seq.
548 1848 690 1879 mortua
725 1845 812 1889 quin
837 1844 942 1879 etiam
966 1844 1134 1889 iunyebat
1170 1854 1323 1888 corpora
1347 1843 1437 1878 vivia
1464 1842 1684 1887 Componens

189 1904 420 1949 manibusque
451 1915 580 1939 manus
605 1908 709 1949 atque
733 1905 856 1940 oribus
880 1914 960 1945 ora;
986 1903 1096 1948 Prop.
1123 1902 1173 1948 Π,
1199 1903 1231 1943 2,
1260 1902 1303 1937 11
1331 1914 1407 1948 seq.
1434 1902 1684 1948 Mercurioque

191 1963 277 1998 Sais
298 1963 417 2006 fertwr
440 1963 638 1999 Boebeidos
661 1963 770 1999 undis
800 1963 1006 2009 Viryineum
1031 1963 1157 1998 Brimo
1176 1962 1419 2007 ‘composuisse
1444 1962 1548 1997 latus.

284 2035 365 2071 327.
415 2037 510 2071 venti
532 2036 684 2079 ferentes
708 2036 794 2070 sunt
819 2035 983 2077 secundi,
1011 2034 1076 2070 cfr.
1104 2034 1153 2069 ad
1178 2034 1205 2075 Ι,
1233 2034 1312 2069 266.

285 2100 368 2136 329.
418 2112 490 2146 qua
509 2122 551 2127 -—
576 2101 697 2143 fremit
714 2101 852 2136 Hister:
880 2100 1042 2145 Iazyges,
1070 2100 1117 2135 de
1135 2111 1290 2144 quorum
1307 2098 1472 2134 moribus
1491 2097 1684 2134 Gesander

190 2159 365 2204 loquitur,
405 2172 481 2195 non
516 2172 636 2206 prope
663 2160 830 2195 Histrum
867 2159 1105 2203 habitabant,
1145 2158 1216 2195 vid.
1257 2158 1306 2193 ad
1341 2170 1374 2193 v.
1410 2158 1489 2199 122,
1530 2158 1593 2193 sed
1619 2158 1685 2192 aut

190 2220 306 2264 poeta
344 2220 414 2255 hoe
452 2219 531 2255 loco
555 2219 757 2255 veritatem
791 2231 865 2254 non
891 2219 1064 2254 accurate
1091 2218 1236 2253 curavit
1261 2218 1327 2252 aut
1351 2216 1572 2262 longinquas
1597 2216 1684 2262 Scy-

191 2278 344 2313 tharum
370 2278 582 2314 Nomadum
608 2279 850 2324 migrationes
875 2278 1041 2314 indicare
1068 2277 1195 2314 voluit.

288 2349 368 2384 330.
417 2361 514 2384 nunc
550 2350 646 2391 Vat„
685 2362 769 2385 nam
808 2350 927 2392 Carr.;
966 2349 1151 2394 quomodo
1190 2348 1383 2384 Gesander
1420 2348 1523 2383 recte
1562 2347 1685 2383 dicere

192 2408 360 2454 potuerit
384 2421 502 2444 nunc
528 2420 567 2444 se
594 2409 681 2445 ferri
699 2409 858 2445 liberum
875 2409 914 2444 in
932 2409 1040 2454 arvis,
1061 2420 1136 2444 non
1152 2408 1348 2453 intellego;
1376 2407 1423 2443 de
1441 2406 1686 2442 collocatione

193 2480 275 2504 nam
301 2468 514 2514 particulae
540 2469 608 2504 cfr.
634 2469 683 2504 ad
709 2469 756 2508 IL
784 2469 864 2506 278.

289 2541 369 2576 331.
422 2546 543 2577 tenens
567 2541 663 2581 vat„
689 2542 816 2577 vehens
842 2541 1094 2577 Friesemann.

290 2603 405 2637 omnis
442 2612 543 2637 amor
578 2602 785 2646 iacturaque
817 2601 977 2645 plaustri
1013 2601 1091 2636 sola
1126 2600 1149 2636 i.
1177 2612 1207 2636 e.
1235 2599 1353 2635 omnis
1380 2610 1484 2634 amor
1508 2609 1612 2634 meus
1638 2598 1687 2634 ad

196 2661 399 2706 plaustrum
440 2662 589 2706 spectat
626 2662 666 2697 et
702 2661 772 2696 hoc
810 2660 929 2696 solum
954 2661 1021 2699 est,
1062 2660 1161 2704 quod
1187 2658 1359 2694 amittere
1383 2657 1533 2703 possim.
1584 2657 1687 2700 Quae
