1890 3100
598 216 984 254 ARGONAVTICON
1009 215 1157 251 LIBER
1180 214 1243 250 IV.
1570 213 1654 257 307

282 340 402 379 sentit
430 340 531 378 Iuno
561 339 674 377 dolos
704 350 879 389 curaque
909 348 1082 375 accensa
1108 334 1233 385 iugali

278 405 442 444 aethere
472 404 656 450 desiluit3
687 402 886 441 dominam
913 400 1085 452 Lyrceia
1111 399 1233 438 tellus
1662 406 1718 436 355

278 475 472 522 antraque
502 469 724 521 deprensae
752 470 1002 505 tremuerunt
1032 464 1191 503 conscia
1220 463 1374 514 culpae.

276 541 362 574 tum
389 534 546 587 trepida
573 533 762 571 Inachiae
790 531 937 583 paelex
966 530 1073 568 subit
1101 542 1171 567 ora
1198 529 1394 567 iuvencae

279 606 424 652 sponte
454 599 536 647 dei3
565 598 711 650 plausu
738 596 848 635 fovet
875 596 980 634 hanc
1010 600 1051 633 et
1078 600 1243 646 pectora
1270 592 1421 630 mulcet

277 667 379 704 Iuno
406 663 606 704 renidenti
635 662 827 702 cohibens
857 661 1027 712 suspiria
1053 659 1179 698 vultu.

276 744 369 770 mox
395 731 453 768 ita
480 728 619 767 adorta
645 729 801 766 Iovem:
834 726 898 764 ‘da
926 739 1045 778 quam
1072 724 1190 763 modo
1220 723 1366 762 ditibus
1394 723 1516 774 Argis
1661 729 1716 758 θα)

279 808 442 847 campus
471 794 542 832 alit
567 793 720 845 primae
747 792 990 831 referentem
1020 804 1168 829 cornua
1195 789 1382 828 Phoebes

276 859 591 911 indomitamque
619 858 776 904 bovem,
807 856 859 895 da
886 869 1004 895 carae
1032 868 1199 894 munera
1226 860 1388 906 nuptae.

275 926 364 978 ipsa
392 937 468 975 ego
498 923 669 962 dilectae
698 921 844 974 pecudi
872 922 950 959 iam
978 934 1129 973 pascua
1157 919 1278 970 digna

275 990 592 1043 praecipuosque
621 988 755 1039 legam
783 987 940 1025 fontes'.
985 1000 1064 1038 qua
1091 984 1231 1024 fraude
1259 992 1439 1036 negaret,

226 1105 230 1108 1
275 1060 344 1093 aut
372 1067 471 1106 quos
499 1053 684 1092 inventos
712 1053 908 1091 tenuisset
937 1052 1116 1103 Iuppiter
1144 1049 1281 1088 astus?

274 1119 450 1158 muneris
478 1118 551 1156 1113
578 1124 720 1170 potens
756 1116 962 1155 custodem
990 1117 1169 1168 protinus
1199 1115 1353 1166 Argum

277 1184 475 1234 adiungit3
520 1189 652 1222 custos
682 1184 816 1233 Argus
844 1182 990 1234 placet,
1018 1181 1145 1219 inscia
1173 1180 1302 1219 somni

278 1249 431 1287 lumina
456 1262 537 1287 non
567 1249 682 1286 aliter
709 1253 793 1286 toto
824 1247 887 1285 cui
915 1247 1078 1293 vertice,
1117 1260 1237 1298 quam
1266 1246 1298 1283 si

276 1314 397 1366 Lyda
420 1327 542 1352 nurus
573 1326 710 1365 sparso
738 1312 842 1350 telas
871 1311 1132 1350 maculaverit
1161 1317 1279 1349 ostro.

167 1450 237 1484 pro
252 1410 401 1483 *Argiva
426 1437 572 1478 dixisse,
600 1435 666 1471 cfr.
693 1436 742 1470 ad
767 1437 831 1477 ΠΙ,
858 1435 944 1477 284;
982 1447 1026 1471 ne
1063 1435 1103 1470 id
1140 1434 1290 1479 quidem
1327 1436 1430 1469 recte
1470 1433 1658 1469 intellexit

168 1497 229 1532 W.
254 1509 329 1533 11011
352 1497 474 1542 ipsam
497 1495 683 1540 virginem
707 1495 776 1530 357
803 1494 994 1530 Inachiam
1019 1494 1103 1531 dici.

225 1592 228 1594 -
263 1567 343 1603 355.
393 1567 575 1612 Lyrceum
600 1568 658 1602 est
681 1578 787 1601 mons
816 1566 1014 1611 Argolidis,
1051 1565 1116 1600 ubi
1145 1565 1275 1600 Inachi
1313 1564 1436 1600 fontes
1475 1564 1656 1605 oriuntur,

170 1627 244 1663 vid„
269 1627 391 1663 Sti-ab.
416 1625 518 1664 VIIL
545 1626 578 1666 6,
605 1626 643 1669 73
670 1625 821 1671 Lyrceia
846 1626 947 1660 tellus
971 1625 1087 1670 igitur
1110 1636 1179 1670 pro
1205 1624 1345 1669 Argiva
1371 1624 1474 1659 dicta
1500 1625 1567 1660 est.

265 1697 345 1732 357.
395 1708 473 1732 cum
511 1696 606 1742 Vat„
643 1700 718 1731 tum
756 1696 813 1732 ed.
850 1697 950 1732 Iunt.
980 1697 1075 1731 subit
1105 1707 1170 1731 ora
1200 1696 1223 1731 i.
1257 1707 1288 1731 e.
1322 1696 1481 1740 figuram
1514 1694 1655 1737 induit;

172 1757 285 1793 etiam
311 1756 392 1792 aliis
416 1756 507 1791 locis
533 1767 599 1791 ora
622 1755 791 1790 indicant
815 1767 890 1790 non
922 1755 1040 1791 solum
1072 1756 1206 1794 vultus,
1241 1755 1307 1791 sed
1337 1756 1459 1790 totam
1491 1754 1655 1800 corporis

169 1817 343 1862 figuram:
373 1815 436 1855 IV,
462 1814 548 1861 3953
574 1815 680 1851 Lucr.
706 1815 768 1859 IV,
795 1816 879 1857 174;
906 1815 968 1855 VI,
995 1815 1082 1856 254;
1110 1815 1220 1860 Verg.
1241 1818 1332 1851 Aen.
1359 1814 1444 1855 XII,
1471 1815 1563 1860 3353
1591 1813 1658 1849 Ov.

170 1875 248 1911 her.
266 1874 362 1915 XIV,
390 1873 476 1914 108;
502 1873 598 1909 Stat.
625 1873 704 1909 silv,
731 1874 801 1919 111,
827 1874 860 1914 3,
888 1874 943 1910 12.

265 1945 346 1981 361.
395 1945 598 1984 referentem
624 1956 776 1986 cornum
803 1945 876 1979 vid.
904 1945 953 1980 ad
979 1945 1027 1985 Π,
1054 1945 1133 1979 272.

265 2005 348 2040 364.
397 2016 468 2049 qua
490 2004 621 2046 fraude
645 2008 790 2049 neyaret
812 2004 835 2039 i.
864 2016 893 2039 e.
921 2015 1032 2049 quam
1058 2004 1228 2039 fraudem
1255 2005 1486 2040 commentus
1503 2005 1659 2050 poterat

169 2063 341 2109 Iuppiter
365 2074 549 2104 recusare,
583 2063 776 2108 quominus
801 2063 952 2098 Iunonis
976 2064 1149 2109 precibus
1176 2065 1455 2108 obsequeretur.

263 2133 343 2170 365.
395 2135 559 2169 inventus
594 2133 691 2174 vat„
731 2135 892 2170 inventos
929 2135 1096 2177 Harless;
1140 2136 1315 2170 timuisset
1350 2136 1446 2175 vat„
1485 2137 1655 2171 tenuisset

173 2193 336 2230 Harless.
360 2193 656 2239 Explicationem
682 2195 807 2229 autem
833 2194 1011 2230 Harlessii
1035 2206 1110 2230 non
1134 2195 1370 2240 probandam
1393 2196 1495 2240 puto,
1522 2195 1588 2230 sed
1605 2195 1656 2230 810

172 2252 296 2298 potius
320 2252 443 2288 locum
466 2252 779 2297 intellegendum:
807 2265 897 2298 quos
916 2255 1017 2288 astus
1043 2254 1224 2299 Iuppiter.
1239 2254 1270 2289 si
1282 2254 1497 2295 invenisset,
1515 2254 1655 2289 tenuis-

173 2311 254 2349 set?
269 2311 405 2347 ‘w-firde
431 2322 471 2347 er
497 2311 582 2347 dem
597 2311 775 2357 Dr’ssmgen
789 2312 855 2348 der
871 2312 966 2348 Iuno
983 2313 1200 2358 gegem'iber
1217 2315 1291 2349 fest
1308 2313 1487 2358 gehalten
1506 2314 1654 2349 haben'.

266 2381 347 2418 368.
397 2382 443 2418 de
469 2383 526 2417 eui
550 2382 777 2428 pronominis
804 2383 1046 2420 collocatione
1073 2384 1140 2422 cfr.
1169 2385 1218 2419 ad
1242 2385 1271 2428 Ι,
1292 2384 1370 2421 773.

268 2440 349 2476 369.
398 2441 502 2487 Lyda
514 2453 638 2486 num-9,
653 2441 720 2477 cfr.
735 2442 783 2477 ad
808 2442 857 2483 II,
885 2443 969 2485 111;
998 2443 1044 2479 de
1063 2443 1210 2479 feminis
1224 2444 1336 2489 Lydis
1350 2445 1426 2480 eius
1442 2445 1544 2485 artis,
1562 2455 1656 2489 quae

171 2499 241 2535 hoc
264 2499 346 2535 loco
372 2502 692 2541 commemoratur,
718 2501 848 2546 peritis
875 2501 941 2537 cfr.
969 2501 1095 2538 Claud.
1123 2503 1169 2538 de
1195 2504 1292 2548 rapt.
1318 2503 1419 2538 Pros,
1446 2503 1474 2542 Ι.
1502 2504 1582 2538 275.

266 2559 494 2594 meulaverit
508 2559 531 2594 i.
554 2571 584 2595 0.
602 2559 714 2594 variis
741 2560 924 2596 coloribus
948 2561 1120 2607 pinxerit,
1151 2561 1215 2597 cfr.
1233 2562 1295 2606 VI,
1322 2563 1390 2596 704
1409 2563 1515 2598 multo
1536 2574 1654 2598 maeu-

177 2616 286 2651 latam
310 2618 440 2652 murice
463 2618 582 2663 tiyrim
605 2619 628 2653 i.
656 2630 685 2656 e.
711 2619 850 2664 pellem
873 2619 1037 2665 tigridis3
1063 2620 1171 2666 Verg.
1193 2622 1283 2656 Aen.
1310 2621 1339 2661 Ι,
1366 2622 1436 2656 323
1454 2623 1655 2657 maculosae

176 2676 331 2719 tegmina
355 2676 467 2721 lynm‘e
492 2688 574 2712 cum
600 2677 702 2720 dicit,
728 2678 774 2713 de
801 2679 923 2714 colore
948 2680 1111 2714 naturali
1138 2681 1289 2725 cogitat.

1372 2740 1419 2774 20
