1890 3100
567 219 955 257 ARGONAVTICON
981 218 1130 254 LIBER
1153 218 1196 253 V.
1537 218 1622 261 341

249 348 334 381 tum
361 342 495 380 comiti
522 341 590 392 pia
614 341 722 379 iusta
747 339 839 378 tulit
867 338 1102 390 caelataque
1128 336 1256 375 multa

251 413 336 446 arte
363 406 542 445 Dolionii
570 404 692 444 donat
718 404 920 443 velamina
945 403 1065 454 regis,

250 473 403 524 hospes
431 472 593 510 humum
625 469 841 522 sedemque
869 469 1017 520 Lycus,
1072 467 1173 505 flens
1201 479 1312 504 arma
1337 465 1498 504 revellit

251 537 427 576 Idmonis
457 550 479 575 e
509 536 618 574 celsa
644 536 809 587 Mopsus
835 539 940 581 rate3
968 532 1113 571 robora
1139 531 1313 570 caedunt

250 615 343 654 pars
373 602 484 640 silvis
511 606 751 653 portantque
780 611 892 646 arae3
921 611 1013 650 pars
1042 597 1204 648 auguris
1234 596 1326 634 alba

250 666 391 706 fronde
421 672 540 718 caput
566 666 758 717 vittisque
785 664 926 715 ligant,
956 663 1211 714 positumque
1238 661 1387 700 feretro

251 744 534 783 congemuere3
564 730 650 769 dies
679 729 796 768 simul
824 734 866 767 et
895 741 990 767 suus
1019 727 1207 766 admonet
1235 739 1385 765 omnes.

302 797 413 835 Ecce
441 797 546 834 inter
572 795 755 834 lacrimas
783 795 969 846 interque
998 799 1179 832 extrema
1204 793 1377 831 virorum

247 875 423 909 munera,
454 874 572 913 quem
600 874 739 899 cursus
767 872 893 911 penes
921 859 1209 910 imperiumque
1239 857 1410 904 carinae,

248 927 412 979 Tiphyn
439 927 522 978 agit
547 926 726 964 violenta
752 925 854 972 lues,
885 925 1098 976 cunctique
1125 936 1274 974 pavore

249 991 405 1031 attoniti
434 991 605 1029 fundunt
633 997 808 1029 maestas
838 989 888 1028 ad
917 988 1051 1028 sidera
1076 1001 1216 1027 voces:

236 1088 270 1123 7.
318 1087 511 1122 Dolionius
546 1097 610 1120 rex
648 1087 705 1121 est
745 1085 912 1130 Cyzicus,
949 1084 1011 1129 qui
1043 1083 1261 1119 Dolionibus
1293 1082 1522 1128 imperabat,
1560 1081 1625 1117 cfr.

141 1146 260 1192 Apoll.
286 1145 315 1187 I,
340 1145 426 1187 947;
452 1145 540 1187 961;
568 1145 677 1191 10223
703 1144 812 1186 10293
843 1144 893 1189 H,
922 1143 1006 1185 767;
1034 1143 1098 1185 al.;
1126 1143 1238 1178 schol.
1264 1143 1333 1187 Ap.
1366 1142 1395 1182 Ι,
1422 1141 1507 1183 936;
1534 1141 1625 1183 943;

141 1205 274 1240 urbem
291 1204 462 1248 Cyzicum
488 1203 694 1248 antiquitus
722 1202 955 1238 Dolionidem
982 1203 1155 1237 vocatam
1182 1212 1261 1237 esse
1285 1200 1403 1235 tradit
1427 1200 1520 1237 Plin.
1546 1202 1625 1236 nat.

144 1263 231 1299 hist.
256 1264 300 1305 V,
326 1263 406 1298 142.

238 1323 410 1358 odanam
426 1333 472 1357 ea
496 1322 590 1363 sunt,
618 1332 711 1366 quae
737 1321 1073 1356 commemorantur
1097 1319 1167 1360 ΙΙΙ,
1195 1319 1258 1361 10;
1284 1320 1435 1360 caelata,
1459 1318 1482 1353 i.
1502 1329 1533 1354 e.
1558 1329 1628 1353 acu

142 1382 256 1428 picta,
280 1382 350 1416 hac
374 1380 642 1426 significatione
667 1379 758 1414 alibi
781 1391 856 1415 non
882 1379 1077 1424 reperitur.

240 1439 296 1475 10.
322 1450 390 1474 ara
412 1439 482 1484 hoc
506 1438 588 1474 loco
614 1450 725 1483 rogus
748 1438 827 1483 ipse
853 1437 973 1472 dictus
998 1437 1157 1478 videtur,
1184 1448 1268 1478 non,
1294 1438 1338 1471 ut
1362 1436 1412 1482 Π,
1439 1436 1519 1480 599,
1558 1447 1625 1471 ara.

142 1499 249 1534 iuxta
272 1509 405 1543 rogum
427 1497 568 1543 posita3
609 1497 661 1532 sic
694 1497 810 1532 etiam
833 1507 901 1531 ara
924 1497 1077 1540 sepulcri
1100 1496 1211 1541 Verg.
1237 1499 1326 1531 Aen.
1352 1495 1415 1541 VI,
1442 1496 1528 1538 177;
1567 1495 1627 1533 Sil.

143 1557 229 1602 XV‚‚
247 1556 334 1599 388;
358 1557 572 1601 sepulcrales
595 1567 682 1591 arae
707 1556 775 1592 Ov.
799 1557 888 1592 met.
906 1555 1008 1597 VIII,
1033 1555 1120 1598 480;
1144 1556 1285 1598 funeris
1308 1566 1375 1590 ara
1399 1554 1516 1590 Ibidis
1542 1555 1627 1597 1023

144 1616 304 1653 fortasse
329 1615 445 1652 etiam
467 1615 564 1651 trist.
582 1615 650 1660 ΠΙ,
677 1615 732 1656 13,
758 1615 815 1651 21.

238 1676 321 1711 alba
348 1675 476 1718 fronde
498 1674 523 1711 i.
549 1686 581 1711 e.
613 1674 738 1720 populi
769 1675 895 1716 albae;
935 1674 982 1709 de
1019 1674 1157 1719 populo
1195 1674 1329 1710 arbore
1366 1673 1518 1709 funebri
1541 1674 1629 1709 vide

143 1735 246 1772 Sch.
272 1735 320 1770 ad
344 1735 434 1770 Aen.
467 1735 506 1778 V,
532 1734 617 1776 134;
658 1733 806 1769 omnino
831 1745 910 1769 mos
936 1735 1028 1774 erat,
1054 1735 1285 1769 mortuorum
1322 1733 1445 1778 capita
1485 1735 1627 1769 coronis

145 1795 184 1830 et
207 1794 311 1829 vittis
338 1805 479 1837 ornare,
503 1793 590 1828 vide
615 1793 724 1828 Arist.
751 1793 833 1838 Lys.
861 1793 946 1835 602;
973 1793 1086 1829 schol.
1114 1793 1202 1829 eccl.
1230 1792 1293 1834 583
1328 1793 1470 1834 Rohde,
1497 1793 1627 1837 Psych.

142 1865 178 1899 p.
204 1853 286 1889 204.

241 1913 295 1947 11.
345 1915 453 1956 caput
477 1923 548 1947 om.
573 1912 669 1952 Vat„
709 1912 794 1946 add.
834 1911 891 1947 ed.
929 1911 1022 1948 Bon.
1058 1913 1097 1947 et
1122 1912 1202 1946 Ald.
1223 1913 1367 1956 positus
1391 1912 1541 1957 proprie
1580 1912 1628 1947 de

143 1972 291 2007 mortuo
315 1970 460 2011 dicitur,
485 1970 590 2006 velut
615 1970 724 2015 Verg.
750 1972 841 2006 Aen.
868 1970 915 2011 Π,
944 1970 1029 2012 644;
1055 1971 1118 2013 IV,
1143 1971 1228 2013 681;
1263 1970 1323 2011 XI,
1361 1971 1423 2013 303
1457 1971 1523 2008 Ov.
1550 1972 1626 2007 her.

146 2029 189 2076 X,
217 2030 301 2071 122;
325 2030 415 2065 met.
442 2028 505 2069 IX,
533 2028 620 2070 503;
646 2029 739 2064 Stat.
766 2029 878 2064 Theb.
906 2028 990 2074 XII,
1016 2028 1073 2064 99.

241 2089 297 2124 12.
346 2089 421 2124 dies
445 2109 492 2114 —
516 2099 603 2123 suus
632 2087 655 2123 i.
683 2099 713 2123 e.
740 2088 878 2132 mortis,
905 2088 957 2123 sic
984 2088 1044 2132 VI,
1083 2088 1172 2130 6283
1210 2088 1320 2134 Verg.
1348 2092 1437 2124 Aen.
1475 2089 1519 2126 X.
1555 2089 1626 2123 467

146 2151 219 2183 etat
241 2159 309 2183 sua
332 2149 455 2192 cuique
481 2147 576 2188 dies;
604 2146 670 2182 cfr.
698 2146 812 2182 etiam
837 2151 919 2182 ante
945 2147 1034 2182 diem
1061 2149 1121 2192 (sc.
1142 2148 1272 2183 mortis
1291 2148 1530 2193 destinatam)
1558 2148 1624 2184 Ov.

147 2208 236 2244 met.
261 2207 290 2249 L
317 2206 402 2249 148;
427 2206 489 2246 VI,
515 2206 596 2241 675.

242 2265 296 2301 15.
346 2267 420 2311 aqit
445 2287 487 2293 —
515 2266 588 2300 lues
618 2265 640 2301 i.
668 2276 698 2301 e.
732 2267 854 2307 vexat,
893 2267 1031 2311 agitat3
1066 2277 1165 2302 mors
1202 2266 1284 2311 ipsa
1320 2278 1354 2301 v.
1394 2267 1439 2301 26
1478 2267 1628 2302 demum

149 2326 340 2367 narratum
378 2325 425 2360 de
449 2324 599 2360 notione
633 2325 703 2359 hac
733 2324 837 2360 verbi
871 2325 1007 2369 agendi
1038 2324 1104 2361 cfr.
1135 2325 1223 2360 Hor.
1258 2326 1363 2370 epod.
1390 2326 1431 2360 V.
1466 2325 1513 2361 89
1539 2327 1628 2362 diris

150 2394 254 2428 aqam
276 2394 354 2426 υοες
392 2383 473 2424 VII,
515 2384 557 2418 17
583 2384 710 2418 acerba
732 2383 813 2425 fata
837 2383 1020 2419 Romanos
1045 2389 1172 2429 aqua&
1208 2386 1278 2420 sat.
1311 2385 1361 2425 H,
1397 2385 1430 2420 3.
1457 2386 1503 2420 44
1527 2397 1627 2430 quem

153 2442 247 2477 mala
270 2443 423 2478 stultitia
449 2465 492 2470 —
518 2443 607 2488 αμα
641 2443 733 2478 Stat.
759 2442 837 2477 silv.
864 2442 926 2486 IV,
951 2444 984 2484 4,
1011 2443 1057 2478 86
1089 2454 1150 2478 nec
1175 2443 1407 2480 Marrucinos
1432 2449 1518 2489 agat
1541 2446 1628 2480 haec

155 2501 300 2537 insania
317 2506 466 2545 monte-33
492 2501 555 2537 Sil.
574 2501 678 2537 XIII.
705 2501 775 2537 290
791 2506 872 2547 ayet
888 2513 1032 2548 aeyrum
1047 2524 1095 2529 —
1111 2503 1274 2547 despecta
1293 2515 1335 2539 ac
1352 2504 1487 2539 violata
1503 2504 1626 2541 Fides.

247 2561 436 2606 Consentit
452 2561 618 2597 Valerius
643 2561 688 2596 de
707 2563 828 2597 morte
853 2561 1005 2607 Tiphyis
1030 2574 1115 2598 cum
1129 2563 1249 2608 Apoll.
1274 2563 1323 2603 ΙΙ,
1350 2562 1438 2604 856;
1458 2563 1625 2608 Apollod.

153 2617 183 2663 I,
207 2617 240 2663 9,
264 2619 320 2658 23,
347 2620 384 2661 1;
410 2620 505 2665 Hyg.
532 2620 608 2656 fab.
636 2621 696 2662 14;
725 2619 785 2662 18;
812 2620 879 2656 cfr.
904 2621 987 2657 Seu.
1013 2621 1110 2657 Med.
1137 2621 1222 2663 617;
1249 2623 1315 2656 sed
1336 2633 1358 2656 a
1375 2622 1488 2657 schol.
1507 2621 1627 2667 Apoll.

153 2676 203 2712 nd
226 2677 276 2718 11,
301 2678 370 2713 854
396 2679 578 2723 docemur,
603 2679 796 2715 Herodoro
820 2682 918 2715 teste
944 2691 1029 2716 eum
1052 2680 1089 2715 in
1114 2680 1239 2715 reditu
1262 2682 1450 2716 mortuum
1477 2692 1567 2718 esse.

1347 2739 1414 2773 92*

1646 610 1681 639 10

1647 934 1681 963 15
