1890 3100
265 193 352 237 548
792 195 830 234 C.
855 195 1037 232 VALERI
1062 197 1237 234 FLACCI

373 317 414 350 et
441 325 560 363 posse
591 314 726 353 oblata
753 328 991 367 componere
1019 317 1172 368 virgine
1202 317 1363 358 bellum.

372 390 572 430 quemque
602 392 694 418 suas
725 380 828 419 sinat
855 382 912 420 ire
943 381 1092 428 domos,
1128 395 1204 421 nec
1232 383 1361 422 Marte
1391 391 1554 425 cruento
1752 397 1810 427 395

369 443 573 495 Europam
602 450 723 497 atque
751 446 888 485 Asiam
916 447 1042 498 prima
1069 447 1170 486 haec
1199 450 1418 488 committat
1445 450 1607 503 Erinys.

369 520 543 560 namque
573 509 708 549 datum
736 512 811 550 hoc
840 512 944 559 fatis,
972 512 1151 564 trepidus
1182 514 1432 567 supplexque
1461 517 1632 556 canebat

368 572 547 625 MopsuS‚
578 580 622 612 ut
649 576 689 614 in
719 589 829 615 seros
857 578 962 616 irent
989 578 1116 628 magis
1146 578 1224 616 ista
1251 585 1419 630 nepotes

370 643 490 690 atque
520 638 620 678 alius
650 640 780 679 lueret
807 647 888 680 tam
918 641 1003 680 dira
1029 642 1215 681 incendia
1249 649 1395 695 raptor.

420 703 496 743 Ille
525 705 688 744 trahens
717 707 908 757 gemitum
936 708 1057 745 tantis
1087 721 1133 745 ac
1161 709 1327 747 vocibus
1356 709 1493 761 impar,
1749 715 1808 746 400

368 781 608 821 quamquam
636 771 723 808 iura
751 769 870 809 deum
898 777 938 809 et
967 772 1069 810 sacri
1098 772 1174 810 sibi
1203 775 1363 812 conscia
1389 775 1496 826 pacti

366 833 508 885 religio
538 834 746 890 dulcisque
774 842 937 874 movent
963 837 1178 888 primordia
1204 838 1360 886 taedae,

369 904 590 947 cunctatur,
619 899 870 952 Martemque
900 902 1019 952 cupit,
1050 903 1279 955 sociamque
1307 905 1447 956 pericli

368 964 533 1015 cogitat:
591 995 1532 1009 ...............

565 1060 573 1067 .
629 1030 728 1069 haut
755 1031 860 1069 ultra
889 1032 1005 1070 sociis
1036 1032 1231 1072 obsistere
1259 1036 1401 1086 pergit.
1745 1035 1804 1064 405

363 1095 464 1133 haec
492 1095 561 1134 ubi
589 1095 669 1134 fixa
696 1097 803 1144 viris,
832 1102 990 1149 tempus
1019 1097 1243 1150 fluctusque
1273 1100 1428 1151 quietos

365 1166 596 1212 expectant:
626 1162 754 1213 ipsam
782 1162 947 1211 interea,
978 1162 1073 1214 quid
1101 1169 1238 1212 restet,
1270 1171 1468 1205 amantem

256 1274 311 1309 rei
336 1274 488 1310 minime
513 1285 612 1309 nunc
639 1285 719 1310 esse
745 1274 997 1321 occasionem;
1040 1275 1148 1310 multi
1180 1277 1408 1312 sententiam
1431 1279 1567 1324 poetae
1592 1291 1666 1316 non
1690 1280 1746 1316 in-

254 1333 493 1379 tellexerunt,
520 1333 619 1369 inter
645 1345 735 1378 quos
762 1334 819 1369 est
836 1333 953 1376 Thilo,
980 1334 1054 1370 vid.
1079 1335 1202 1380 praef.
1229 1336 1286 1374 ed.
1311 1349 1343 1382 p.
1361 1337 1460 1374 XIX.

326 1404 407 1441 394.
458 1416 665 1449 componere
690 1417 738 1440 sc.
767 1416 862 1443 eum.
925 1405 997 1441 Sed
1041 1406 1139 1442 unde
1178 1407 1249 1443 hoc
1273 1408 1513 1451 Argonautae
1533 1409 1744 1446 didicerunt

254 1465 384 1500 oblata
408 1464 565 1510 virgine,
604 1466 645 1499 at
681 1465 821 1500 vellere
858 1465 1007 1500 retento
1045 1465 1186 1501 bellum
1225 1468 1395 1513 componi
1427 1473 1560 1514 posse?
1609 1469 1744 1506 Melius

254 1536 335 1560 rem
360 1524 478 1569 gessit
501 1524 719 1570 Apollonius
744 1524 807 1566 IV,
845 1524 915 1559 338
954 1536 1070 1571 seqq„
1109 1525 1174 1560 ubi
1199 1537 1287 1562 sane
1318 1527 1412 1562 talia
1436 1527 1534 1565 inter
1558 1539 1597 1565 se
1622 1529 1741 1574 pacis-

255 1585 390 1619 cuntur
417 1583 545 1619 Colchi
571 1584 609 1618 et
633 1584 875 1628 Argonautae
902 1583 1015 1619 etiam
1040 1583 1187 1620 ratione
1213 1585 1354 1620 addita.

347 1654 426 1689 396.
476 1654 645 1690 Valerius
682 1654 827 1690 ratione
864 1654 996 1689 habita
1032 1654 1104 1690 loci
1128 1655 1332 1700 Vergiliani
1367 1657 1459 1694 Aen.
1485 1657 1532 1699 Π,
1559 1658 1637 1701 573,
1676 1659 1741 1695 ubi

255 1714 402 1750 Helena
427 1713 562 1749 Troiae
589 1714 627 1748 et
642 1713 790 1759 patriae
816 1713 1017 1748 communis
1035 1713 1165 1758 Erinys
1191 1716 1357 1756 vocatur,
1384 1715 1556 1752 Medeam
1572 1717 1744 1753 hocloco

250 1773 443 1819 primam
465 1772 641 1817 Erinyem
665 1772 842 1808 nominat.
893 1771 996 1814 Quae
1022 1774 1239 1820 sequuntur,
1266 1775 1426 1819 apparet
1458 1774 1504 1810 de
1529 1775 1675 1811 Helena
1701 1777 1741 1812 et

253 1832 391 1867 Paride
416 1831 520 1866 dicta
546 1842 635 1867 esse.

346 1902 426 1939 398.
475 1904 557 1947 ipsa
580 1903 666 1940 Vat.
703 1903 775 1938 ista
811 1902 868 1937 ed.
906 1902 1016 1944 Bon.;
1064 1904 1104 1938 in
1127 1914 1224 1938 seros
1259 1904 1351 1938 irent
1384 1905 1498 1949 mayis
1522 1925 1567 1932 —
1592 1910 1739 1950 nepotes

183 1949 191 1956 ’
259 1962 401 1998 dictum
427 1962 483 1997 est
507 1973 575 2007 pro
603 1972 646 1997 eo
672 1961 772 2008 quod
799 1962 855 1997 est
873 1962 1034 2006 potius
1056 1962 1158 2003 irent,
1179 1961 1253 1998 cfr.
1280 1962 1329 1997 ad
1353 1963 1394 2005 V,
1423 1963 1500 1999 563.

348 2033 428 2068 400.
480 2034 625 2068 trahens
647 2034 829 2080 yemitum3
856 2032 921 2068 cfr.
948 2033 996 2068 ad
1012 2033 1074 2075 IV,
1103 2034 1188 2076 135;
1227 2045 1269 2069 ac
1291 2034 1411 2079 primo
1437 2035 1647 2072 sententiae
1671 2048 1736 2073 vo-

251 2093 385 2128 cabulo
409 2092 654 2138 postponitur,
680 2093 723 2127 ut
747 2103 928 2137 persaepe
954 2096 995 2128 et.

344 2163 425 2201 402.
469 2163 672 2208 primordia
696 2163 834 2198 taedae:
861 2163 1103 2199 usitatissimo
1120 2164 1243 2209 poetis
1260 2165 1369 2210 tropo
1387 2165 1493 2200 taeda
1507 2176 1576 2210 pro
1594 2166 1735 2211 nuptiis

249 2222 393 2264 dicitur,
419 2222 525 2257 velut
551 2222 616 2258 Ov.
643 2223 720 2259 her.
746 2221 809 2267 VI,
836 2222 921 2264 134;
964 2221 1064 2264 VIII,
1091 2223 1154 2265 333
1182 2234 1294 2259 amor.
1330 2223 1400 2265 III,
1427 2223 1459 2266 6,
1486 2223 1547 2266 753
1589 2226 1676 2261 met.
1703 2225 1733 2267 I,

249 2281 334 2324 763;
361 2280 421 2323 IV,
449 2281 510 2323 60;
537 2281 625 2323 326;
664 2281 726 2323 IX,
754 2281 841 2323 722;
869 2281 954 2324 769;
992 2281 1087 2324 XIV,
1115 2281 1202 2328 6773
1239 2282 1314 2324 XV,
1341 2282 1432 2325 826;
1469 2282 1551 2318 fast.
1578 2283 1620 2324 V,
1646 2284 1732 2327 487;

247 2340 308 2382 VI,
338 2340 405 2375 221
435 2340 590 2385 aliisque
615 2340 706 2375 locis
732 2352 807 2375 non
830 2341 969 2385 paucis.

344 2411 425 2447 403.
475 2415 689 2456 mortemque
713 2411 808 2452 Vat„
836 2411 1059 2456 Martemque
1084 2411 1246 2448 Schenkl
1270 2412 1366 2447 stud.
1391 2425 1427 2458 p.
1453 2412 1533 2450 283.

340 2483 420 2518 404.
471 2482 649 2518 Schenkl:
688 2483 784 2527 ‘post
820 2483 951 2527 coyz'tat
987 2482 1147 2518 fortasse
1172 2483 1306 2518 lacuna
1331 2484 1531 2519 statuenda
1564 2486 1631 2530 est,
1658 2497 1733 2532 qua

246 2542 507 2579 interciderint
545 2543 583 2577 et
622 2541 739 2577 ceteri
775 2541 882 2575 huius
907 2552 1034 2577 versus
1073 2542 1188 2586 pedes
1226 2543 1264 2577 et
1299 2541 1439 2587 primus
1463 2542 1731 2590 insequentis';

247 2602 473 2639 sententiam
497 2601 602 2637 recte
628 2600 815 2646 supplevit
840 2600 936 2635 stud.
962 2600 986 2636 l.
1011 2600 1036 2636 l.
1064 2601 1171 2636 ‘doch
1197 2600 1244 2635 da
1270 2601 1330 2636 die
1355 2601 1500 2647 Minyer
1523 2602 1588 2638 ihn
1612 2603 1732 2639 unab—

246 2662 362 2708 l'assig
386 2663 643 2700 bestiirmten’.
