1890 3100
556 801 611 876 O.
662 802 1022 876 VALERI
1070 803 1412 878 FLAOOI

444 925 1510 1035 ARGONAVTICON

645 1065 885 1108 LIBER
929 1065 1313 1110 OCTAVUS.

332 1238 417 1324 At
446 1284 646 1337 trepidam
674 1285 715 1322 in
743 1284 930 1322 thalamis
961 1290 1002 1322 et
1032 1285 1110 1322 iam
1141 1298 1214 1324 sua
1241 1285 1349 1324 faeta
1375 1291 1595 1338 paventem

336 1350 537 1390 Colchida
567 1350 674 1388 circa
702 1363 840 1388 omnes
869 1350 1019 1402 pariter
1047 1349 1259 1403 furiaeque
1287 1351 1501 1404 minaeque

336 1416 460 1468 patris
490 1415 658 1463 habent3
689 1428 766 1454 1100
795 1414 970 1454 caerulei
998 1415 1116 1453 timor
1145 1416 1330 1468 aequoris
1359 1416 1477 1465 ultra,

337 1494 414 1520 nec
442 1481 614 1519 miserae
643 1486 751 1519 terra
780 1480 863 1518 ulla
890 1480 1047 1532 procu13
1079 1494 1353 1534 quascumque
1381 1495 1454 1534 per
1482 1481 1612 1521 undas

334 1546 440 1585 ferre
469 1546 619 1597 fugam,
651 1559 944 1598 quamcumque
975 1546 1084 1597 cupit
1111 1546 1190 1584 iam
1219 1546 1413 1586 scandere
1442 1560 1629 1599 puppem.

335 1611 482 1650 ultima
509 1611 702 1663 virg-ineis
731 1616 827 1649 tunc
855 1610 956 1649 flens
986 1610 1096 1649 dedit
1125 1611 1265 1650 oscula
1291 1612 1414 1660 vittis,

338 1690 521 1729 quosque
549 1676 653 1727 fugit
682 1675 893 1728 complexa
920 1681 1040 1723 toros,
1063 1676 1294 1729 crinemque
1323 1690 1531 1730 genasque

333 1755 470 1793 ungue
498 1755 571 1794 per
600 1742 753 1794 antiqui
782 1741 930 1793 carpsit
956 1741 1130 1793 vestigia
1159 1742 1298 1789 somni,

322 1867 356 1904 2.
408 1866 576 1902 Colchida
600 1866 697 1901 circa
722 1876 839 1901 omnes
854 1886 897 1891 —
909 1865 1096 1910 fwm'aeque
1119 1866 1304 1911 minaeque
1322 1886 1362 1892 —
1376 1866 1506 1902 habent
1530 1866 1554 1903 i.
1581 1877 1612 1902 e.
1641 1877 1725 1902 eam

226 1926 331 1971 quasi
359 1925 634 1961 circumdantes
659 1925 816 1966 vexant;
844 1924 891 1960 de
914 1924 1080 1960 habendi
1105 1924 1212 1973 verbi
1237 1925 1390 1961 notione
1417 1925 1489 1962 vid.
1516 1925 1566 1960 ad
1581 1925 1626 1971 V,
1642 1925 1724 1962 283.

322 1985 355 2020 5.
403 1985 500 2028 ferre
524 1985 664 2030 fuqam;
693 1983 760 2023 cfr.
788 1984 837 2018 ad
862 1983 911 2028 ΙΙ,
938 1983 1017 2019 282.

325 2044 358 2080 6.
409 2044 465 2080 De
492 2043 682 2080 sententia
709 2043 775 2079 cfr.
803 2042 921 2088 Apoll.
941 2042 1003 2084 IV,
1031 2042 1077 2077 26
1095 2054 1213 2088 seqq.;
1234 2042 1419 2088 virgineas
1444 2043 1561 2079 vittas
1582 2043 1731 2079 ferebat

231 2104 368 2140 Medea
393 2104 436 2138 ut
461 2103 636 2139 sacerdos
662 2103 842 2138 Hecatae.

323 2163 356 2198 8.
410 2167 493 2198 ante
505 2162 602 2204 Vat.⁷
626 2173 743 2208 unque
761 2162 905 2204 Burm.;
926 2162 1004 2196 anti
1022 2162 1132 2197 carsit
1145 2161 1229 2197 Vat.
1233 2162 1403 2207 ,antzqui
1421 2162 1557 2206 carpsit
1578 2161 1725 2199 Monac.

319 2232 388 2266 per
413 2222 552 2266 antiqui
576 2221 725 2267 vestigia
749 2222 879 2257 somni:
906 2222 997 2257 haec
1014 2221 1132 2256 verba
1151 2221 1310 2256 obscura
1336 2221 1375 2256 et
1393 2221 1496 2256 certe
1520 2220 1727 2256 insolenter

231 2281 335 2317 dicta
361 2280 597 2326 explicantur
623 2280 692 2316 sic:
734 2286 811 2326 ‘per
835 2280 1071 2326 memoriam,
1108 2291 1252 2316 memor
1279 2279 1423 2325 antiqui
1448 2279 1578 2315 somni'
1580 2307 1590 2324 ,
1628 2280 1729 2325 quod

230 2341 427 2376 narratum
453 2341 510 2375 est
536 2339 576 2381 V,
604 2339 674 2374 333
699 2351 797 2385 seqq.
823 2339 943 2374 Nimis
969 2339 1169 2375 artificiose
1196 2339 1411 2384 excogitata
1442 2339 1500 2374 est
1525 2338 1728 2384 explicatio

229 2399 416 2436 Koestlini
440 2398 537 2434 Phil.
563 2398 610 2433 38
634 2411 670 2444 p.
697 2398 754 2443 39,
779 2398 942 2444 vestigia
974 2398 1099 2434 Somni
1138 2409 1217 2434 esse
1255 2397 1493 2433 simulacrum
1519 2397 1589 2439 dei,
1629 2398 1730 2443 quod

231 2459 348 2495 fuerit
373 2449 463 2494 ante
488 2459 629 2494 lectum
654 2458 824 2494 Medeae.

325 2529 438 2564 aenas
463 2539 507 2544 -
534 2517 671 2562 carpsit
679 2531 691 2562 ,-
728 2516 795 2552 cfr.
821 2517 895 2562 leg.
921 2516 994 2552 XII
1018 2517 1140 2552 tabul.
1167 2516 1267 2562 apud
1291 2515 1393 2551 Serv.
1419 2515 1510 2552 Aen.
1535 2515 1620 2558 XH,
1658 2515 1729 2551 606

230 2579 358 2614 mulier
391 2577 523 2621 faciem
558 2587 603 2612 ne
627 2577 766 2621 carpito
806 2577 1044 2622 (quamquam
1084 2575 1212 2611 Cicero
1249 2575 1342 2611 haec
1370 2574 1488 2610 verba
1513 2574 1623 2610 aliter
1650 2575 1729 2610 tra-

231 2637 328 2672 didit
366 2637 413 2672 de
455 2637 528 2682 leg.
566 2635 615 2676 ΙΙ,
654 2634 719 2678 59;
757 2635 838 2682 64);
878 2634 973 2670 Stat.
1011 2635 1092 2671 silv.
1123 2634 1171 2676 Π,
1210 2634 1243 2678 6,
1281 2633 1326 2668 78
1358 2634 1559 2679 carpsitque
1582 2634 1730 2670 immitis

231 2696 375 2732 adunca
402 2695 477 2732 Ora
502 2696 656 2732 verenda
680 2706 806 2738 manem
848 2694 915 2736 ΙΙΙ,
942 2694 985 2736 4,’
1008 2694 1055 2729 65
1078 2704 1122 2729 ne
1141 2695 1265 2738 prima
1288 2704 1399 2739 yeme
1424 2693 1554 2739 lanuqo
1577 2694 1730 2730 nitentes

1678 1602 1683 1608 .
1743 1558 1762 1587 5
