1890 3100
237 188 323 232 546
766 187 802 223 c.
830 187 1011 223 VALERI
1036 187 1211 224 FLACCI

343 307 503 360 iamque
534 307 642 356 abiit,
671 307 877 361 fundoque
906 309 1051 347 iterum
1078 307 1280 346 violentus
1310 307 1359 346 ab
1388 308 1467 346 imo

344 373 528 425 erigitur3
559 373 632 412 sed
659 373 803 412 fluctus
833 373 958 421 adest,
995 386 1222 425 magnoque
1252 372 1324 411 sub
1354 372 1445 411 altis

341 438 501 477 turbine
530 439 617 491 figit
645 439 770 492 aquis,
802 444 842 478 et
870 438 1033 478 tandem
1062 438 1216 490 virgine
1246 438 1377 477 cessit.

394 504 602 556 Absyrtus
631 505 722 543 visu
749 510 902 544 maeret
932 504 1086 543 defixus
1116 503 1274 543 acerbo.

340 584 448 608 nunc
479 569 575 623 quid
604 569 725 622 agat?
754 584 833 623 qua
860 571 900 608 vi
928 575 1066 622 portus
1097 575 1137 608 et
1164 570 1291 621 prima
1320 574 1504 621 capessat
1729 579 1784 610 370

343 634 473 674 ostia?
503 649 582 687 qua
611 635 738 687 possit
764 636 924 687 Minyas
954 632 1172 673 invadere?
1203 633 1360 672 clausos

342 714 441 754 quos
470 700 582 739 videt
611 701 872 753 agnoscitque
901 700 1094 747 fremens;
1125 700 1249 738 maria
1278 699 1396 738 obvia
1425 704 1561 738 contra

342 779 545 819 saevaque
575 772 728 818 pugnat
756 766 923 818 hiemps,
959 771 1147 818 totusque
1176 765 1216 803 in
1245 765 1396 804 vertice
1425 770 1584 817 pontus.

340 832 536 871 abscessit
563 831 727 870 tandem
755 845 941 884 vanaque
970 830 1123 870 recedit
1151 830 1200 868 ab
1229 831 1288 868 ira

339 905 378 938 et
406 904 520 937 tanta
549 895 598 935 de
630 896 744 934 clade
773 896 881 935 ratis.
937 896 1043 935 latus
1072 894 1165 933 inde
1196 895 1398 933 sinistrum
1726 899 1782 929 375

229 1001 457 1047 propinquat
483 1001 612 1047 Stirus,
640 1002 721 1037 aliis
747 1002 920 1037 fluctibus
945 1002 1151 1049 repellitur,
1178 1003 1244 1041 sed
1281 1001 1410 1040 tamen
1436 1016 1480 1041 ex
1507 1005 1559 1041 eis
1585 1006 1725 1048 exstat3

230 1073 355 1096 rursus
381 1061 567 1107 mergitur
591 1061 780 1107 profundo
808 1062 905 1108 (abit,
933 1063 1041 1098 undis
1069 1064 1275 1111 evanescit)
1311 1065 1521 1111 iterumque
1560 1065 1724 1111 erigitur,

231 1120 312 1155 tum
339 1122 467 1157 autem
494 1121 677 1166 mergitur
701 1133 892 1166 nunquam
917 1122 1115 1160 rediturus,

324 1180 403 1215 366.
454 1181 629 1217 violentus
669 1202 714 1208 —
757 1177 906 1228 eriqit'ur
941 1182 964 1218 i.
992 1194 1022 1220 e.
1048 1183 1138 1219 totis
1170 1184 1313 1219 viribus
1338 1184 1483 1227 nitens;
1523 1185 1575 1221 sic
1611 1185 1724 1221 Prud.

229 1241 424 1286 apotheos.
451 1241 494 1275 11
522 1252 597 1288 seq.
625 1242 761 1287 (pater)
788 1252 889 1286 quem
913 1243 1012 1277 nulla
1038 1244 1131 1279 acies
1155 1244 1309 1279 violenta
1334 1244 1462 1280 tuendo
1487 1244 1641 1281 Eminus
1665 1256 1724 1280 ar-

230 1300 346 1336 dentis
365 1302 575 1345 penetravit
601 1302 761 1336 acumine
784 1302 890 1337 visus.

324 1360 404 1402 368,
455 1361 592 1406 virgine
628 1363 731 1397 cessit
772 1373 847 1397 non
885 1361 965 1398 sine
1001 1362 1077 1399 leni
1114 1363 1283 1399 irrisione
1317 1364 1403 1400 huic
1427 1364 1510 1400 loco
1536 1375 1624 1400 sane
1649 1376 1724 1401 non

231 1421 322 1466 apta
348 1420 485 1455 dicitur
523 1426 574 1457 ‘er
613 1421 761 1457 leistete
787 1421 962 1457 Verzicht
1000 1422 1069 1457 auf
1101 1423 1160 1459 die
1185 1423 1395 1469 Jungfrau’,
1432 1435 1502 1470 pro
1540 1435 1584 1460 eo
1623 1424 1724 1471 quod

229 1480 287 1515 est
312 1480 448 1516 occidit.

323 1540 403 1575 370.
453 1551 518 1576 nec
543 1541 641 1587 Vat.,
668 1552 764 1576 mmo
789 1541 960 1578 Schenkl.

322 1600 403 1635 371.
454 1600 595 1636 clausos
631 1611 719 1645 quos
755 1600 864 1635 videt:
902 1611 978 1636 non
1005 1600 1095 1636 satis
1121 1600 1250 1647 liquet,
1295 1611 1368 1646 qua
1399 1600 1546 1637 ratione
1579 1601 1722 1637 clausos

228 1670 308 1695 esse
322 1659 562 1705 Argonautas
586 1660 702 1706 poeta
729 1659 972 1705 cogitaverit3
998 1671 1120 1705 neque
1147 1660 1245 1695 enim
1262 1671 1307 1696 ex
1324 1661 1437 1706 portu
1462 1660 1562 1697 exire
1579 1660 1721 1706 volunt,

225 1719 269 1754 ut
294 1718 389 1754 falso
413 1718 563 1765 putavit
577 1719 755 1765 Wagner,
783 1719 849 1755 sed
875 1719 1033 1755 adverso
1050 1719 1201 1755 flumine
1220 1719 1499 1765 navigationem
1514 1719 1722 1768 instituere,

228 1778 296 1817 cfr,
337 1778 406 1814 189
446 1790 563 1825 seqq,
601 1779 673 1814 hoc
711 1780 839 1814 autem
867 1778 994 1814 Colchi
1030 1779 1260 1825 tempestate
1284 1779 1396 1814 maris
1421 1779 1611 1815 interclusi
1633 1791 1719 1825 pro-

226 1838 357 1874 hibere
371 1850 446 1874 non
458 1839 654 1884 poterant3
674 1849 798 1886 neque
811 1838 931 1884 magis
946 1840 1078 1884 aperta
1092 1840 1150 1875 est
1163 1839 1352 1875 sententia
1358 1850 1531 1876 versuum
1540 1839 1610 1874 375
1617 1850 1719 1886 seqq.

321 1898 401 1933 372.
453 1902 603 1934 tremens
629 1898 748 1943 codd„
772 1898 926 1941 fremens
955 1897 1170 1934 Sabellicus.

321 1957 402 1994 373.
453 1961 616 2003 totusque
639 1958 680 1993 in
695 1958 822 1993 vertice
832 1961 986 2002 pontus:
1015 1957 1093 1992 ‘das
1111 1968 1227 2003 gauze
1246 1957 1349 1993 Meer
1366 1957 1416 1992 ist
1441 1957 1516 1994 ein
1541 1957 1720 2001 Wirbel⁷;

226 2016 293 2052 cfr.
320 2017 407 2054 Luc.
433 2017 476 2059 V,
503 2017 573 2052 644
611 2018 790 2063 omnisque
814 2019 854 2054 in
888 2018 1054 2061 fluctibus
1078 2017 1178 2053 unda
1207 2021 1276 2062 e3t3
1315 2016 1408 2053 Stat.
1436 2017 1554 2054 Theb.
1579 2017 1623 2063 V,
1649 2017 1720 2053 598

225 2080 405 2122 totumque
429 2077 470 2112 in
494 2078 638 2112 vulnere
662 2088 802 2122 corpus.

320 2136 399 2171 375.
450 2137 543 2172 ratis
566 2136 590 2173 i.
618 2147 648 2172 e.
674 2136 780 2172 navis
805 2136 959 2182 Absyrti
985 2147 1143 2183 cumque
1161 2147 1206 2172 ea
1223 2135 1537 2193 etiam-reliquam
1563 2146 1612 2171 an
1629 2137 1722 2172 ratis

225 2195 424 2241 genetivus
452 2197 511 2232 est
538 2195 752 2241 significans
779 2196 945 2232 deletam
973 2195 1062 2231 Stiri
1087 2197 1232 2232 ratem?

322 2255 417 2290 latus
441 2255 525 2290 inde
549 2256 736 2291 sinistrum
761 2280 805 2286 -
832 2255 1005 2298 defertur:
1048 2255 1096 2290 ab
1123 2255 1244 2291 altera
1274 2256 1384 2301 parte
1408 2254 1551 2291 insulae
1575 2254 1614 2289 in
1639 2254 1714 2289 sta-

225 2314 370 2350 tionem
393 2314 546 2350 vehitur
571 2314 765 2359 Absyrtus,
798 2314 846 2350 ab
880 2314 1002 2351 altera
1026 2314 1238 2350 tendebant
1261 2314 1430 2360 Minyae:
1478 2313 1607 2358 itaque
1633 2324 1717 2348 cum

224 2373 410 2419 Absyrtus
435 2373 474 2408 in
500 2373 600 2408 latus
627 2374 816 2409 sinistrum
842 2373 1045 2419 deferatur,
1070 2374 1312 2419 Argonautae
1338 2373 1471 2409 dextra
1494 2373 1605 2418 parte
1630 2383 1718 2408 con-

225 2433 365 2469 sedisse
400 2432 563 2479 putandi
587 2433 683 2467 sunt.
751 2431 847 2468 Sane
885 2432 956 2467 hoc
992 2444 1068 2468 non
1093 2432 1268 2468 convenit
1293 2444 1376 2467 cum
1401 2442 1455 2474 eo,
1495 2431 1594 2476 quod
1624 2431 1718 2467 dixit
1886 2437 1890 2467 Ι

224 2492 384 2538 Erginus
410 2502 525 2538 supra
552 2503 585 2526 v.
614 2491 683 2526 188
709 2502 783 2536 seq.
823 2492 920 2526 illius
957 2491 1099 2527 adversi
1122 2502 1218 2527 nunc
1243 2502 1308 2527 ora
1325 2494 1492 2536 petamus
1515 2494 1549 2526 et
1571 2490 1716 2532 undam,

224 2563 315 2598 quae
340 2552 435 2587 latus
458 2553 499 2588 in
524 2551 691 2587 laevum
710 2551 818 2596 ponti
842 2551 946 2586 cadit.
981 2549 1064 2590 Sed,
1092 2551 1135 2585 ut
1158 2550 1234 2585 iam
1252 2550 1393 2585 dictum
1411 2550 1479 2595 est,
1503 2550 1618 2595 poeta
1643 2561 1718 2586 non

223 2611 428 2657 imaginem
446 2610 538 2646 satis
557 2610 699 2646 claram
719 2609 827 2644 huius
847 2609 1049 2645 obsidionis
1064 2620 1086 2644 a
1106 2609 1250 2645 Colchis
1275 2608 1400 2645 factae
1427 2608 1552 2645 animo
1568 2609 1719 2645 videtur

223 2670 456 2710 informasse.
