1890 3100
602 220 991 257 ARGONAVTICON
1014 219 1160 255 LIBER
1176 219 1260 254 VII.
1584 219 1672 263 509

295 356 318 380 o
346 342 496 380 utinam
524 341 635 379 nullo
663 346 703 379 te
734 340 807 378 sim
835 341 970 378 visura
996 338 1134 377 labore

297 407 428 459 ipsum
456 406 649 445 caeruleis
679 405 930 457 squalentem
958 404 1128 442 nexibus
1158 417 1297 442 ornum
1672 413 1727 443 535

295 472 462 524 ipsaque
491 470 695 523 pervigilis
724 470 879 509 calcare
907 469 1111 507 volumina
1137 468 1312 515 monstri,

296 537 499 588 contingat
525 536 622 574 mihi
649 534 794 574 deinde
822 535 922 573 mori
930 534 951 571 Γ
982 534 1038 572 sic
1067 533 1150 571 fata
1176 532 1352 584 profugit

297 615 420 654 seque
450 601 523 640 sub
553 600 740 640 extremis
769 601 810 638 in
837 599 996 638 moenia
1023 598 1177 637 rettulit
1203 597 1364 637 umbris.

346 679 402 716 Et
429 678 507 717 iam
534 677 703 729 puniceo
731 689 869 727 regem
898 688 990 727 spes
1018 688 1124 713 vana
1151 674 1225 712 sub
1256 679 1343 712 ortu

296 743 506 790 extulerat,
536 742 692 794 quantis
721 755 802 780 nox
830 754 910 779 una
939 740 1140 779 diremerit
1168 739 1285 778 undis
1673 746 1728 776 540

294 807 537 854 Aesoniden,
566 806 720 845 liberne
748 806 851 845 freto
879 807 958 844 iam
985 805 1122 844 vultus
1152 810 1289 857 aperto

291 878 415 925 utque
442 873 550 924 prius
578 877 704 910 totum
733 871 850 910 sileat
878 884 999 910 mare.
1056 869 1231 922 dumque
1260 883 1309 908 ea
1336 869 1457 920 longe

295 937 503 989 explorare
530 941 657 988 parat,
687 941 824 974 contra
851 936 961 974 venit
990 935 1115 973 Areas
1143 934 1302 973 Echion

191 1084 498 1121 sollicitudinibus
524 1083 667 1125 dieitur,
694 1083 798 1119 velut
822 1082 889 1123 III,
916 1082 996 1124 393,
1034 1082 1101 1118 sed
1141 1082 1331 1118 interdum
1368 1082 1484 1118 etiam
1521 1082 1568 1118 de
1593 1093 1672 1118 cor-

189 1143 289 1190 poris
313 1143 463 1185 viribus,
500 1144 543 1178 ut
566 1142 676 1188 Verg.
703 1153 831 1188 georg,
859 1142 927 1183 111,
970 1142 1042 1176 215
1072 1141 1189 1186 carpit
1213 1142 1304 1176 enim
1331 1141 1420 1176 vires
1447 1162 1489 1167 -
1512 1141 1671 1184 femiam

192 1202 258 1238 Ov.
284 1202 374 1238 artis
398 1202 451 1247 Π,
469 1202 536 1236 114
563 1201 712 1248 (forma)
748 1202 866 1246 spatio
901 1202 1063 1245 carpitur
1086 1201 1168 1245 ipsa
1191 1211 1273 1247 3u03
1301 1212 1346 1236 ex
1370 1200 1478 1236 Pont.
1505 1199 1533 1242 Ι,
1559 1200 1592 1245 4,
1624 1201 1670 1235 21

191 1272 268 1308 seq.
293 1262 367 1297 otia
391 1272 519 1305 eorpus
543 1262 659 1302 alunt;
691 1262 833 1296 animus
857 1271 991 1305 quoque
1009 1261 1178 1305 pascitur
1194 1261 1284 1304 mm
1321 1260 1535 1295 Immodicas
1551 1263 1676 1295 eontra

190 1321 308 1365 carpit
330 1325 518 1365 utrumque
542 1320 656 1362 laba-3
691 1320 766 1356 vid.
793 1319 908 1356 etiam
933 1319 994 1354 Sil.
1020 1319 1069 1364 Π,
1087 1319 1157 1354 458
1182 1314 1416 1364 carpebatque
1440 1319 1514 1355 dies
1539 1320 1677 1364 urbem,-

191 1380 258 1417 Ov.
283 1380 371 1417 fast.
395 1380 469 1421 IV‚-
485 1379 566 1415 925.

285 1439 366 1475 534.
413 1443 454 1474 ut
476 1440 575 1474 nullo
599 1438 696 1478 Vat„
722 1439 819 1474 nullo
845 1449 926 1483 ego.

283 1497 364 1534 535.
412 1499 527 1543 ipsam
551 1497 647 1539 Vat„
673 1499 790 1542 ipsum
816 1509 896 1543 ego,
935 1498 957 1533 i.
985 1509 1015 1533 e.
1055 1498 1134 1533 sine
1160 1497 1282 1533 alieno
1313 1497 1467 1540 auxilio;
1506 1497 1537 1532 si
1559 1498 1677 1542 ipsam

189 1568 390 1606 servamus,
416 1557 599 1602 gradatio,
627 1568 722 1602 quae
747 1557 868 1592 inesse
894 1557 1010 1593 debet
1034 1557 1072 1592 in
1097 1569 1131 1596 v.
1158 1557 1226 1592 536
1251 1558 1407 1602 ipsaque,
1434 1557 1634 1595 evanescit.

284 1617 364 1654 536.
425 1617 616 1652 calcantem
648 1617 783 1652 lumina
819 1617 905 1653 Vat.
919 1644 927 1658 ‚
976 1617 1112 1652 calcare
1147 1617 1327 1652 volumina
1362 1616 1546 1661 Meyncke
1583 1629 1674 1652 mus.

197 1675 318 1712 Rhen.
342 1675 463 1723 ΧΧΠ,
486 1676 566 1712 374.

285 1734 366 1770 537.
415 1736 476 1770 vix
499 1734 595 1776 Vat„
621 1735 709 1771 mihi
733 1735 925 1771 Maserius.
987 1735 1123 1771 Medea
1143 1776 1145 1779 ⁸
1158 1736 1390 1780 postremum
1425 1735 1568 1781 pudore
1596 1746 1675 1770 cor-

193 1796 301 1839 repta
325 1793 418 1829 nihil
442 1794 643 1839 respondet
668 1794 716 1829 ad
746 1794 873 1833 verba,
900 1794 1031 1839 quibus
1056 1794 1169 1830 Iason
1205 1805 1288 1830 eam
1325 1794 1364 1828 in
1400 1793 1678 1829 matrimonium

191 1852 338 1898 petivit,
365 1853 431 1888 sed
457 1852 571 1898 fugit3
598 1852 809 1889 felicissime
834 1854 904 1888 hoc
923 1853 971 1888 ad
988 1853 1189 1889 veritatem
1207 1853 1390 1899 expressit
1405 1854 1530 1898 poeta.
1567 1852 1679 1898 Apud

193 1911 432 1957 Apollonium
455 1912 590 1947 Medea
605 1912 723 1948 multo
749 1912 914 1958 apertius
941 1923 1104 1948 amorem
1130 1912 1283 1948 indicat.

290 1970 369 2006 538.
417 1971 528 2016 Apud
568 1971 804 2016 Apollonium
856 1971 924 2006 sub
977 1972 1127 2007 noctem
1166 1971 1302 2007 Medea
1341 1971 1381 2005 in
1417 1971 1549 2007 urbem
1579 1970 1679 2006 redit

195 2027 262 2071 m,
289 2029 381 2064 1142
406 2041 519 2076 seqq„
547 2029 614 2065 cfr.
640 2030 689 2064 ad
713 2042 746 2066 V.
773 2029 853 2066 372.

291 2088 370 2125 539.
420 2093 520 2124 ortus
536 2089 771 2124 substantivo
786 2090 872 2124 solis
888 2101 962 2124 non
980 2089 1108 2124 addito
1138 2089 1235 2124 solet
1251 2089 1461 2135 significare
1487 2089 1678 2135 regionem

194 2147 333 2194 mundi,
358 2148 477 2183 rarius
490 2149 637 2194 tempus
662 2148 813 2188 indicat,
840 2149 882 2183 ut
903 2148 969 2183 Ov.
988 2148 1079 2183 artis
1097 2147 1163 2188 ΙΙΙ,
1190 2148 1278 2196 724;
1302 2148 1400 2185 trist.
1417 2148 1447 2190 Ι,
1466 2149 1497 2190 2,
1516 2148 1562 2183 27
1576 2151 1678 2194 (pur-

192 2217 307 2251 pureo
332 2208 376 2243 ab
401 2209 505 2252 mu).

290 2265 370 2301 541.
419 2266 549 2301 liberne
576 2265 641 2311 (sic
667 2266 743 2302 cod.
772 2266 883 2311 Carr„
908 2266 992 2304 Vat.
1018 2267 1138 2303 habet
1162 2267 1323 2306 tiberine)
1347 2267 1442 2310 freto
1470 2267 1543 2302 iam
1559 2268 1679 2302 vultus

199 2329 339 2370 «πρῶτος
363 2325 488 2360 vultus
513 2325 701 2360 interdum
725 2324 953 2361 transfertur
979 2325 1026 2361 ab
1065 2326 1275 2362 hominibus
1301 2326 1350 2361 ad
1374 2338 1444 2371 res,
1482 2327 1525 2361 ut
1550 2337 1678 2362 earum

195 2383 295 2419 visus
320 2383 435 2421 facies
460 2384 581 2420 forma
605 2383 839 2430 significetur,
866 2384 932 2421 cfr.
957 2386 1044 2421 salis
1061 2386 1204 2430 plac-idi
1226 2386 1361 2421 vultum
1385 2385 1495 2431 Verg.
1523 2386 1614 2421 Aen.
1634 2385 1675 2427 V,

196 2441 286 2490 8483
303 2443 453 2487 pulcher
477 2444 593 2478 adhue
617 2444 696 2478 belli
719 2444 837 2479 vultus
854 2443 947 2479 Stat.
967 2444 1082 2480 Theb.
1102 2444 1202 2486 VIII,
1219 2445 1306 2488 402;
1333 2445 1421 2480 liber
1444 2444 1678 2490 intellegitur

197 2501 323 2537 vultus
346 2502 459 2538 maris
485 2502 532 2538 ab
559 2502 793 2548 Argonautis.

292 2561 373 2598 542.
419 2565 527 2606 utque
551 2562 659 2606 prius
683 2565 793 2596 totum
816 2561 918 2598 sileat
941 2573 1038 2598 mare
1073 2563 1096 2599 i.
1123 2574 1154 2599 e.
1193 2564 1319 2610 ‘atque
1355 2564 1527 2599 totumne
1564 2563 1678 2599 sileat

198 2631 305 2658 mare
328 2622 372 2657 ut
395 2621 529 2666 prius’3
563 2621 672 2666 Ιοηρε,
698 2620 721 2655 i.
749 2632 779 2656 e.
806 2632 850 2656 ex
874 2621 1087 2667 longinquo,
1114 2622 1180 2660 cfr.
1207 2623 1257 2658 ad
1281 2622 1310 2664 Ι,
1337 2622 1417 2659 288.

293 2680 373 2717 543.
422 2683 551 2725 quaeat
575 2679 671 2716 Vat..
697 2684 810 2724 parat
834 2679 932 2716 Pius.
