1890 3100
247 205 333 248 488
762 207 799 245 O.
826 208 1005 244 VALERI
1031 209 1204 246 FLACCI

408 324 486 363 Illa
515 325 620 364 deae
649 332 787 366 contra
814 327 1043 367 iamdudum
1074 342 1264 381 spernere
1292 344 1431 380 voces;

360 395 451 429 ‘non
481 392 537 430 ita
566 405 629 430 me
658 393 928 432 immemorem
957 408 1126 446 magnae
1155 395 1381 434 Perseidos‘
1411 397 1540 449 inquit

360 457 515 505 ‘cernis,
545 463 588 496 ut
616 457 757 497 infelix
784 459 980 498 thalamos
1011 474 1086 512 ego
1116 474 1236 512 cogar
1263 461 1304 499 in
1331 461 1435 501 illos.

356 522 381 569 i,
411 535 562 574 precor,
594 529 714 576 atque
741 524 854 563 illum
882 539 951 576 pro
981 539 1044 564 me
1074 525 1227 565 dimitte
1255 527 1448 566 timorem.
1732 538 1788 569 240

361 587 432 625 sed
460 588 586 638 magis
615 589 677 628 his
706 590 902 638 miseram,
935 591 1092 643 quando
1121 598 1248 643 potes,
1279 593 1387 644 eripe
1417 593 1533 641 curis,

359 652 466 692 unde
495 660 624 692 metus
653 661 869 708 aestusque
898 657 1004 704 mihi,
1037 671 1220 709 quaeque
1250 671 1404 709 aspera,
1433 663 1571 707 mater,

358 719 561 770 perpetior
589 719 733 759 dubiae
763 721 992 760 iamdudum
1011 722 1196 761 incendia
1223 724 1378 762 mentis.

359 784 472 822 nulla
501 786 613 837 quies
644 787 786 834 animo,
815 787 950 826 nullus
980 801 1098 839 sopor
1129 788 1268 840 alligat
1297 795 1416 827 artus.

359 864 507 903 quaere
536 851 650 889 malis
678 852 824 890 nostris
852 853 1031 904 requiem
1059 859 1313 906 mentemque
1341 847 1503 907 repone,
1732 859 1787 888 245

360 916 485 955 redde
515 916 619 955 diem
648 922 888 969 noctemque
917 918 1023 965 mihi,
1054 918 1106 956 da
1134 919 1331 970 prendere
1359 926 1495 959 vestes

361 981 594 1020 somniferas
623 982 780 1034 istaque
810 983 946 1021 oculos
976 996 1214 1035 componere
1243 986 1367 1036 virga.

359 1052 404 1085 tu
433 1061 592 1099 quoque
621 1047 688 1095 nil,
719 1053 856 1096 mater,
885 1048 1030 1100 prodes
1060 1049 1176 1098 mihi3
1206 1050 1344 1089 fortior
1372 1056 1464 1090 ante

346 1183 425 1219 237.
477 1184 682 1219 iamdudum
706 1184 728 1219 i.
756 1196 787 1220 e.
814 1185 952 1226 statim,
993 1185 1058 1221 cfr.
1086 1186 1134 1221 ad
1159 1185 1229 1228 III,
1263 1186 1349 1229 235;
1389 1187 1474 1222 deae
1504 1208 1548 1213 —
1573 1197 1739 1231 spernere

254 1253 354 1279 voees
377 1243 399 1278 i.
429 1255 460 1280 e.
485 1243 710 1289 improbare.

348 1303 427 1338 238.
479 1304 621 1339 Perseis
645 1315 740 1348 quae
758 1304 817 1348 sit,
845 1304 1045 1340 admodum
1070 1305 1168 1341 inter
1194 1317 1233 1341 se
1261 1305 1486 1342 dissentiunt
1499 1305 1737 1352 interpretes,

252 1363 343 1399 alius
367 1363 475 1408 putat
499 1364 668 1405 matrem,
697 1363 789 1398 alius
813 1363 935 1399 aviam
951 1364 1119 1410 Medeae,
1145 1364 1313 1410 WVagner
1332 1364 1472 1406 Circen,
1500 1365 1601 1401 cuius
1619 1366 1740 1402 mater

253 1423 366 1459 Perse
407 1424 463 1458 est
501 1423 601 1468 apud
637 1423 758 1469 Apoll.
803 1423 865 1470 IV,
902 1423 987 1466 589;
1030 1424 1137 1462 Hom.
1175 1424 1241 1460 Od.
1285 1425 1328 1471 X,
1361 1425 1446 1468 1393
1477 1425 1569 1471 Hyg,
1596 1425 1672 1460 fab.
1698 1437 1740 1470 p.

253 1483 314 1525 123
352 1483 413 1518 vel
437 1482 582 1518 Perseis
608 1483 693 1518 Hes.
721 1482 859 1528 Theog.
886 1483 972 1526 9573
1011 1483 1105 1528 Hyg.
1133 1483 1209 1520 fab.
1237 1483 1324 1527 156;
1349 1484 1521 1530 Apollod.
1540 1484 1567 1526 I,
1593 1484 1627 1530 9,
1655 1485 1686 1526 1,
1705 1484 1739 1520 6.

258 1543 386 1588 Longe
412 1544 538 1579 autem
575 1542 916 1588 probabilissimum
949 1543 1015 1585 est,
1050 1543 1257 1579 Hecaten
1281 1543 1462 1589 intellegi,
1497 1555 1580 1579 cum
1604 1544 1740 1580 Medea

255 1603 381 1639 dicere
405 1602 507 1643 velit,
546 1613 585 1638 se
610 1614 685 1637 non
722 1601 863 1637 frustra
889 1602 936 1637 ab
962 1602 1105 1638 Hecate
1143 1603 1243 1639 artes
1268 1603 1434 1648 magicae
1467 1602 1656 1649 didicisse3
1694 1603 1742 1639 de

253 1662 397 1698 Hecate
422 1661 599 1698 Perseide
626 1661 692 1696 cfr.
720 1662 769 1696 ad
796 1661 858 1703 VI,
884 1661 965 1698 495.

349 1721 429 1757 240.
478 1722 492 1757 i
511 1732 641 1765 precor
677 1725 781 1766 atque
805 1742 851 1747 —
876 1721 1012 1756 dimitte
1037 1721 1117 1757 fere
1154 1721 1256 1757 idem
1294 1722 1394 1766 quod
1420 1726 1502 1767 ‘age
1526 1732 1659 1767 precor
1689 1721 1743 1756 di-

255 1780 391 1822 mitte’3
419 1780 484 1816 cfr.
501 1780 587 1816 Hor.
611 1792 666 1826 ep.
693 1779 720 1822 I,
747 1780 780 1822 6,
809 1780 869 1822 17;
896 1780 992 1826 11‚2,
1020 1780 1082 1823 76;
1109 1780 1180 1815 nisi
1205 1780 1304 1826 quod
1330 1792 1414 1816 cum
1437 1780 1557 1817 ironia
1582 1780 1744 1826 quadam

254 1840 390 1876 dicitur
416 1840 516 1886 apud
541 1841 639 1875 hunc
663 1841 824 1885 poetam.

351 1911 462 1935 mium
490 1900 583 1946 Vat.,
609 1900 706 1935 illum
732 1900 932 1935 Loehbach
957 1900 1053 1936 stud.
1078 1912 1114 1946 p.
1143 1899 1199 1935 13.

349 1960 430 1995 241.
478 1960 592 2004 mayis
615 1971 684 2004 pro
711 1970 754 1995 eo
780 1959 878 2005 quod
903 1960 961 1995 est
980 1960 1114 2004 potius,
1143 1959 1209 1995 cfr.
1238 1959 1287 1994 ad
1312 1959 1354 2006 V,
1379 1959 1458 1995 563.

350 2019 431 2056 242.
480 2023 602 2065 mater,
629 2018 704 2055 vid.
730 2019 778 2054 ad
802 2018 844 2061 V,
871 2018 951 2055 353.

351 2079 431 2114 243.
481 2079 592 2114 durae
616 2077 712 2120 Vat.,
739 2079 868 2114 dubiae
891 2078 1034 2121 Burm.;
1060 2078 1226 2114 incendia
1250 2078 1392 2113 mentis:
1421 2077 1553 2113 Catull.
1580 2077 1635 2118 64,
1662 2077 1742 2112 226.

351 2138 431 2173 244.
480 2149 588 2183 sopor
601 2138 707 2173 arida
718 2138 802 2175 Vat.
817 2149 927 2173 versu
940 2138 1130 2180 mutilat03
1154 2138 1259 2173 varia
1270 2138 1319 2173 ad
1331 2138 1503 2173 lacunam
1517 2136 1740 2182 explendam

255 2198 451 2242 temptata
488 2198 584 2238 sunt,
620 2197 687 2232 sed
725 2196 905 2242 optimam
942 2197 1167 2233 sententiam
1205 2198 1322 2233 habet
1359 2195 1570 2233 coniectura
1605 2195 1738 2231 Kochii

261 2255 415 2292 coniect.
441 2268 474 2301 p.
500 2256 556 2302 22,
581 2256 644 2301 qui
669 2255 816 2292 confert
840 2256 869 2296 Ι,
896 2256 963 2300 48;
988 2267 1103 2301 quare
1129 2267 1213 2293 eam
1236 2256 1372 2302 recepi.

352 2315 433 2351 246.
483 2314 609 2360 Fingit
633 2316 748 2360 poeta
783 2319 893 2351 vestes
928 2315 1149 2362 smnifwas,
1188 2327 1278 2360 quas
1315 2314 1411 2360 petit
1443 2314 1588 2360 Medea,
1616 2314 1745 2350 Circae

265 2374 432 2421 proprias
458 2385 554 2420 esse;
591 2374 699 2419 virga
726 2374 802 2409 eius
827 2375 919 2410 nota
944 2386 989 2411 ex
1014 2375 1186 2421 Homero,
1212 2375 1279 2410 sed
1305 2385 1379 2421 qua
1403 2373 1567 2410 virorum
1604 2373 1744 2410 formae

259 2435 392 2479 mutet,
417 2445 492 2470 non
519 2445 580 2469 eos
606 2435 766 2479 soporet.

356 2494 436 2528 247.
486 2494 634 2538 ipsaque
669 2493 766 2538 Vat.,
804 2493 941 2538 istaque
975 2493 1070 2530 Phil.
1108 2493 1282 2539 Wagner,
1318 2492 1342 2528 i.
1369 2503 1400 2528 e.
1427 2492 1542 2537 virga,
1570 2503 1682 2537 quam
1705 2491 1746 2527 in

263 2553 436 2589 manibus
461 2553 590 2591 habes.

355 2612 435 2650 248.
485 2612 568 2647 Iam
592 2611 707 2647 sentit
731 2611 866 2647 Medea
890 2611 966 2647 vim
983 2612 1147 2649 Veneria

354 2673 485 2716 fortior
510 2675 591 2707 ante
615 2672 691 2707 sola
713 2671 790 2714 fui:
816 2670 881 2706 Ov.
908 2671 997 2708 met.
1024 2671 1106 2716 VII,
1133 2671 1178 2706 76
1204 2673 1325 2707 etiam
1347 2671 1455 2714 fortis
1483 2674 1560 2706 erat
1573 2669 1746 2715 (Medea).
