1890 3100
240 241 325 284 110
766 237 803 274 C.
828 237 1010 273 VALERI
1035 236 1210 272 FLACCI

347 363 482 398 cetera
509 357 619 397 nuda
646 358 736 396 neci
763 357 976 410 medioque
1004 357 1046 395 in
1074 357 1238 396 crimine
1266 362 1421 408 patrem

346 424 508 476 liquerit
537 437 583 462 ac
611 423 733 461 nullis
762 423 922 474 inopem
950 422 1162 461 vallaverit
1192 422 1309 461 armis

346 491 433 542 ipse
462 489 602 541 procul
631 502 736 527 nunc
765 494 852 527 tuta
879 493 1034 536 tenens,
1064 493 1154 526 ruat
1184 488 1310 526 omnis
1340 488 1381 525 in
1409 487 1500 525 illos

348 556 496 608 quippe
524 555 651 593 furor:
682 567 758 593 nec
785 567 891 592 vana
918 559 1039 606 pavet
1066 552 1320 605 trepidatque
1349 553 1505 590 futuris.

457 620 596 659 Saevit
625 625 739 658 atrox
767 620 901 658 Pelias
930 619 1169 671 inimicaque
1194 619 1345 657 vertice
1375 618 1425 656 ab
1455 618 1536 656 alto

345 687 440 725 vela
466 685 577 724 videt
604 699 680 724 nec
711 699 790 737 qua
810 698 853 723 se
883 684 1027 723 ardens
1058 683 1263 723 effundere
1292 683 1430 735 possit.

346 752 403 790 nil
433 752 564 799 animi,
595 751 652 789 nil
679 764 806 802 regna
833 750 988 798 iuvant3
1018 749 1151 788 fremit
1181 749 1294 788 obice
1323 746 1463 800 pontii
1539 737 1542 762 ³
1627 784 1632 791 „
1644 750 1718 791 2102*
1737 746 1753 750 ”

263 855 281 873 ,
349 817 486 856 clausa
515 817 656 855 cohors
685 816 860 868 telisque
890 815 1018 854 salum
1047 815 1284 866 facibusque
1314 818 1508 853 coruscat.
1580 804 1586 807 χ

347 883 446 921 haut
476 895 605 930 secus,
636 882 820 920 aerisona
847 881 1012 919 volucer
1041 894 1130 919 cum
1158 879 1367 918 Daedalus
1397 892 1466 918 ora

338 1043 418 1079 696.
469 1047 584 1078 cetera
600 1042 623 1078 i.
643 1054 674 1078 e.
694 1042 811 1078 ceteri
828 1042 890 1087 qui
909 1041 942 1077 ei
962 1040 1115 1086 cognati
1131 1040 1234 1076 sunt:
1260 1040 1371 1085 pater
1388 1039 1511 1074 mater
1528 1038 1735 1082 fraterque.

337 1103 518 1147 medioque
542 1103 582 1137 iri
606 1102 752 1137 crimine
775 1101 831 1136 ita
857 1100 1078 1146 explicatur,
1110 1099 1216 1145 quasi
1241 1098 1290 1134 sit
1313 1099 1438 1134 Aeson
1461 1098 1502 1133 in
1526 1097 1735 1143 suspicione

244 1162 407 1198 criminis
435 1163 474 1197 et
500 1162 677 1197 credatur
702 1160 778 1196 filio
804 1160 973 1202 suasisse,
1012 1160 1055 1194 ut
1079 1159 1259 1195 Acastum
1285 1169 1411 1194 secum
1437 1157 1606 1197 duceret;
1644 1156 1737 1191 mihi

243 1222 395 1267 quidem
419 1222 538 1257 multo
562 1220 796 1267 probabilius
822 1220 982 1262 videtur,
1022 1219 1068 1254 de
1103 1218 1245 1254 scelere
1272 1217 1450 1262 cogitare,
1490 1216 1590 1262 quod
1613 1216 1737 1252 Pelias

242 1281 281 1316 in
306 1293 436 1317 senem
460 1281 643 1316 inermem
669 1279 930 1316 commissurus
958 1279 1029 1321 est3
1058 1279 1152 1313 haec
1176 1276 1365 1313 sententia
1389 1276 1451 1312 vel
1474 1275 1587 1311 medio
1613 1274 1738 1310 adiec-

241 1341 321 1376 tivo
353 1340 513 1376 indicari
538 1340 700 1376 videtur.

340 1411 421 1448 699.
471 1412 601 1456 quippe
625 1411 661 1445 in
690 1411 763 1446 fine
789 1409 870 1446 fere
895 1408 1107 1445 sententiae
1132 1407 1296 1454 positum
1320 1406 1510 1442 invenitur
1536 1405 1651 1442 etiam
1676 1405 1738 1448 VI,

241 1472 330 1518 4523
357 1471 580 1516 trepidatque
602 1470 755 1513 futuris:
782 1481 857 1504 non
883 1468 1034 1514 angitur
1061 1467 1112 1504 eis
1139 1467 1261 1509 rebus,
1289 1477 1384 1512 quae
1422 1465 1550 1502 futuro
1589 1466 1739 1501 demum

241 1532 414 1576 tempore
438 1531 542 1573 fiant,
570 1530 638 1566 sed
662 1530 739 1564 iam
763 1529 802 1564 in
829 1540 872 1564 eo
899 1529 965 1570 est,
993 1529 1036 1563 ut
1059 1527 1162 1573 patri
1188 1526 1343 1563 exitium
1367 1526 1539 1572 paretur;
1577 1536 1643 1570 que
1669 1537 1739 1571 pro

242 1590 429 1637 particula
454 1594 519 1625 aut
543 1589 724 1635 scriptum
752 1589 818 1630 est,
846 1588 921 1624 vid.
949 1587 997 1622 ad
1022 1599 1056 1623 v.
1084 1587 1164 1623 111.

339 1661 419 1698 701.
493 1672 530 1697 se
555 1681 599 1687 —
625 1660 813 1703 effundere;
853 1659 987 1695 clarius
1025 1657 1117 1693 dicit
1141 1657 1311 1693 Valerius
1349 1667 1574 1702 quamquam
1608 1655 1737 1702 paullo

245 1721 320 1757 alia
346 1720 537 1757 sententia
562 1719 623 1762 IV,
651 1720 721 1754 273
751 1722 916 1765 uryentes
947 1717 1072 1761 effudit
1101 1717 1255 1752 nubibus
1285 1717 1361 1752 iras
1391 1716 1620 1760 ardoremque
1648 1715 1737 1762 vir&

246 1781 311 1817 cfr.
338 1780 420 1822 VII,
447 1780 494 1815 34
519 1780 651 1825 talique
676 1779 871 1822 effunditur
894 1778 954 1813 ira
980 1778 1018 1813 et
1045 1776 1118 1812 Cic.
1143 1776 1273 1822 parad.
1300 1775 1368 1817 ΠΙ,
1395 1775 1441 1810 21
1467 1776 1530 1820 qui
1550 1786 1589 1810 se
1611 1775 1652 1810 iu
1671 1774 1739 1810 ali-

245 1852 317 1886 qua
342 1840 487 1876 libidine
512 1839 736 1883 continuerit,
762 1838 802 1873 in
826 1838 949 1882 aliqua
973 1836 1147 1880 effuderit.

342 1911 422 1948 702.
472 1911 642 1957 Apparet
668 1921 713 1946 ex
738 1910 809 1946 hoc
834 1909 926 1951 loco,
955 1908 1109 1944 armatis
1134 1908 1240 1955 littus
1267 1917 1469 1952 occupasse
1493 1904 1646 1948 Peliam,
1673 1906 1740 1942 sed

246 1971 398 2010 frustra,
428 1983 511 2006 cum
536 1971 616 2016 ipse
642 1970 810 2006 montem
836 1968 1048 2005 ascenderit
1065 1969 1179 2013 atque
1203 1967 1279 2002 iam
1297 1966 1429 2012 procul
1454 1969 1606 2002 avectos
1622 1965 1741 2011 Argo-

247 2032 384 2066 nautas
411 2029 626 2076 conspiciat.

342 2091 437 2126 obice
460 2090 569 2135 ponti
575 2103 583 2132 ;
608 2089 719 2134 Verg.
747 2089 838 2124 Aen.
865 2088 911 2128 X.
937 2087 1006 2122 377
1032 2098 1106 2122 ecce
1129 2086 1242 2122 maris
1264 2097 1396 2131 mayrm
1414 2085 1630 2120 claudimus
1645 2084 1742 2120 obice

242 2153 394 2194 poutu3;
422 2149 519 2185 solet
545 2160 590 2184 ea
615 2159 686 2193 res,
713 2159 808 2193 quae
833 2146 1103 2193 impedimento
1132 2147 1199 2188 est,
1239 2145 1288 2180 ad
1324 2145 1451 2181 obicem
1489 2144 1528 2179 in
1564 2143 1741 2190 genetivo

249 2208 347 2251 addi,
389 2209 496 2245 velut
519 2208 632 2253 Verg.
659 2219 786 2253 georg.
812 2207 873 2249 IV,
900 2207 970 2241 422
1008 2207 1106 2242 intus
1141 2217 1179 2241 se
1214 2206 1307 2241 vasti
1337 2204 1492 2240 ,Proteus
1526 2204 1612 2249 tegit
1647 2203 1743 2239 obice

247 2268 346 2308 saoei2
385 2268 471 2303 Luc.
499 2268 543 2311 X,
569 2268 640 2302 246
664 2268 723 2302 ille
746 2278 846 2302 mora
872 2278 998 2302 cursus
1022 2266 1228 2310 adversique
1259 2265 1354 2301 obice
1383 2264 1492 2309 ponti
1514 2263 1668 2299 Aestuat
1702 2263 1744 2298 in

248 2338 407 2372 campo&
448 2326 513 2362 Ov.
542 2327 627 2364 fast.
654 2326 681 2368 Ι,
708 2326 778 2361 563
802 2326 860 2361 ille
886 2326 1022 2361 aditum
1044 2325 1156 2368 fweti
1177 2327 1449 2369 praestruxerat
1472 2323 1568 2359 obice
1596 2323 1741 2364 monti3;

250 2386 379 2423 Claud.
407 2386 453 2421 de
478 2385 580 2422 bello
607 2385 706 2423 Gild.
730 2386 759 2431 Ι,
780 2386 826 2420 10
849 2386 960 2421 nullis
984 2385 1134 2421 victoria
1158 2384 1262 2420 nodis
1278 2384 1415 2425 Haesit,
1442 2393 1515 2418 mm
1529 2382 1648 2427 ‘spatio
1674 2386 1742 2417 ter-

248 2457 321 2489 rae,
347 2457 422 2482 nou
447 2446 542 2481 obice
563 2445 679 2489 ponti.

346 2517 426 2553 703.
477 2517 582 2552 Mare
608 2516 783 2562 splendet
807 2516 893 2551 telis
927 2517 965 2551 et
996 2515 1152 2562 facibus,
1191 2525 1286 2560 quae
1313 2525 1358 2550 ex
1394 2512 1589 2559 superficie
1621 2523 1742 2558 aquae

252 2579 448 2623 tamquam
475 2588 519 2613 ex
544 2576 693 2622 speculo
719 2575 1032 2621 repercutiuntur.

348 2655 427 2689 704.
471 2654 528 2690 ira
549 2653 639 2695 Vat.;
665 2664 731 2688 ora
757 2652 837 2688 cod.
859 2651 975 2693 earm
1003 2652 1203 2687 aer-isonam
1229 2650 1362 2686 Cretae
1394 2660 1493 2685 oram
1517 2649 1578 2684 alii
1603 2649 1742 2695 putant

253 2714 327 2749 dici
351 2714 508 2760 propter
534 2712 730 2749 Telchines
754 2711 994 2748 metallorum
1020 2710 1179 2756 opifices,
1207 2709 1254 2746 de
1281 2709 1413 2754 quibus
1450 2708 1538 2744 vide
1562 2707 1670 2744 Diod.
1697 2708 1740 2750 V,
