1890 3100
220 135 309 179 572
848 134 1096 170 ADDENDA.

320 253 362 294 V,
389 252 470 287 306.
517 252 694 288 Fortasse
717 253 899 298 praestat,
924 263 1054 288 versus
1079 252 1268 289 Homerici
1291 253 1336 290 Il.
1362 254 1408 298 X,
1435 254 1455 288 7
1483 253 1630 291 ratione
1654 255 1723 291 ha-

225 311 309 346 bita
328 311 536 346 Burmanni
556 310 845 356 explicationem
865 311 904 346 in
923 311 1167 361 adnotatione
1186 311 1278 347 mihi
1294 323 1370 348 non
1387 313 1588 358 probatam
1605 313 1720 359 sequi.

317 370 383 412 VI,
410 370 490 405 223.
541 370 685 406 Eadem
715 370 863 405 ratione
895 372 1010 415 atque
1043 381 1112 415 ego
1143 371 1262 406 verba
1293 371 1496 416 explicavit
1521 371 1720 408 Summers.

317 429 382 471 VI,
421 429 503 464 457.
569 428 676 464 Infra
716 429 806 471 VII,
850 429 918 464 171
966 429 1086 464 Venus
1129 430 1248 465 mater
1288 429 1504 466 nominatur
1546 431 1723 476 aliyerum

221 489 407 524 Amorum.

317 547 380 583 VI.
415 547 496 583 558.
546 547 620 583 Pro
660 547 803 591 Rhipea
841 558 886 583 ex
928 547 1153 583 auctoritate
1191 548 1272 584 cod.
1298 548 1382 586 Vat.
1420 560 1519 584 nunc
1556 549 1723 585 scribere

222 607 352 643 malim
378 607 556 652 Rhiphea.

316 666 378 708 VI,
405 667 476 701 573
501 677 578 712 seq.
628 666 754 702 Verba
786 666 877 701 satis
916 667 1075 701 obscura
1111 668 1216 702 recte
1253 666 1403 702 videtur
1432 666 1568 703 Hosius
1605 667 1722 703 inter-

220 727 393 772 pretatus
421 737 513 763 esse.

315 784 378 829 VI,
405 784 484 819 730.
536 785 656 820 omina
682 796 766 820 cum
793 784 957 820 editione
983 784 1118 820 Aldina
1142 785 1293 821 videtur
1318 785 1557 821 scribendum
1581 797 1649 830 pro
1675 796 1722 821 eo

220 844 321 889 quod
346 843 385 878 in
409 844 494 878 Vat.
521 843 684 878 traditur
709 845 839 879 omnia.

314 903 377 943 VI,
406 903 485 937 751.
537 903 677 938 Locum
702 902 844 937 Lucani
869 903 998 937 attulit
1021 902 1164 939 Hosius,

314 962 398 1003 VII,
438 961 484 996 55
522 973 598 1007 seq.
641 961 775 997 Hosius
818 961 1003 1002 defendit,
1054 973 1138 997 cum
1180 961 1473 1008 interpretatur,
1521 962 1620 1008 quod
1662 963 1723 998 est

225 1022 424 1063 descendet,
463 1021 565 1057 idem
595 1021 724 1056 valere
757 1022 868 1066 atque
901 1021 1072 1056 decrescet
1103 1021 1184 1058 coll.
1217 1022 1304 1057 Luc.
1331 1022 1373 1063 V,
1400 1021 1470 1057 338
1500 1033 1574 1058 non
1604 1023 1722 1067 mayn

224 1082 356 1117 ablatis
380 1092 547 1126 umquam
573 1081 788 1116 descenderit
813 1091 953 1126 aequor,
981 1080 1096 1125 Quam
1118 1092 1214 1115 nunc
1239 1081 1370 1123 crescit,
1398 1082 1512 1126 aquis.

315 1140 399 1181 VII,
429 1140 508 1176 169.
557 1140 661 1185 Bury
687 1140 755 1176 the
786 1139 955 1175 classical
986 1139 1124 1175 review
1148 1139 1192 1186 X,
1217 1152 1253 1185 p.
1280 1139 1326 1174 39
1352 1139 1501 1186 scripsit
1523 1141 1721 1176 insomnem

218 1201 259 1235 in
283 1211 424 1235 somnos
449 1200 587 1245 inqenti
613 1210 643 1236 e.
670 1211 702 1244 q.
730 1210 757 1234 s.
784 1202 885 1234 ratus
910 1199 1012 1244 prius
1038 1200 1151 1234 solvat
1175 1199 1445 1244 interpolatum
1472 1210 1553 1235 esse
1570 1199 1620 1234 ad
1635 1210 1719 1235 ver-

220 1271 301 1294 sum
326 1270 500 1294 mancum
525 1259 785 1304 supplendum.

315 1317 392 1362 VII,
427 1318 509 1354 343.
571 1318 645 1353 Pro
682 1318 826 1353 tradita
862 1317 901 1352 in
940 1317 1129 1353 codicibus
1167 1317 1352 1363 scriptura
1388 1318 1483 1353 haec
1523 1316 1720 1362 proposuit

221 1377 374 1412 Hosius:
401 1378 464 1422 qui
488 1382 592 1423 φοραί
617 1381 660 1419 te,
686 1388 793 1422 quam
811 1378 970 1421 primam
994 1378 1035 1412 in
1059 1378 1161 1412 litore
1184 1377 1284 1412 vidit.
1651 1390 1659 1403 ·

316 1436 421 1475 VIII,
457 1437 539 1473 371.
595 1437 735 1472 clausos
774 1436 965 1480 intellegit
1006 1435 1168 1481 Seyffert
1208 1436 1369 1481 Minyas,
1413 1435 1513 1480 quod
1552 1435 1719 1478 Absyrto

225 1496 348 1532 aditus
376 1496 426 1530 ad
453 1507 515 1532 eos
540 1508 616 1531 non
639 1497 789 1542 pateat;
817 1496 883 1531 sed
908 1507 955 1531 ne
982 1495 1034 1531 sic
1066 1495 1216 1540 quidem
1249 1494 1484 1540 perspicitur,
1511 1506 1574 1530 cur
1599 1493 1719 1539 Argo-

221 1557 362 1591 nautae
389 1555 548 1590 adverso
575 1555 726 1590 flumine
752 1566 827 1590 non
852 1554 1020 1600 fugerint
1045 1556 1157 1599 atque
1183 1554 1249 1590 cfr.
1277 1554 1392 1589 etiam
1416 1566 1452 1590 v.
1478 1553 1558 1590 387.

317 1614 497 1650 Libenter
529 1615 601 1649 hac
633 1614 828 1650 occasione
859 1615 944 1649 utor
977 1614 1026 1648 ad
1060 1615 1211 1658 gratum
1243 1613 1407 1648 animum
1437 1612 1718 1648 testificandum

226 1674 255 1710 O
273 1673 393 1709 scari
412 1673 648 1718 Seyfferto
668 1674 706 1709 et
726 1673 886 1709 Carolo
902 1673 1041 1709 Hosio
1066 1673 1155 1708 viris
1174 1672 1406 1714 doctissimis,
1426 1671 1488 1717 qui
1505 1683 1580 1707 non
1597 1671 1718 1707 solum

217 1734 257 1768 in
275 1733 437 1779 plagulis
456 1733 684 1778 corrigendis
701 1733 801 1768 ultro
818 1744 879 1768 me
898 1733 1132 1774 adiuverunt,
1147 1733 1214 1768 sed
1231 1732 1346 1768 etiam
1365 1732 1412 1767 de
1429 1731 1519 1767 locis
1537 1730 1717 1766 difficilio-

219 1793 322 1828 ribus
357 1792 442 1837 quid
481 1792 675 1834 sentirent,
714 1791 833 1828 amice
870 1803 1017 1827 mecum
1050 1791 1428 1833 communicaverunt,
1468 1791 1582 1835 atque
1618 1790 1718 1824 hanc

217 1863 372 1898 operam
402 1851 522 1886 multo
553 1851 667 1886 latius
699 1851 877 1897 patuisse,
918 1863 1029 1896 quam
1067 1852 1254 1896 appareat>
1289 1861 1333 1886 ex
1372 1850 1439 1891 eis‚'
1471 1860 1566 1895 quae
1605 1859 1720 1894 supra

220 1911 433 1947 nominibus
461 1922 588 1946 eorum
613 1910 795 1956 appositis
822 1911 970 1955 prolata
995 1912 1091 1951 sunt,
1117 1910 1237 1945 libere
1261 1909 1451 1955 profiteor.
