1890 3100
609 194 997 262 ARGONAVTIGON
1025 223 1174 258 LIBER
1196 223 1259 257 VI.
1582 222 1668 266 401

292 347 440 386 turbati
469 347 602 385 coiere
631 345 773 384 duces:
807 345 882 383 hos
910 344 1075 395 insuper
1102 343 1245 393 ingens

291 413 398 451 fama
424 418 570 458 movet,
599 417 686 450 rate
715 423 818 463 quae
848 422 962 447 saera
988 407 1181 459 vulgabat
1209 405 1386 444 Achivos

293 477 507 516 advenisse
538 477 600 515 sui
626 481 858 528 repetentes
885 473 1040 512 vellera
1066 472 1216 518 Phrixi,

293 556 393 595 quos
422 542 552 580 malus
581 541 753 593 hospitio
780 541 997 591 iunctaque
1026 537 1078 576 ad
1104 536 1271 575 foedera
1299 535 1441 574 dextra

291 608 433 646 luserit
460 609 615 645 Aeetes
645 612 765 657 atque
793 605 835 642 in
863 617 937 642 sua
963 602 1131 641 traxerit
1159 615 1279 640 arma.

345 673 469 724 Ergo,
500 671 675 710 consiliis
705 669 798 707 dum
826 682 907 707 nox
934 675 1053 706 vacat
1081 667 1164 705 alta
1190 665 1410 713 movendis,

292 738 450 789 legatos
479 736 614 789 placet
640 735 699 773 ire
728 734 864 776 duces.
898 732 1169 784 mandataque
1196 732 1343 770 Perses

292 803 445 850 edocet,
476 801 604 840 adfari
629 801 790 851 Minyas
818 798 1082 850 fraudemque
1111 797 1272 849 tyranni

290 875 335 907 ut
361 874 562 915 moneant,
593 868 753 920 quinam
780 867 874 904 hinc
902 865 1053 904 animos
1084 864 1273 903 averterit
1302 876 1427 901 error:

293 947 336 972 se
365 934 534 986 primum
562 932 797 971 Haemoniis
826 931 1026 969 hortatum
1055 943 1104 968 ea
1131 929 1286 967 vellera
1312 929 1428 967 terris

290 998 459 1038 reddere
488 1004 529 1037 et
558 998 724 1036 exuvias
752 995 917 1048 pecudis
948 995 1146 1033 dimittere
1175 1007 1330 1032 sacrae:

290 1064 384 1102 hine
413 1063 548 1102 odium
578 1068 618 1101 et
645 1062 747 1101 tanti
774 1062 935 1099 venisse
965 1059 1130 1099 exordia
1158 1059 1267 1097 belli.

292 1129 387 1181 quin
415 1129 546 1180 potius
577 1127 838 1178 dextramque
869 1139 982 1164 suam
1010 1137 1162 1176 suaque
1192 1137 1301 1162 arma
1332 1129 1562 1176 sequantur,

290 1200 359 1232 aut
386 1198 582 1240 remeent3
626 1205 758 1244 neque
788 1191 893 1229 enim
920 1192 1077 1228 Aeetae
1106 1190 1301 1241 promissa
1326 1189 1527 1241 fidemque

291 1271 381 1297 esse
408 1258 516 1306 loco3
546 1258 773 1296 abstineant
801 1256 958 1294 alienae
989 1254 1183 1306 sanguine
1211 1267 1385 1305 pugnae.

289 1337 370 1362 non
396 1323 487 1361 illos
515 1322 607 1361 ideo
635 1322 735 1360 tanti
763 1322 923 1360 venisse
959 1320 1118 1358 labores

280 1447 334 1482 12.
384 1448 508 1483 iuncta
534 1467 575 1472 —
603 1446 747 1482 dextra:
770 1445 882 1489 Verg.
907 1447 998 1479 Aen.
1025 1443 1053 1484 Ι,
1079 1442 1166 1483 408;
1193 1442 1256 1484 111,
1281 1443 1339 1480 83.

278 1507 334 1542 14.
384 1506 542 1542 consiliis
565 1527 613 1531 —
637 1505 832 1546 movendi&
874 1504 1025 1539 consilia
1061 1513 1197 1538 movere
1233 1502 1370 1537 dicitur
1403 1504 1447 1538 ut
1487 1503 1586 1539 dolos
1627 1515 1672 1550 m,

181 1565 227 1613 V,
250 1565 319 1601 291
346 1567 385 1601 et
409 1567 501 1601 Stat.
527 1565 644 1600 Theb.
671 1564 754 1605 XII,
782 1564 867 1605 183;
894 1562 1065 1598 similiter
1090 1573 1180 1606 opus
1205 1573 1248 1598 m.
1276 1561 1341 1597 Ov.
1369 1562 1454 1598 fast.
1484 1562 1549 1604 IV,
1582 1562 1673 1610 8203

183 1625 356 1670 colloquia
380 1624 475 1661 Stat.
504 1624 584 1660 silv.
609 1624 639 1665 I,
670 1623 703 1664 2,
740 1623 805 1668 493
842 1623 981 1657 auxilia
1006 1621 1123 1657 Theb.
1150 1620 1213 1661 IX,
1251 1621 1322 1655 660
1330 1634 1339 1663 ;
1377 1632 1522 1656 eausam
1548 1622 1669 1659 Orest.

183 1686 282 1730 trag.
307 1683 395 1726 913;
422 1683 516 1719 Stat.
542 1683 659 1719 Theb.
685 1683 731 1724 X,
757 1683 827 1717 232
851 1692 963 1717 vacuo
987 1682 1052 1716 sub
1077 1681 1181 1716 corde
1200 1685 1321 1725 movet,
1344 1682 1406 1726 qui
1430 1681 1547 1728 (equi)
1570 1682 1673 1717 mone

185 1743 356 1779 domandi
376 1743 472 1786 ferre
497 1744 625 1788 imm,
652 1743 713 1787 qui
737 1746 837 1787 terya
861 1741 944 1776 boni
969 1740 1085 1786 (sint).

281 1814 336 1849 16.
386 1814 536 1856 affari
563 1813 711 1859 Minyas
732 1813 964 1857 fraudemque
988 1833 1027 1838 —
1042 1815 1084 1846 ut
1108 1811 1288 1846 moneant:
1331 1811 1378 1847 de
1403 1811 1551 1846 variata
1585 1823 1671 1847 con-

185 1873 392 1909 structione
417 1872 484 1908 cfr.
510 1873 539 1913 Ι,
564 1872 635 1907 478
658 1883 737 1907 sors
761 1872 834 1913 tibi,
866 1882 994 1916 nequa
1012 1875 1120 1915 parte
1143 1871 1298 1905 trahat
1337 1891 1382 1896 —
1402 1871 1543 1915 puppis
1577 1882 1675 1906 mare

185 1933 342 1977 fissaque
357 1952 398 1958 -
414 1932 656 1967 conducere
667 1932 829 1973 mdnera;
855 1930 925 1966 III.
946 1931 1015 1964 512
1029 1940 1296 1964 concurrere
1310 1931 1480 1965 nwmtrie
1497 1950 1542 1956 —
1558 1930 1672 1965 virum

187 1995 227 2026 et
250 2015 295 2021 —
320 1995 593 2026 reserantem
618 1991 796 2035 Peryama
821 2011 864 2016 —
890 1989 1061 2026 vidimus:
1100 1989 1170 2022 540
1193 1989 1316 2024 vidisti
1351 2008 1398 2014 —
1422 1989 1590 2024 Bacchus
1629 2010 1675 2015 —

188 2061 282 2086 eum
306 2050 459 2086 domitas
484 2051 578 2085 acies
603 2070 645 2075 —
673 2050 812 2084 duceret
836 2060 879 2083 ae
902 2059 1031 2083 rursus
1054 2049 1192 2083 thiasos
1216 2052 1249 2082 et
1284 2058 1390 2082 saera
1422 2052 1673 2085 moventem.

284 2109 464 2145 Monendi
489 2109 647 2144 verbum
671 2120 754 2143 oum
779 2107 991 2143 accusativo
1018 2106 1073 2142 rei
1115 2107 1352 2142 coniunctum
1388 2107 1528 2152 legitur
1558 2107 1674 2143 etiam

188 2168 276 2204 Hor.
302 2179 331 2204 c.
358 2168 427 2209 ΠΙ,
454 2169 486 2208 7,
512 2168 574 2209 2Ο;
602 2167 707 2203 Ovid.
735 2167 826 2202 artis
851 2166 918 2204 HL
945 2166 1024 2201 651.

284 2240 339 2274 17.
389 2240 534 2284 quinam
546 2239 629 2274 hinc
645 2240 782 2274 animos
807 2238 973 2273 avertent
989 2248 1104 2273 error:
1130 2237 1272 2283 pendet
1296 2238 1367 2272 hoo
1393 2237 1628 2273 enuntiatum
1654 2250 1677 2273 a

189 2299 305 2334 verbo
340 2298 509 2343 rogandi,
552 2298 651 2344 quod
689 2297 914 2333 audiendum
958 2298 1015 2333 est
1053 2308 1097 2332 ex
1137 2301 1312 2337 moneant.
1354 2299 1397 2331 ut
1421 2298 1458 2331 in
1498 2297 1675 2342 proximis

191 2357 337 2392 auditur
347 2357 469 2392 dicant
480 2357 541 2392 vel
553 2357 631 2392 tale
645 2356 750 2403 quid;
770 2367 842 2391 non
855 2358 958 2392 recte
978 2356 1251 2401 intel-pungunt
1259 2356 1421 2391 editores
1434 2357 1673 2392 recentiores.

285 2427 341 2464 21.
415 2428 640 2472 dextramque
669 2439 771 2462 suam
796 2448 839 2453 ——
864 2431 1058 2472 sequantur
1088 2427 1111 2463 i.
1138 2439 1168 2464 e.
1195 2427 1408 2467 amicitiam,
1435 2427 1674 2474 societatem3

193 2486 261 2523 cfr.
287 2486 371 2522 Tae.
399 2498 485 2522 ann.
506 2486 558 2528 Π,
586 2487 631 2522 58
656 2498 783 2531 cupere
807 2487 1070 2532 (Artabanum)
1096 2488 1223 2522 novari
1248 2487 1400 2521 deoetras.

284 2556 341 2592 22.
385 2559 567 2601 promissa
596 2557 767 2601 fidenque
797 2568 870 2592 esse
900 2558 993 2602 loco;
1027 2561 1124 2593 stare
1155 2558 1228 2593 loco
1253 2557 1401 2603 scripsit
1426 2558 1510 2593 Luc.
1538 2557 1566 2598 L
1595 2558 1673 2595 145.

285 2627 342 2662 24.
390 2629 526 2663 venisse
550 2629 686 2663 labore-s
704 2639 773 2672 per
798 2629 922 2670 mari83
958 2629 1004 2664 de
1038 2628 1280 2664 collocatione
1299 2639 1368 2673 per
1391 2628 1675 2674 praepositionis

194 2684 264 2720 vid.
291 2687 458 2731 exempla
482 2687 531 2721 ad
555 2687 585 2731 1,
611 2687 678 2722 537
705 2687 829 2722 allata.
