1890 3100
626 227 1010 266 ARGONAVTICON
1035 225 1180 261 LIBER
1196 224 1278 260 VII.
1593 221 1682 265 507

237 364 251 378 ·
313 351 438 391 audiit
466 357 586 403 atque
616 349 734 388 simul
760 348 910 387 meritis
937 346 1111 398 periuria
1136 344 1276 396 poenis

314 416 538 469 despondet
565 421 731 467 questus
759 425 917 464 semper
943 412 1070 450 Furor
1096 409 1204 447 ultus
1233 407 1413 446 amantis.
1683 414 1738 444 510

365 482 480 520 Haec
507 481 577 519 ubi
605 479 723 526 dicta,
750 484 886 516 tamen
912 480 1094 528 perstant
1122 473 1277 512 defixus
1305 478 1488 524 uterque,

312 553 353 586 et
380 560 486 585 nunc
515 559 583 584 ora
610 546 748 584 levant
775 542 915 582 audaci
942 541 1051 579 laeta
1076 540 1251 586 iuventa,

313 626 382 651 ora
409 611 526 650 simul
552 611 700 649 totiens
728 608 855 646 dulcis
882 605 1078 658 rapientia
1104 604 1227 650 visus,

312 690 417 715 nunc
446 675 567 715 deicit
594 674 728 712 vultus
756 685 879 723 aeger
905 669 1033 723 pudor
1061 676 1102 708 et
1130 682 1239 707 mora
1267 667 1383 706 dictis

311 741 509 789 redditur;
539 753 586 778 ac
613 751 749 777 rursus
777 741 979 775 contenet
1005 735 1151 774 Iasona
1178 734 1303 785 virgo,
1684 735 1740 764 515

315 806 501 845 ‘nondum
530 810 673 843 cuncta
700 802 783 850 tibi,
812 801 953 848 fateor,
982 800 1176 852 promissa
1204 799 1368 851 peregi:

312 872 460 923 accipe,
503 868 735 922 perdomitis
765 880 868 920 quae
898 865 1042 904 deinde
1070 864 1250 917 pericula
1277 863 1401 902 tauris

312 942 353 975 et
380 936 468 988 quis
496 935 538 973 in
564 934 709 973 Aeolio
737 938 896 971 maneat
923 938 965 970 te
993 931 1145 970 vellere
1175 935 1330 976 custos3

312 1001 468 1040 saevior
494 999 648 1051 ingenti
674 998 865 1036 Mavortis
893 998 934 1035 in
962 996 1103 1035 arbore
1131 1001 1267 1041 restat,

312 1065 443 1113 crede,
472 1065 601 1113 labor3
630 1064 840 1115 temptanti
867 1063 1018 1100 utinam
1045 1061 1192 1099 fiducia
1218 1060 1343 1098 nostri
1684 1067 1740 1096 52)

312 1132 363 1170 sit
389 1131 462 1169 tibi
489 1136 786 1180 nocturnaeque
815 1128 994 1166 Hecates
1022 1127 1227 1178 nostrique
1255 1125 1427 1176 vigoris!

301 1213 379 1249 509.
428 1212 564 1248 meritis
592 1211 757 1256 periuria
787 1211 916 1256 poenis
952 1209 1160 1253 desponde&
1199 1219 1305 1244 casus
1340 1207 1440 1243 inter
1477 1218 1516 1242 se
1549 1205 1687 1241 mutati

207 1275 306 1315 sunt,
334 1272 504 1318 quoniam
533 1271 782 1316 expectamus,
808 1271 851 1304 ut
888 1269 1060 1304 dicantur
1083 1279 1229 1314 poenae
1253 1266 1424 1312 periuriis
1450 1264 1685 1311 desponderi,

206 1331 271 1368 cfr.
298 1331 348 1367 ad
370 1330 400 1373 Ι,
426 1330 506 1365 499.
635 1330 638 1332 ’

300 1391 380 1426 510.
429 1390 553 1425 Furor
587 1389 627 1424 id
652 1389 750 1434 quod
775 1387 896 1429 Furia,
934 1387 1075 1431 Erinys,
1115 1387 1179 1422 cfr.
1206 1386 1293 1421 Hor.
1319 1385 1427 1431 epod.
1453 1385 1494 1426 V.
1534 1383 1580 1419 92
1604 1394 1688 1419 noo-

206 1454 335 1486 turmae
358 1460 542 1485 occurram
562 1448 669 1491 furor
694 1449 732 1484 et
756 1447 842 1482 vide
868 1447 918 1481 ad
942 1446 991 1487 lL
1017 1446 1074 1482 80.

299 1509 380 1544 511.
428 1512 546 1543 tamen
564 1511 730 1552 perstant
769 1506 792 1542 i.
820 1518 851 1543 e.
890 1517 1116 1552 quamquam
1153 1516 1248 1550 quae
1284 1504 1398 1540 Iason
1434 1504 1539 1545 dixit,
1578 1503 1689 1539 vehe-

205 1569 372 1605 mentem
397 1578 487 1612 erga
511 1567 686 1603 Medeam
710 1577 874 1601 amorem
898 1565 1109 1605 ostendunt,
1146 1566 1275 1600 tamen
1311 1563 1403 1599 nihil
1429 1563 1478 1599 ad
1503 1574 1548 1599 ea
1572 1563 1690 1599 verba

206 1626 453 1674 respondetur
475 1637 597 1671 neque
620 1625 721 1660 ultra
746 1624 866 1664 Iason,
892 1624 982 1669 quid
1006 1624 1142 1659 Medea
1166 1623 1316 1667 sentiat,
1349 1624 1616 1668 perscrutatur.

301 1686 370 1721 512
394 1697 495 1731 seqq.
522 1685 683 1730 expressi
709 1695 754 1720 ex
782 1684 899 1729 Apoll.
925 1683 1113 1729 le
1139 1695 1243 1730 seqq.

301 1745 380 1781 514.
428 1755 529 1780 mora
553 1744 658 1779 dietis
680 1743 841 1779 redditur
867 1754 915 1778 sc.
946 1743 1008 1786 eis,
1035 1743 1168 1787 quibus
1194 1754 1298 1778 amor
1324 1742 1554 1778 ostendatur.

302 1804 381 1839 516.
429 1803 498 1838 Hic
522 1814 650 1838 versus
674 1803 713 1837 in
739 1802 842 1837 libris
858 1803 946 1848 post
961 1802 1031 1837 518
1048 1802 1246 1837 invenitur.
1273 1813 1343 1846 ego
1361 1800 1580 1846 transposui,
1607 1812 1690 1836 cum

209 1863 394 1910 appareat
419 1862 467 1897 ab
493 1862 550 1896 his
574 1861 699 1897 verbis
724 1862 880 1897 Medeae
906 1861 1112 1896 orationem
1136 1861 1301 1907 incipere
1327 1861 1475 1896 debere.

301 1921 381 1957 520.
431 1932 529 1966 quem
554 1925 656 1956 tanta
678 1922 815 1956 utinam
839 1921 973 1962 fiducia
996 1921 1110 1955 nostri
1132 1921 1180 1955 sit
1203 1920 1291 1955 mihi
1314 1920 1411 1964 Vas,
1449 1930 1543 1964 quae
1568 1919 1691 1954 solent

208 1979 387 2026 explicari
411 1979 638 2025 aposiopesis
662 1979 782 2024 figura
806 1979 987 2020 adhibita,
1027 1979 1082 2014 ita
1111 1981 1154 2014 ut
1190 1990 1311 2014 sermo
1347 1981 1434 2024 post
1468 1990 1568 2024 quem
1603 1990 1690 2024 pro-

209 2050 343 2076 nomen
366 2038 596 2084 interruptus
612 2039 784 2084 putetur;
810 2038 876 2074 sed
902 2050 986 2073 cum
1011 2049 1053 2074 ea
1069 2038 1189 2083 figura
1205 2039 1276 2073 hoc
1299 2038 1382 2074 loco
1399 2037 1460 2073 vix
1477 2038 1567 2073 satis
1591 2038 1689 2074 bene

209 2098 360 2134 admitti
382 2109 492 2143 posse
509 2097 682 2132 videatur
699 2097 780 2142 (cfr.
799 2097 922 2132 Madv.
936 2097 1018 2132 adv.
1038 2097 1117 2132 crit.
1135 2097 1184 2139 Π,
1212 2096 1305 2141 150),
1322 2097 1448 2142 recepi
1464 2097 1688 2133 Baehrentis

209 2157 459 2194 coniecturam
483 2157 668 2200 temptanti
692 2157 837 2191 utinam.
888 2155 939 2190 At
972 2166 1020 2191 ne
1058 2166 1103 2191 ea
1140 2155 1299 2201 quidem,
1341 2167 1437 2201 quae
1474 2158 1688 2200 sequuntur,

207 2216 422 2262 incorrupta
446 2215 616 2260 putanda
641 2216 748 2249 sunt:
791 2214 931 2250 etenim
947 2214 1047 2249 credi
1063 2226 1138 2250 non
1161 2216 1297 2260 potest,
1322 2216 1475 2260 poetam
1499 2215 1689 2261 scripsisse

207 2275 342 2311 utinam
387 2274 521 2317 fiducia
560 2275 707 2309 *nostri
747 2274 795 2309 sit
833 2274 938 2309 mihi
977 2273 1146 2309 inaudita
1192 2274 1421 2320 pronominis
1467 2275 1688 2312 mutatione.

207 2333 364 2370 Accedit
387 2335 483 2379 quod
508 2333 664 2368 Medeae
689 2333 787 2368 inest
810 2334 919 2368 tanta
943 2344 1032 2368 suae
1058 2333 1148 2368 artis
1173 2334 1339 2379 magicae
1355 2334 1501 2375 fiducia,
1528 2336 1571 2369 ut
1589 2334 1689 2371 nullo

208 2392 319 2429 modo
343 2403 427 2429 eam
463 2392 541 2427 tale
577 2392 666 2437 quid
702 2392 773 2427 sibi
811 2394 941 2438 optare
978 2393 1178 2429 verisimile
1215 2394 1273 2433 sit,
1313 2393 1398 2429 vide
1436 2405 1573 2439 quaeso
1598 2394 1688 2439 quid

208 2451 338 2487 statim
366 2451 551 2488 moliatur.
614 2450 734 2493 Quare
766 2462 839 2486 non
871 2451 1040 2487 dubitavi
1076 2452 1239 2488 scribere
1270 2453 1319 2488 sit
1348 2453 1442 2488 tibi.
1491 2453 1574 2489 Non
1605 2453 1689 2489 leve

209 2510 356 2546 accedit
396 2509 651 2546 adiumentum
690 2521 795 2545 meae
836 2510 1043 2546 sententiae
1084 2522 1129 2547 ex
1171 2512 1302 2557 verbis,
1339 2523 1435 2558 quae
1469 2515 1687 2558 sequuntur:

208 2571 389 2615 nostr-ique
412 2570 543 2615 viqcm's
566 2569 588 2604 i.
616 2580 647 2605 e.
675 2569 747 2604 mei
772 2571 811 2604 et
835 2569 1006 2606 Hecates.
1040 2569 1113 2606 Pro
1137 2571 1210 2606 hac
1223 2571 1407 2617 scriptura
1425 2571 1529 2607 libris
1546 2572 1689 2607 tradita

210 2628 322 2664 scribi
338 2628 435 2664 solet
459 2629 635 2673 vestriq
647 2639 695 2663 ue
719 2629 860 2673 vaporis,
886 2629 1045 2674 pessime
1064 2629 1103 2664 id
1123 2630 1278 2675 quidem,
1306 2643 1389 2666 cnm
1406 2631 1517 2667 solius
1535 2631 1686 2674 Iasonis,

209 2698 285 2724 non
309 2689 517 2723 ceterorum
545 2688 842 2733 Argonautarum
867 2687 942 2723 sint
965 2690 1092 2733 partes
1116 2689 1155 2724 in
1180 2689 1311 2726 futuris
1336 2691 1536 2728 laboribus.
