1890 3100
306 277 392 321 258
827 276 862 312 c.
890 276 1071 312 VALERI
1097 265 1271 313 FLAcc'l

413 395 550 434 audiet
580 401 619 434 et
647 395 740 433 flavi
770 409 887 447 quam
915 396 1038 434 tristis
1067 402 1162 435 nata
1189 396 1442 447 Lycormae?

414 461 470 499 sic
501 461 554 499 ait
584 466 624 499 et
653 460 826 499 celerem
853 461 1046 500 frondosa
1073 475 1146 514 per
1174 462 1264 500 avia
1292 475 1452 500 cervum

415 527 582 564 suscitat
611 540 656 564 ac
684 527 821 565 iuveni
851 527 1061 565 sublimem
1091 527 1276 566 cornibus
1307 527 1434 567 offert.

411 591 480 629 ille
511 592 663 629 animos
693 591 911 644 tardusque
940 592 1061 643 fugae
1090 592 1335 644 longumque
1365 593 1557 631 resistens

415 657 604 695 sollicitat
633 656 856 709 suadetque
885 658 970 709 pari
1000 657 1243 696 contendere
1274 671 1403 696 cursu.

413 722 539 761 credit
566 722 698 774 Hylas
727 722 984 775 praedaeque
1014 723 1128 762 ferox
1158 723 1298 762 ardore
1327 724 1575 776 propinquae

411 788 651 840 insequitur3
683 788 800 826 simul
828 788 992 827 Alcides
1021 788 1243 827 hortatibus
1272 794 1419 840 urguet
1793 806 1848 835 550

413 854 679 905 prospiciens:
711 854 870 905 iamque
902 867 953 892 ex
982 854 1107 892 oculis
1138 854 1316 892 aufertur
1343 860 1526 907 uterque,

417 932 506 956 cum
534 932 702 970 puerum
731 919 947 957 instantem
978 918 1206 971 quadrupes
1236 919 1424 972 fessaque
1453 920 1671 958 minantem

410 984 494 1022 tela
521 997 641 1022 manu
669 984 809 1035 procul
838 983 889 1022 ad
916 983 1031 1022 nitidi
1061 984 1259 1036 spiracula
1287 984 1407 1023 fontis

414 1049 523 1087 ducit
554 1055 594 1087 et
621 1049 791 1087 intactas
820 1049 922 1088 levis
951 1050 1037 1101 ipse
1068 1049 1292 1101 superfugit
1318 1049 1459 1088 undas.

410 1114 487 1152 hoc
515 1114 628 1166 pueri
658 1127 750 1166 spes
778 1114 869 1153 lusa
896 1114 1014 1153 modo
1044 1120 1106 1154 est
1133 1128 1210 1154 nec
1237 1114 1404 1154 tendere
1434 1120 1561 1153 certat
1792 1126 1847 1155 555

304 1249 423 1284 prope
449 1238 627 1284 oppidum
651 1239 806 1275 Boeben
832 1239 943 1275 sitae:
972 1239 1038 1275 cfr.
1064 1240 1171 1276 Hom.
1198 1238 1240 1276 Π.
1266 1240 1310 1285 Π,
1337 1239 1404 1274 711
1432 1249 1519 1284 seq.;
1546 1239 1660 1275 schol.
1685 1239 1792 1275 Pind.

305 1298 415 1343 Pyth.
443 1298 510 1339 ΠΙ,
538 1298 594 1334 59.

399 1357 478 1392 544.
530 1358 724 1404 Lycormas
761 1358 892 1393 fluvius
918 1358 1089 1394 Aetoliae
1127 1358 1242 1394 etiam
1280 1358 1326 1393 ab
1355 1357 1487 1393 Ovidio
1520 1358 1608 1393 met.
1641 1357 1690 1399 ΙΙ,
1723 1357 1792 1392 245

302 1418 418 1460 flavus
454 1417 685 1464 nominatur3
725 1417 802 1453 eius
839 1418 956 1452 filiam
994 1429 1120 1453 amore
1146 1418 1266 1463 Hylae
1302 1417 1493 1453 incensam
1532 1417 1645 1453 fuisse
1683 1417 1792 1462 fingit

302 1476 483 1515 Valerius,

399 1536 479 1572 547.
529 1536 721 1581 tardusque
742 1536 867 1581 fugae:
897 1536 962 1572 Ov.
989 1536 1061 1571 hal.
1091 1536 1135 1571 19
1143 1549 1151 1579 ;
1179 1537 1320 1581 huyum
1350 1536 1374 1573 i.
1408 1547 1438 1572 e.
1466 1537 1532 1571 aut
1557 1536 1629 1571 diu.
1662 1537 1705 1570 ut
1729 1535 1792 1580 IV,

301 1595 388 1638 436;
414 1595 525 1641 Verg.
551 1595 642 1631 Aen.
670 1595 714 1641 X,
742 1596 827 1640 7403
856 1595 920 1631 Ov.
948 1596 1037 1632 met.
1063 1595 1104 1637 V,
1132 1595 1194 1642 653
1229 1595 1322 1630 Stat.
1351 1595 1468 1631 Theb.
1501 1595 1551 1638 Π,
1586 1595 1672 1638 269;
1704 1594 1792 1642 429;

302 1654 370 1696 ΙΙΙ,
397 1654 443 1689 95
452 1668 460 1697 ;
487 1655 567 1692 silv.
593 1655 622 1696 I,
650 1655 681 1696 3,
710 1655 771 1698 13;
800 1654 861 1691 Sil.
888 1655 957 1698 III,
984 1655 1069 1698 5723
1097 1655 1208 1692 Mart.
1235 1655 1264 1697 I,
1291 1655 1347 1697 31,
1374 1655 1415 1700 7,·
1436 1654 1533 1694 VHI,
1560 1655 1616 1697 38,
1644 1655 1705 1697 15;
1723 1654 1791 1696 IX,

307 1714 361 1755 18,
390 1714 427 1761 13
467 1714 544 1749 Iuv.
572 1714 633 1756 VI,
670 1714 716 1749 65
754 1716 828 1756 aut,
871 1715 970 1760 quod
1007 1715 1125 1750 multo
1162 1714 1404 1760 probabilius,
1437 1715 1577 1760 procul,
1613 1715 1656 1749 ut
1679 1713 1791 1759 Verg.

310 1773 376 1809 ecl.
403 1773 472 1815 III,
500 1773 545 1808 79
571 1774 712 1819 louyum
735 1795 782 1800 —
807 1775 941 1819 ὡραίῃ
965 1774 1140 1809 Dirarum
1164 1786 1197 1810 v.
1225 1773 1270 1808 94
1295 1775 1436 1809 intueor
1460 1784 1603 1818 campos
1633 1774 1791 1819 lowqum;

306 1833 420 1868 etiam
445 1833 533 1870 Hor.
560 1833 651 1868 artis
675 1846 711 1879 p.
737 1833 807 1868 459
834 1833 881 1869 de
906 1834 988 1869 loco
1015 1833 1151 1869 dicitur
1176 1834 1316 1879 longum
1341 1834 1472 1869 elanwt.

398 1905 477 1942 548.
527 1905 736 1950 suadetque:
760 1904 905 1947 incitat,
925 1905 1102 1950 impellit3
1129 1904 1227 1940 actio
1252 1906 1346 1940 haec
1370 1904 1555 1940 translata
1572 1904 1620 1940 ab
1637 1903 1793 1940 homini—

305 1964 374 1999 bus
401 1964 450 1999 ad
474 1975 534 2000 res
559 1976 634 2000 non
658 1975 743 2000 raro
770 1964 871 2010 apud
901 1965 1035 2010 poetas
1065 1964 1270 2000 invenitur:
1304 1964 1410 2001 Lucr.
1442 1964 1472 2006 Ι,
1506 1963 1590 2006 175;
1622 1962 1670 2006 Π,
1707 1964 1791 2006 171;

304 2023 415 2068 Verg.
446 2023 512 2059 ecl.
538 2023 566 2065 I,
593 2023 656 2066 55;
682 2023 774 2059 Aen.
801 2023 865 2065 IX,
892 2023 979 2070 3403
1009 2023 1073 2059 Ov.
1100 2024 1177 2059 her.
1204 2023 1287 2065 VII,
1314 2023 1375 2066 55;
1407 2023 1492 2059 Luc.
1525 2022 1552 2068 Ι,
1588 2021 1672 2065 162;
1706 2022 1792 2070 173;

305 2082 368 2118 Sil.
395 2082 424 2124 Ι,
453 2083 514 2125 11;
541 2082 622 2124 VII,
650 2083 736 2130 6683
762 2082 845 2122 XII,
872 2082 958 2125 2003
986 2083 1080 2118 stat.
1107 2082 1187 2121 silv.
1219 2082 1247 2125 Ι,
1285 2082 1318 2124 5,
1351 2082 1412 2124 54;
1445 2081 1513 2123 III,
1548 2082 1580 2123 3,
1612 2082 1676 2127 423
1702 2082 1790 2117 Ach.

304 2141 353 2187 ΙΙ,
380 2142 466 2184 293;
493 2142 611 2179 Theb.
637 2142 684 2184 Π,
712 2142 774 2185 75;
801 2142 868 2184 ΠΙ,
896 2142 981 2185 603;
1008 2142 1070 2188 IV,
1097 2142 1183 2184 247;
1210 2142 1253 2187 V,
1279 2141 1341 2184 93;
1367 2141 1429 2184 VI,
1465 2142 1551 2184 744;
1577 2141 1679 2186 vm,
1707 2141 1792 2186 170;

303 2201 415 2236 Prud.
442 2202 569 2247 perist.
602 2202 650 2244 II,
685 2202 771 2245 491;
803 2202 948 2239 Paulin.
979 2202 1082 2237 vitae
1108 2202 1218 2238 Mart.
1251 2201 1300 2244 II,
1333 2201 1415 2238 326.
1463 2201 1520 2237 De
1544 2212 1636 2237 voce
1668 2200 1793 2236 avium

303 2260 444 2306 legitur
468 2261 578 2297 Prud.
607 2262 766 2297 cathem.
792 2261 821 2303 Ι,
851 2261 906 2297 19.

398 2331 477 2367 552.
528 2333 719 2367 minantem
744 2333 823 2378 tela,
850 2332 917 2367 cfr.
945 2332 994 2368 ad
1018 2332 1046 2375 Ι,
1073 2332 1154 2368 338.

398 2390 477 2426 553.
527 2392 745 2435 spiraculum
771 2393 828 2427 est
855 2402 1016 2427 caverna
1040 2392 1101 2428 vel
1127 2392 1285 2434 antrum,
1311 2391 1411 2427 unde
1435 2389 1558 2426 fumus
1575 2390 1636 2426 vel
1653 2389 1793 2426 nebula

302 2451 365 2486 vel
401 2461 559 2495 vapores
597 2450 661 2485 alii
699 2450 844 2492 exeunt,
884 2451 954 2486 hoc
992 2451 1119 2486 autem
1153 2450 1234 2486 loco
1271 2450 1447 2486 videntur
1482 2449 1686 2495 significari
1722 2449 1793 2494 ipsi

303 2510 477 2545 humores
503 2509 689 2555 spirantes
716 2521 760 2545 ex
787 2521 883 2554 aqua
915 2510 1162 2546 ascendentes
1195 2510 1234 2546 et
1272 2509 1322 2545 ad.
1357 2509 1658 2554 refrigerandum
1695 2507 1792 2554 apti3

305 2568 370 2605 cfr.
396 2569 642 2614 spectaculum,
670 2568 767 2613 quod
791 2580 866 2604 non
886 2569 1005 2604 solum
1028 2569 1212 2613 significat
1235 2569 1367 2611 locum,
1393 2567 1458 2604 ubi
1492 2569 1693 2614 spectatur,
1726 2567 1792 2602 sed

306 2629 418 2665 etiam
444 2639 534 2670 rem,
561 2639 656 2673 quae
682 2629 885 2674 spectatur.
947 2634 950 2636 ’

400 2688 479 2723 555.
522 2688 649 2732 puem's
666 2688 822 2732 perfusa
846 2687 942 2730 Vat„
963 2688 1072 2733 paeri
1095 2699 1175 2735 spes
1200 2688 1279 2724 lusa
1304 2687 1361 2724 ed.
1387 2687 1479 2724 Bon.
1505 2687 1621 2723 tertia
1639 2684 1677 2722 et
1694 2684 1790 2732 Ald„

306 2747 371 2783 cfr.
399 2746 508 2792 Verg.
535 2747 625 2783 Aen
652 2746 680 2789 Ι,
707 2746 787 2783 352.
