<?xml version="1.0" encoding="UTF-8"?>
<!DOCTYPE html PUBLIC "-//W3C//DTD XHTML 1.0 Transitional//EN"
    "http://www.w3.org/TR/xhtml1/DTD/xhtml1-transitional.dtd">
<html xmlns="http://www.w3.org/1999/xhtml" xml:lang="en" lang="en">
 <head>
  <title>
</title>
<meta http-equiv="Content-Type" content="text/html;charset=utf-8" />
  <meta name='ocr-system' content='tesseract 3.04.00' />
  <meta name='ocr-capabilities' content='ocr_page ocr_carea ocr_par ocr_line ocrx_word'/>
</head>
<body>
  <div class='ocr_page' id='page_1' title='image "argonauticonlibr00valeuoft_0220.png"; bbox 0 0 1890 3100; ppageno 0'>
   <div class='ocr_carea' id='block_1_1' title="bbox 246 241 1213 287">
    <p class='ocr_par' dir='ltr' id='par_1_1' title="bbox 246 241 1213 287">
     <span class='ocr_line' id='line_1_1' title="bbox 246 241 1213 287; baseline -0.01 0"><span class='ocrx_word' id='word_1_1' title='bbox 246 244 333 287; x_wconf 82' lang='lat'>210</span> <span class='ocrx_word' id='word_1_2' title='bbox 769 241 806 279; x_wconf 80' lang='lat' dir='ltr'>C.</span> <span class='ocrx_word' id='word_1_3' title='bbox 832 242 1013 278; x_wconf 77' lang='lat' dir='ltr'><strong>VALERI</strong></span> <span class='ocrx_word' id='word_1_4' title='bbox 1039 242 1213 278; x_wconf 80' lang='lat' dir='ltr'>FLAccl</span> 
     </span>
    </p>
   </div>
   <div class='ocr_carea' id='block_1_2' title="bbox 349 363 1586 810">
    <p class='ocr_par' dir='ltr' id='par_1_2' title="bbox 353 363 1436 480">
     <span class='ocr_line' id='line_1_2' title="bbox 353 363 1352 415; baseline 0.001 -14"><span class='ocrx_word' id='word_1_5' title='bbox 353 369 468 401; x_wconf 86' lang='lat' dir='ltr'>antra</span> <span class='ocrx_word' id='word_1_6' title='bbox 494 368 646 410; x_wconf 87' lang='lat' dir='ltr'>tenent,</span> <span class='ocrx_word' id='word_1_7' title='bbox 676 369 790 414; x_wconf 86' lang='lat' dir='ltr'>paret</span> <span class='ocrx_word' id='word_1_8' title='bbox 819 363 951 401; x_wconf 85' lang='lat' dir='ltr'>media</span> <span class='ocrx_word' id='word_1_9' title='bbox 977 376 1049 415; x_wconf 89' lang='lat' dir='ltr'>per</span> <span class='ocrx_word' id='word_1_10' title='bbox 1078 363 1196 402; x_wconf 81' lang='lat' dir='ltr'>devia</span> <span class='ocrx_word' id='word_1_11' title='bbox 1223 377 1352 411; x_wconf 84' lang='lat' dir='ltr'>nocte,</span> 
     </span>
     <span class='ocr_line' id='line_1_3' title="bbox 353 429 1436 480; baseline 0.001 -13"><span class='ocrx_word' id='word_1_12' title='bbox 353 430 597 480; x_wconf 84' lang='lat' dir='ltr'>saetigerum</span> <span class='ocrx_word' id='word_1_13' title='bbox 625 429 730 467; x_wconf 86' lang='lat' dir='ltr'>latus</span> <span class='ocrx_word' id='word_1_14' title='bbox 761 434 801 467; x_wconf 87' lang='lat' dir='ltr'>et</span> <span class='ocrx_word' id='word_1_15' title='bbox 828 435 966 467; x_wconf 88' lang='lat' dir='ltr'>torvae</span> <span class='ocrx_word' id='word_1_16' title='bbox 997 442 1110 467; x_wconf 90' lang='lat' dir='ltr'>coma</span> <span class='ocrx_word' id='word_1_17' title='bbox 1139 429 1256 468; x_wconf 86' lang='lat' dir='ltr'>sibila</span> <span class='ocrx_word' id='word_1_18' title='bbox 1283 430 1436 468; x_wconf 80' lang='lat' dir='ltr'>frontis.</span> 
     </span>
    </p>

    <p class='ocr_par' dir='ltr' id='par_1_3' title="bbox 351 495 1507 613">
     <span class='ocr_line' id='line_1_4' title="bbox 351 495 1507 547; baseline 0.001 -15"><span class='ocrx_word' id='word_1_19' title='bbox 351 508 431 532; x_wconf 84' lang='lat' dir='ltr'>vox</span> <span class='ocrx_word' id='word_1_20' title='bbox 461 508 598 533; x_wconf 85' lang='lat' dir='ltr'>omnes</span> <span class='ocrx_word' id='word_1_21' title='bbox 629 508 748 546; x_wconf 89' lang='lat' dir='ltr'>super</span> <span class='ocrx_word' id='word_1_22' title='bbox 776 508 856 532; x_wconf 88' lang='lat' dir='ltr'>una</span> <span class='ocrx_word' id='word_1_23' title='bbox 883 495 1013 542; x_wconf 84' lang='lat' dir='ltr'>tubas,</span> <span class='ocrx_word' id='word_1_24' title='bbox 1046 508 1124 547; x_wconf 90' lang='lat' dir='ltr'>qua</span> <span class='ocrx_word' id='word_1_25' title='bbox 1153 508 1277 533; x_wconf 87' lang='lat' dir='ltr'>conus</span> <span class='ocrx_word' id='word_1_26' title='bbox 1308 501 1348 534; x_wconf 89' lang='lat' dir='ltr'>et</span> <span class='ocrx_word' id='word_1_27' title='bbox 1377 508 1507 543; x_wconf 87' lang='lat' dir='ltr'>enses,</span> 
     </span>
     <span class='ocr_line' id='line_1_5' title="bbox 351 560 1368 613; baseline 0.001 -15"><span class='ocrx_word' id='word_1_28' title='bbox 351 574 430 612; x_wconf 90' lang='lat' dir='ltr'>qua</span> <span class='ocrx_word' id='word_1_29' title='bbox 457 560 622 612; x_wconf 81' lang='lat' dir='ltr'><strong>trepidis</strong></span> <span class='ocrx_word' id='word_1_30' title='bbox 652 562 791 612; x_wconf 87' lang='lat' dir='ltr'>auriga</span> <span class='ocrx_word' id='word_1_31' title='bbox 818 561 914 598; x_wconf 87' lang='lat' dir='ltr'>rotis</span> <span class='ocrx_word' id='word_1_32' title='bbox 943 566 1217 613; x_wconf 87' lang='lat' dir='ltr'>nocturnaque</span> <span class='ocrx_word' id='word_1_33' title='bbox 1246 562 1368 599; x_wconf 82' lang='lat' dir='ltr'>muris</span> 
     </span>
    </p>

    <p class='ocr_par' dir='ltr' id='par_1_4' title="bbox 349 626 1586 810">
     <span class='ocr_line' id='line_1_6' title="bbox 349 626 1520 679; baseline 0.002 -15"><span class='ocrx_word' id='word_1_34' title='bbox 349 627 523 666; x_wconf 84' lang='lat' dir='ltr'>claustra</span> <span class='ocrx_word' id='word_1_35' title='bbox 551 626 714 676; x_wconf 85' lang='lat' dir='ltr'>cadunt3</span> <span class='ocrx_word' id='word_1_36' title='bbox 744 627 928 679; x_wconf 85' lang='lat' dir='ltr'>talesque</span> <span class='ocrx_word' id='word_1_37' title='bbox 956 633 1087 666; x_wconf 85' lang='lat' dir='ltr'>metus</span> <span class='ocrx_word' id='word_1_38' title='bbox 1116 640 1197 665; x_wconf 90' lang='lat' dir='ltr'>non</span> <span class='ocrx_word' id='word_1_39' title='bbox 1224 627 1369 665; x_wconf 88' lang='lat' dir='ltr'>Martia</span> <span class='ocrx_word' id='word_1_40' title='bbox 1396 627 1520 666; x_wconf 78' lang='lat' dir='ltr'>cassis</span> 
     </span>
     <span class='ocr_line' id='line_1_7' title="bbox 349 693 1586 745; baseline 0.002 -15"><span class='ocrx_word' id='word_1_41' title='bbox 349 693 701 745; x_wconf 82' lang='lat' dir='ltr'>Eumenidumque</span> <span class='ocrx_word' id='word_1_42' title='bbox 732 706 880 740; x_wconf 86' lang='lat' dir='ltr'>comae,</span> <span class='ocrx_word' id='word_1_43' title='bbox 911 707 991 731; x_wconf 91' lang='lat' dir='ltr'>non</span> <span class='ocrx_word' id='word_1_44' title='bbox 1020 693 1144 731; x_wconf 85' lang='lat' dir='ltr'>tristis</span> <span class='ocrx_word' id='word_1_45' title='bbox 1175 693 1224 731; x_wconf 85' lang='lat' dir='ltr'>ab</span> <span class='ocrx_word' id='word_1_46' title='bbox 1255 693 1419 732; x_wconf 81' lang='lat' dir='ltr'>aethere</span> <span class='ocrx_word' id='word_1_47' title='bbox 1450 693 1586 744; x_wconf 86' lang='lat' dir='ltr'>Gorgo</span> 
     </span>
     <span class='ocr_line' id='line_1_8' title="bbox 349 758 1343 810; baseline 0 -14"><span class='ocrx_word' id='word_1_48' title='bbox 349 759 540 810; x_wconf 82' lang='lat' dir='ltr'>sparserit</span> <span class='ocrx_word' id='word_1_49' title='bbox 568 764 637 796; x_wconf 86' lang='lat' dir='ltr'>aut</span> <span class='ocrx_word' id='word_1_50' title='bbox 663 759 784 796; x_wconf 84' lang='lat' dir='ltr'>tantis</span> <span class='ocrx_word' id='word_1_51' title='bbox 815 759 941 796; x_wconf 83' lang='lat' dir='ltr'>aciem</span> <span class='ocrx_word' id='word_1_52' title='bbox 969 759 1187 810; x_wconf 83' lang='lat' dir='ltr'>raptaverit</span> <span class='ocrx_word' id='word_1_53' title='bbox 1215 758 1343 797; x_wconf 88' lang='lat' dir='ltr'>undis.</span> 
     </span>
    </p>
   </div>
   <div class='ocr_carea' id='block_1_3' title="bbox 239 842 524 850">
    <p class='ocr_par' dir='ltr' id='par_1_5' title="bbox 239 842 524 850">
     <span class='ocr_line' id='line_1_9' title="bbox 239 842 524 850; baseline 0 0"><span class='ocrx_word' id='word_1_54' title='bbox 239 842 524 850; x_wconf 95' lang='lat' dir='ltr'> </span> 
     </span>
    </p>
   </div>
   <div class='ocr_carea' id='block_1_4' title="bbox 233 889 1733 1656">
    <p class='ocr_par' dir='ltr' id='par_1_6' title="bbox 237 889 1733 1172">
     <span class='ocr_line' id='line_1_10' title="bbox 242 889 1733 935; baseline 0 -11"><span class='ocrx_word' id='word_1_55' title='bbox 242 900 322 924; x_wconf 83' lang='lat' dir='ltr'>esse</span> <span class='ocrx_word' id='word_1_56' title='bbox 347 900 422 924; x_wconf 92' lang='lat' dir='ltr'>non</span> <span class='ocrx_word' id='word_1_57' title='bbox 447 890 584 934; x_wconf 83' lang='lat' dir='ltr'>potest,</span> <span class='ocrx_word' id='word_1_58' title='bbox 612 900 732 935; x_wconf 86' lang='lat' dir='ltr'>neque</span> <span class='ocrx_word' id='word_1_59' title='bbox 760 890 843 924; x_wconf 84' lang='lat' dir='ltr'>latet</span> <span class='ocrx_word' id='word_1_60' title='bbox 870 889 1086 924; x_wconf 83' lang='lat' dir='ltr'>coniectura</span> <span class='ocrx_word' id='word_1_61' title='bbox 1103 889 1326 925; x_wconf 87' lang='lat' dir='ltr'>Baehrentis</span> <span class='ocrx_word' id='word_1_62' title='bbox 1346 901 1466 934; x_wconf 86' lang='lat' dir='ltr'>neque</span> <span class='ocrx_word' id='word_1_63' title='bbox 1489 891 1584 925; x_wconf 81' lang='lat' dir='ltr'>volat</span> <span class='ocrx_word' id='word_1_64' title='bbox 1601 890 1733 926; x_wconf 87' lang='lat' dir='ltr'>Koehii</span> 
     </span>
     <span class='ocr_line' id='line_1_11' title="bbox 241 947 1733 994; baseline 0.001 -11"><span class='ocrx_word' id='word_1_65' title='bbox 241 947 398 984; x_wconf 88' lang='lat' dir='ltr'>coniect.</span> <span class='ocrx_word' id='word_1_66' title='bbox 424 961 461 994; x_wconf 88' lang='lat' dir='ltr'>p.</span> <span class='ocrx_word' id='word_1_67' title='bbox 489 948 533 983; x_wconf 87' lang='lat'>18</span> <span class='ocrx_word' id='word_1_68' title='bbox 560 948 650 983; x_wconf 84' lang='lat' dir='ltr'>satis</span> <span class='ocrx_word' id='word_1_69' title='bbox 675 949 822 994; x_wconf 83' lang='lat' dir='ltr'>placet:</span> <span class='ocrx_word' id='word_1_70' title='bbox 862 948 991 994; x_wconf 79' lang='lat' dir='ltr'>scripsi</span> <span class='ocrx_word' id='word_1_71' title='bbox 1023 953 1162 993; x_wconf 85' lang='lat' dir='ltr'>paret</span> <span class='ocrx_word' id='word_1_72' title='bbox 1193 949 1309 984; x_wconf 82' lang='lat' dir='ltr'>media</span> <span class='ocrx_word' id='word_1_73' title='bbox 1333 970 1378 974; x_wconf 92' lang='lat'>——</span> <span class='ocrx_word' id='word_1_74' title='bbox 1404 954 1512 985; x_wconf 74' lang='lat' dir='ltr'>noc-te.</span> <span class='ocrx_word' id='word_1_75' title='bbox 1565 949 1671 992; x_wconf 83' lang='lat' dir='ltr'>Quod</span> <span class='ocrx_word' id='word_1_76' title='bbox 1702 950 1733 985; x_wconf 89' lang='lat' dir='ltr'>si</span> 
     </span>
     <span class='ocr_line' id='line_1_12' title="bbox 239 1008 1733 1054; baseline 0.001 -11"><span class='ocrx_word' id='word_1_77' title='bbox 239 1008 320 1053; x_wconf 88' lang='lat' dir='ltr'>quis</span> <span class='ocrx_word' id='word_1_78' title='bbox 345 1010 458 1054; x_wconf 80' lang='lat' dir='ltr'>putat</span> <span class='ocrx_word' id='word_1_79' title='bbox 481 1008 673 1044; x_wconf 88' lang='lat' dir='ltr'>Valerium</span> <span class='ocrx_word' id='word_1_80' title='bbox 709 1008 919 1053; x_wconf 84' lang='lat' dir='ltr'>exemplum</span> <span class='ocrx_word' id='word_1_81' title='bbox 958 1008 1209 1053; x_wconf 81' lang='lat' dir='ltr'>antiquiorum</span> <span class='ocrx_word' id='word_1_82' title='bbox 1246 1009 1414 1044; x_wconf 85' lang='lat' dir='ltr'>secutum</span> <span class='ocrx_word' id='word_1_83' title='bbox 1452 1009 1576 1044; x_wconf 82' lang='lat' dir='ltr'>activa</span> <span class='ocrx_word' id='word_1_84' title='bbox 1614 1011 1733 1045; x_wconf 86' lang='lat' dir='ltr'>forma</span> 
     </span>
     <span class='ocr_line' id='line_1_13' title="bbox 237 1067 1731 1114; baseline 0.001 -12"><span class='ocrx_word' id='word_1_85' title='bbox 237 1067 404 1112; x_wconf 83' lang='lat' dir='ltr'>vagandi</span> <span class='ocrx_word' id='word_1_86' title='bbox 428 1067 536 1103; x_wconf 85' lang='lat' dir='ltr'>verbi</span> <span class='ocrx_word' id='word_1_87' title='bbox 560 1079 668 1103; x_wconf 88' lang='lat' dir='ltr'>usum</span> <span class='ocrx_word' id='word_1_88' title='bbox 696 1079 785 1109; x_wconf 87' lang='lat' dir='ltr'>esse,</span> <span class='ocrx_word' id='word_1_89' title='bbox 813 1068 913 1112; x_wconf 88' lang='lat' dir='ltr'>quod</span> <span class='ocrx_word' id='word_1_90' title='bbox 938 1067 1030 1103; x_wconf 85' lang='lat' dir='ltr'>fecit</span> <span class='ocrx_word' id='word_1_91' title='bbox 1057 1067 1171 1103; x_wconf 83' lang='lat' dir='ltr'>etiam</span> <span class='ocrx_word' id='word_1_92' title='bbox 1195 1068 1307 1103; x_wconf 90' lang='lat' dir='ltr'>Prud.</span> <span class='ocrx_word' id='word_1_93' title='bbox 1335 1069 1434 1104; x_wconf 81' lang='lat' dir='ltr'>cath.</span> <span class='ocrx_word' id='word_1_94' title='bbox 1464 1068 1523 1109; x_wconf 82' lang='lat' dir='ltr'>VI,</span> <span class='ocrx_word' id='word_1_95' title='bbox 1551 1069 1607 1112; x_wconf 79' lang='lat'>29,</span> <span class='ocrx_word' id='word_1_96' title='bbox 1625 1070 1731 1114; x_wconf 86' lang='lat' dir='ltr'>pote-</span> 
     </span>
     <span class='ocr_line' id='line_1_14' title="bbox 238 1126 1019 1172; baseline 0.001 -11"><span class='ocrx_word' id='word_1_97' title='bbox 238 1126 289 1161; x_wconf 82' lang='lat' dir='ltr'>rit</span> <span class='ocrx_word' id='word_1_98' title='bbox 313 1127 441 1172; x_wconf 87' lang='lat' dir='ltr'>legere</span> <span class='ocrx_word' id='word_1_99' title='bbox 467 1130 575 1172; x_wconf 74' lang='lat' dir='ltr'>vayat</span> <span class='ocrx_word' id='word_1_100' title='bbox 601 1127 649 1162; x_wconf 85' lang='lat' dir='ltr'>ad</span> <span class='ocrx_word' id='word_1_101' title='bbox 672 1127 807 1162; x_wconf 85' lang='lat' dir='ltr'>medias</span> <span class='ocrx_word' id='word_1_102' title='bbox 833 1148 876 1152; x_wconf 94' lang='lat'>—-</span> <span class='ocrx_word' id='word_1_103' title='bbox 894 1131 1019 1162; x_wconf 77' lang='lat' dir='ltr'>noctes.</span> 
     </span>
    </p>

    <p class='ocr_par' dir='ltr' id='par_1_7' title="bbox 233 1192 1731 1532">
     <span class='ocr_line' id='line_1_15' title="bbox 333 1192 1731 1242; baseline 0.001 -15"><span class='ocrx_word' id='word_1_104' title='bbox 333 1193 388 1227; x_wconf 84' lang='lat'>50.</span> <span class='ocrx_word' id='word_1_105' title='bbox 440 1203 574 1228; x_wconf 79' lang='lat' dir='ltr'>comam</span> <span class='ocrx_word' id='word_1_106' title='bbox 611 1193 751 1228; x_wconf 72' lang='lat' dir='ltr'>sibilant</span> <span class='ocrx_word' id='word_1_107' title='bbox 787 1194 891 1228; x_wconf 84' lang='lat' dir='ltr'>recte</span> <span class='ocrx_word' id='word_1_108' title='bbox 923 1192 1095 1228; x_wconf 81' lang='lat' dir='ltr'>Heinsius</span> <span class='ocrx_word' id='word_1_109' title='bbox 1135 1193 1173 1228; x_wconf 86' lang='lat' dir='ltr'>et</span> <span class='ocrx_word' id='word_1_110' title='bbox 1204 1192 1395 1227; x_wconf 81' lang='lat' dir='ltr'>Burmann</span> <span class='ocrx_word' id='word_1_111' title='bbox 1432 1192 1731 1242; x_wconf 71' lang='lat' dir='ltr'>interpretantur</span> 
     </span>
     <span class='ocr_line' id='line_1_16' title="bbox 238 1252 1731 1298; baseline 0.001 -10"><span class='ocrx_word' id='word_1_112' title='bbox 238 1264 412 1288; x_wconf 89' lang='lat' dir='ltr'>coronam</span> <span class='ocrx_word' id='word_1_113' title='bbox 437 1252 590 1298; x_wconf 82' lang='lat' dir='ltr'>pineam</span> <span class='ocrx_word' id='word_1_114' title='bbox 614 1252 729 1298; x_wconf 83' lang='lat' dir='ltr'>capiti</span> <span class='ocrx_word' id='word_1_115' title='bbox 754 1252 864 1287; x_wconf 85' lang='lat' dir='ltr'>Panis</span> <span class='ocrx_word' id='word_1_116' title='bbox 889 1252 1103 1298; x_wconf 83' lang='lat' dir='ltr'>impositam</span> <span class='ocrx_word' id='word_1_117' title='bbox 1129 1252 1211 1289; x_wconf 86' lang='lat' dir='ltr'>coll.</span> <span class='ocrx_word' id='word_1_118' title='bbox 1230 1252 1334 1287; x_wconf 89' lang='lat' dir='ltr'>Lucr.</span> <span class='ocrx_word' id='word_1_119' title='bbox 1354 1252 1415 1292; x_wconf 81' lang='lat' dir='ltr'>IV,</span> <span class='ocrx_word' id='word_1_120' title='bbox 1436 1252 1506 1287; x_wconf 83' lang='lat'>585</span> <span class='ocrx_word' id='word_1_121' title='bbox 1524 1253 1608 1288; x_wconf 80' lang='lat' dir='ltr'>Pan</span> <span class='ocrx_word' id='word_1_122' title='bbox 1617 1254 1731 1297; x_wconf 78' lang='lat' dir='ltr'>pinea</span> 
     </span>
     <span class='ocr_line' id='line_1_17' title="bbox 235 1311 1729 1356; baseline 0 -9"><span class='ocrx_word' id='word_1_123' title='bbox 235 1312 391 1355; x_wconf 77' lang='lat' dir='ltr'>semiferi</span> <span class='ocrx_word' id='word_1_124' title='bbox 422 1312 551 1356; x_wconf 83' lang='lat' dir='ltr'>capitis</span> <span class='ocrx_word' id='word_1_125' title='bbox 582 1313 757 1347; x_wconf 76' lang='lat' dir='ltr'>velamina</span> <span class='ocrx_word' id='word_1_126' title='bbox 788 1323 963 1356; x_wconf 78' lang='lat' dir='ltr'>quassans</span> <span class='ocrx_word' id='word_1_127' title='bbox 996 1323 1027 1348; x_wconf 90' lang='lat' dir='ltr'>e.</span> <span class='ocrx_word' id='word_1_128' title='bbox 1060 1323 1094 1356; x_wconf 91' lang='lat' dir='ltr'>q.</span> <span class='ocrx_word' id='word_1_129' title='bbox 1126 1324 1164 1349; x_wconf 75' lang='lat' dir='ltr'>s..</span> <span class='ocrx_word' id='word_1_130' title='bbox 1206 1311 1271 1348; x_wconf 86' lang='lat' dir='ltr'>Ov.</span> <span class='ocrx_word' id='word_1_131' title='bbox 1298 1314 1387 1348; x_wconf 89' lang='lat' dir='ltr'>met.</span> <span class='ocrx_word' id='word_1_132' title='bbox 1414 1312 1443 1353; x_wconf 93' lang='lat' dir='ltr'>I,</span> <span class='ocrx_word' id='word_1_133' title='bbox 1470 1312 1539 1347; x_wconf 88' lang='grc'>699</span> <span class='ocrx_word' id='word_1_134' title='bbox 1575 1313 1659 1348; x_wconf 84' lang='grc' dir='ltr'>Ραη</span> <span class='ocrx_word' id='word_1_135' title='bbox 1685 1333 1729 1339; x_wconf 91' lang='lat'>—</span> 
     </span>
     <span class='ocr_line' id='line_1_18' title="bbox 233 1371 1730 1417; baseline 0.001 -10"><span class='ocrx_word' id='word_1_136' title='bbox 233 1373 326 1416; x_wconf 75' lang='lat' dir='ltr'>pinu</span> <span class='ocrx_word' id='word_1_137' title='bbox 351 1393 396 1398; x_wconf 85' lang='lat'>—-</span> <span class='ocrx_word' id='word_1_138' title='bbox 422 1376 531 1416; x_wconf 83' lang='lat' dir='ltr'>eaput</span> <span class='ocrx_word' id='word_1_139' title='bbox 549 1372 780 1416; x_wconf 72' lang='lat' dir='ltr'>praecinctus</span> <span class='ocrx_word' id='word_1_140' title='bbox 805 1375 932 1416; x_wconf 75' lang='lat' dir='ltr'>aeuta5</span> <span class='ocrx_word' id='word_1_141' title='bbox 957 1371 1043 1408; x_wconf 84' lang='lat' dir='ltr'>fast.</span> <span class='ocrx_word' id='word_1_142' title='bbox 1069 1371 1097 1413; x_wconf 88' lang='lat' dir='ltr'>I,</span> <span class='ocrx_word' id='word_1_143' title='bbox 1124 1372 1193 1406; x_wconf 98' lang='grc'>412</span> <span class='ocrx_word' id='word_1_144' title='bbox 1231 1373 1292 1416; x_wconf 78' lang='lat' dir='ltr'>qui</span> <span class='ocrx_word' id='word_1_145' title='bbox 1310 1373 1406 1416; x_wconf 76' lang='lat' dir='ltr'>pinu</span> <span class='ocrx_word' id='word_1_146' title='bbox 1441 1376 1602 1417; x_wconf 84' lang='lat' dir='ltr'>tempora</span> <span class='ocrx_word' id='word_1_147' title='bbox 1637 1383 1730 1408; x_wconf 74' lang='lat' dir='ltr'>nexa</span> 
     </span>
     <span class='ocr_line' id='line_1_19' title="bbox 233 1430 1728 1477; baseline 0.001 -11"><span class='ocrx_word' id='word_1_148' title='bbox 233 1433 344 1477; x_wconf 75' lang='lat' dir='ltr'>yeri83</span> <span class='ocrx_word' id='word_1_149' title='bbox 369 1431 436 1467; x_wconf 88' lang='lat' dir='ltr'>cfr.</span> <span class='ocrx_word' id='word_1_150' title='bbox 464 1431 578 1467; x_wconf 87' lang='lat' dir='ltr'>etiam</span> <span class='ocrx_word' id='word_1_151' title='bbox 602 1432 692 1467; x_wconf 89' lang='lat' dir='ltr'>met.</span> <span class='ocrx_word' id='word_1_152' title='bbox 718 1431 816 1472; x_wconf 91' lang='lat' dir='ltr'>XIV,</span> <span class='ocrx_word' id='word_1_153' title='bbox 844 1431 929 1474; x_wconf 63' lang='lat'>63&amp;</span> <span class='ocrx_word' id='word_1_154' title='bbox 957 1430 1018 1466; x_wconf 87' lang='lat' dir='ltr'>Sil.</span> <span class='ocrx_word' id='word_1_155' title='bbox 1057 1431 1161 1473; x_wconf 85' lang='lat' dir='ltr'>XIII,</span> <span class='ocrx_word' id='word_1_156' title='bbox 1199 1431 1284 1472; x_wconf 81' lang='lat'>331;</span> <span class='ocrx_word' id='word_1_157' title='bbox 1323 1431 1481 1467; x_wconf 87' lang='lat' dir='ltr'>Prelleri</span> <span class='ocrx_word' id='word_1_158' title='bbox 1517 1444 1571 1477; x_wconf 88' lang='lat' dir='ltr'>gr.</span> <span class='ocrx_word' id='word_1_159' title='bbox 1609 1433 1728 1477; x_wconf 78' lang='lat' dir='ltr'>myth.</span> 
     </span>
     <span class='ocr_line' id='line_1_20' title="bbox 234 1491 388 1532; baseline 0.013 -6"><span class='ocrx_word' id='word_1_160' title='bbox 234 1491 278 1532; x_wconf 79' lang='lat'>1⁴,</span> <span class='ocrx_word' id='word_1_161' title='bbox 307 1491 388 1528; x_wconf 85' lang='lat'>740.</span> 
     </span>
    </p>

    <p class='ocr_par' dir='ltr' id='par_1_8' title="bbox 234 1550 1725 1656">
     <span class='ocr_line' id='line_1_21' title="bbox 331 1550 1725 1596; baseline 0.001 -11"><span class='ocrx_word' id='word_1_162' title='bbox 331 1551 388 1586; x_wconf 83' lang='lat'>51.</span> <span class='ocrx_word' id='word_1_163' title='bbox 439 1561 548 1586; x_wconf 78' lang='lat' dir='ltr'>conus</span> <span class='ocrx_word' id='word_1_164' title='bbox 573 1562 642 1596; x_wconf 87' lang='lat' dir='ltr'>pro</span> <span class='ocrx_word' id='word_1_165' title='bbox 660 1551 771 1595; x_wconf 83' lang='lat' dir='ltr'>galea</span> <span class='ocrx_word' id='word_1_166' title='bbox 795 1550 956 1596; x_wconf 78' lang='lat' dir='ltr'>ponitur,</span> <span class='ocrx_word' id='word_1_167' title='bbox 984 1552 1075 1586; x_wconf 87' lang='lat' dir='ltr'>nota</span> <span class='ocrx_word' id='word_1_168' title='bbox 1100 1550 1250 1595; x_wconf 87' lang='lat' dir='ltr'>quidem</span> <span class='ocrx_word' id='word_1_169' title='bbox 1268 1550 1397 1595; x_wconf 88' lang='lat' dir='ltr'>figura,</span> <span class='ocrx_word' id='word_1_170' title='bbox 1425 1551 1491 1586; x_wconf 87' lang='lat' dir='ltr'>sed</span> <span class='ocrx_word' id='word_1_171' title='bbox 1508 1552 1638 1587; x_wconf 86' lang='lat' dir='ltr'>tamen</span> <span class='ocrx_word' id='word_1_172' title='bbox 1655 1552 1725 1587; x_wconf 86' lang='lat' dir='ltr'>hoe</span> 
     </span>
     <span class='ocr_line' id='line_1_22' title="bbox 234 1609 1660 1656; baseline 0 -10"><span class='ocrx_word' id='word_1_173' title='bbox 234 1610 323 1652; x_wconf 87' lang='lat' dir='ltr'>solo,</span> <span class='ocrx_word' id='word_1_174' title='bbox 350 1611 392 1645; x_wconf 81' lang='lat' dir='ltr'>ut</span> <span class='ocrx_word' id='word_1_175' title='bbox 417 1610 577 1651; x_wconf 84' lang='lat' dir='ltr'>videtur,</span> <span class='ocrx_word' id='word_1_176' title='bbox 603 1611 702 1653; x_wconf 76' lang='lat'><em>10003</em></span> <span class='ocrx_word' id='word_1_177' title='bbox 732 1610 798 1647; x_wconf 86' lang='lat' dir='ltr'>cfr.</span> <span class='ocrx_word' id='word_1_178' title='bbox 818 1614 945 1655; x_wconf 78' lang='lat' dir='ltr'>pecten</span> <span class='ocrx_word' id='word_1_179' title='bbox 970 1611 1148 1656; x_wconf 84' lang='lat' dir='ltr'>seriptum</span> <span class='ocrx_word' id='word_1_180' title='bbox 1174 1622 1241 1655; x_wconf 88' lang='lat' dir='ltr'>pro</span> <span class='ocrx_word' id='word_1_181' title='bbox 1266 1610 1349 1655; x_wconf 84' lang='lat' dir='ltr'>lyra</span> <span class='ocrx_word' id='word_1_182' title='bbox 1373 1609 1440 1656; x_wconf 83' lang='lat'>111,</span> <span class='ocrx_word' id='word_1_183' title='bbox 1469 1610 1553 1653; x_wconf 73' lang='lat'>1603</span> <span class='ocrx_word' id='word_1_184' title='bbox 1580 1611 1660 1646; x_wconf 87' lang='grc'>541.</span> 
     </span>
    </p>
   </div>
   <div class='ocr_carea' id='block_1_5' title="bbox 227 1681 1723 2037">
    <p class='ocr_par' dir='ltr' id='par_1_9' title="bbox 227 1681 1723 1903">
     <span class='ocr_line' id='line_1_23' title="bbox 330 1681 1723 1726; baseline 0 -8"><span class='ocrx_word' id='word_1_185' title='bbox 330 1684 386 1720; x_wconf 83' lang='grc'>52.</span> <span class='ocrx_word' id='word_1_186' title='bbox 436 1683 594 1726; x_wconf 75' lang='lat' dir='ltr'>trepidae</span> <span class='ocrx_word' id='word_1_187' title='bbox 630 1686 728 1717; x_wconf 86' lang='lat' dir='ltr'>rotae</span> <span class='ocrx_word' id='word_1_188' title='bbox 765 1684 852 1717; x_wconf 85' lang='lat' dir='ltr'>sunt</span> <span class='ocrx_word' id='word_1_189' title='bbox 890 1682 1082 1717; x_wconf 79' lang='lat' dir='ltr'>celerrime</span> <span class='ocrx_word' id='word_1_190' title='bbox 1121 1683 1329 1722; x_wconf 80' lang='lat' dir='ltr'>currentes,</span> <span class='ocrx_word' id='word_1_191' title='bbox 1369 1681 1435 1716; x_wconf 84' lang='lat' dir='ltr'>cfr.</span> <span class='ocrx_word' id='word_1_192' title='bbox 1479 1681 1540 1723; x_wconf 89' lang='lat' dir='ltr'>VI,</span> <span class='ocrx_word' id='word_1_193' title='bbox 1575 1682 1644 1717; x_wconf 84' lang='lat'>154</span> <span class='ocrx_word' id='word_1_194' title='bbox 1682 1689 1723 1718; x_wconf 83' lang='lat' dir='ltr'>tr.</span> 
     </span>
     <span class='ocr_line' id='line_1_24' title="bbox 227 1741 1723 1787; baseline -0.001 -9"><span class='ocrx_word' id='word_1_195' title='bbox 227 1743 412 1787; x_wconf 80' lang='lat' dir='ltr'>plaustra;</span> <span class='ocrx_word' id='word_1_196' title='bbox 453 1743 520 1778; x_wconf 87' lang='lat' dir='ltr'>Ov.</span> <span class='ocrx_word' id='word_1_197' title='bbox 552 1743 629 1778; x_wconf 90' lang='lat' dir='ltr'>her.</span> <span class='ocrx_word' id='word_1_198' title='bbox 656 1743 736 1783; x_wconf 86' lang='lat' dir='ltr'>XV,</span> <span class='ocrx_word' id='word_1_199' title='bbox 765 1742 832 1777; x_wconf 83' lang='lat'>102</span> <span class='ocrx_word' id='word_1_200' title='bbox 871 1746 914 1777; x_wconf 89' lang='lat' dir='ltr'>tr.</span> <span class='ocrx_word' id='word_1_201' title='bbox 951 1743 1044 1786; x_wconf 76' lang='lat' dir='ltr'>equi:</span> <span class='ocrx_word' id='word_1_202' title='bbox 1078 1742 1174 1776; x_wconf 82' lang='lat' dir='ltr'>trist.</span> <span class='ocrx_word' id='word_1_203' title='bbox 1202 1741 1229 1783; x_wconf 86' lang='lat'>1,</span> <span class='ocrx_word' id='word_1_204' title='bbox 1258 1741 1312 1783; x_wconf 76' lang='lat'>10,</span> <span class='ocrx_word' id='word_1_205' title='bbox 1341 1741 1386 1776; x_wconf 89' lang='grc'>10</span> <span class='ocrx_word' id='word_1_206' title='bbox 1416 1746 1459 1777; x_wconf 86' lang='lat' dir='ltr'>tr.</span> <span class='ocrx_word' id='word_1_207' title='bbox 1492 1742 1600 1787; x_wconf 74' lang='lat' dir='ltr'>fu9a5</span> <span class='ocrx_word' id='word_1_208' title='bbox 1637 1742 1723 1777; x_wconf 89' lang='lat' dir='ltr'>Luc.</span> 
     </span>
     <span class='ocr_line' id='line_1_25' title="bbox 232 1801 1722 1846; baseline 0 -10"><span class='ocrx_word' id='word_1_209' title='bbox 232 1802 335 1843; x_wconf 82' lang='lat' dir='ltr'>VIII,</span> <span class='ocrx_word' id='word_1_210' title='bbox 364 1801 433 1836; x_wconf 83' lang='lat'>662</span> <span class='ocrx_word' id='word_1_211' title='bbox 460 1803 601 1844; x_wconf 82' lang='lat' dir='ltr'>carina;</span> <span class='ocrx_word' id='word_1_212' title='bbox 646 1801 698 1836; x_wconf 86' lang='lat' dir='ltr'>sic</span> <span class='ocrx_word' id='word_1_213' title='bbox 723 1802 904 1845; x_wconf 83' lang='lat' dir='ltr'>trepidare</span> <span class='ocrx_word' id='word_1_214' title='bbox 935 1801 1036 1836; x_wconf 87' lang='lat' dir='ltr'>idem</span> <span class='ocrx_word' id='word_1_215' title='bbox 1063 1803 1175 1846; x_wconf 82' lang='lat' dir='ltr'>atque</span> <span class='ocrx_word' id='word_1_216' title='bbox 1203 1801 1376 1836; x_wconf 82' lang='lat' dir='ltr'>celeriter</span> <span class='ocrx_word' id='word_1_217' title='bbox 1403 1812 1551 1836; x_wconf 88' lang='lat' dir='ltr'>currere</span> <span class='ocrx_word' id='word_1_218' title='bbox 1576 1801 1663 1837; x_wconf 86' lang='lat' dir='ltr'>Hor.</span> <span class='ocrx_word' id='word_1_219' title='bbox 1692 1813 1722 1836; x_wconf 87' lang='lat' dir='ltr'>c.</span> 
     </span>
     <span class='ocr_line' id='line_1_26' title="bbox 232 1861 656 1903; baseline 0 -7"><span class='ocrx_word' id='word_1_220' title='bbox 232 1861 280 1903; x_wconf 85' lang='lat' dir='ltr'>IL</span> <span class='ocrx_word' id='word_1_221' title='bbox 307 1863 340 1903; x_wconf 85' lang='lat'>3,</span> <span class='ocrx_word' id='word_1_222' title='bbox 369 1861 429 1903; x_wconf 90' lang='grc'>12;</span> <span class='ocrx_word' id='word_1_223' title='bbox 466 1861 512 1901; x_wconf 90' lang='lat' dir='ltr'>II,</span> <span class='ocrx_word' id='word_1_224' title='bbox 540 1861 572 1902; x_wconf 88' lang='grc'>4,</span> <span class='ocrx_word' id='word_1_225' title='bbox 600 1861 656 1896; x_wconf 81' lang='grc'>23.</span> 
     </span>
    </p>

    <p class='ocr_par' dir='ltr' id='par_1_10' title="bbox 231 1932 1721 2037">
     <span class='ocr_line' id='line_1_27' title="bbox 327 1932 1721 1978; baseline 0 -11"><span class='ocrx_word' id='word_1_226' title='bbox 327 1933 384 1969; x_wconf 85' lang='lat'>53.</span> <span class='ocrx_word' id='word_1_227' title='bbox 434 1933 583 1968; x_wconf 77' lang='lat' dir='ltr'>cadendi</span> <span class='ocrx_word' id='word_1_228' title='bbox 607 1933 714 1969; x_wconf 88' lang='lat' dir='ltr'>verbi</span> <span class='ocrx_word' id='word_1_229' title='bbox 739 1932 851 1967; x_wconf 85' lang='lat' dir='ltr'>variis</span> <span class='ocrx_word' id='word_1_230' title='bbox 877 1933 1091 1968; x_wconf 85' lang='lat' dir='ltr'>notionibus</span> <span class='ocrx_word' id='word_1_231' title='bbox 1118 1933 1235 1967; x_wconf 86' lang='lat' dir='ltr'>utitur</span> <span class='ocrx_word' id='word_1_232' title='bbox 1259 1934 1391 1978; x_wconf 86' lang='lat' dir='ltr'>poeta:</span> <span class='ocrx_word' id='word_1_233' title='bbox 1436 1943 1487 1968; x_wconf 88' lang='lat' dir='ltr'>ca</span> <span class='ocrx_word' id='word_1_234' title='bbox 1502 1932 1573 1967; x_wconf 83' lang='lat' dir='ltr'>dit</span> <span class='ocrx_word' id='word_1_235' title='bbox 1599 1944 1721 1974; x_wconf 85' lang='lat' dir='ltr'>conus,</span> 
     </span>
     <span class='ocr_line' id='line_1_28' title="bbox 231 1991 1633 2037; baseline -0.001 -10"><span class='ocrx_word' id='word_1_236' title='bbox 231 1992 456 2033; x_wconf 83' lang='lat' dir='ltr'>excidunt</span> <span class='ocrx_word' id='word_1_237' title='bbox 482 1992 579 2028; x_wconf 84' lang='lat' dir='ltr'>ensis</span> <span class='ocrx_word' id='word_1_238' title='bbox 604 2004 727 2034; x_wconf 86' lang='lat' dir='ltr'>manu,</span> <span class='ocrx_word' id='word_1_239' title='bbox 756 1992 886 2037; x_wconf 86' lang='lat' dir='ltr'>auriga</span> <span class='ocrx_word' id='word_1_240' title='bbox 913 2004 1031 2034; x_wconf 79' lang='lat' dir='ltr'>curru,</span> <span class='ocrx_word' id='word_1_241' title='bbox 1059 1992 1295 2027; x_wconf 85' lang='lat' dir='ltr'>decidunt</span> <span class='ocrx_word' id='word_1_242' title='bbox 1322 1992 1486 2027; x_wconf 83' lang='lat' dir='ltr'>claustra</span> <span class='ocrx_word' id='word_1_243' title='bbox 1509 1991 1633 2027; x_wconf 86' lang='lat' dir='ltr'>muris.</span> 
     </span>
    </p>
   </div>
   <div class='ocr_carea' id='block_1_6' title="bbox 224 2063 1722 2769">
    <p class='ocr_par' dir='ltr' id='par_1_11' title="bbox 229 2063 1722 2169">
     <span class='ocr_line' id='line_1_29' title="bbox 324 2063 1722 2109; baseline -0.001 -10"><span class='ocrx_word' id='word_1_244' title='bbox 324 2065 379 2100; x_wconf 83' lang='lat'>54.</span> <span class='ocrx_word' id='word_1_245' title='bbox 406 2064 451 2099; x_wconf 85' lang='lat' dir='ltr'>ab</span> <span class='ocrx_word' id='word_1_246' title='bbox 476 2065 614 2099; x_wconf 76' lang='lat' dir='ltr'>aethere</span> <span class='ocrx_word' id='word_1_247' title='bbox 641 2064 769 2109; x_wconf 73' lang='lat' dir='ltr'>Goryo,</span> <span class='ocrx_word' id='word_1_248' title='bbox 797 2063 940 2099; x_wconf 84' lang='lat' dir='ltr'>scilicet</span> <span class='ocrx_word' id='word_1_249' title='bbox 966 2075 1048 2098; x_wconf 87' lang='lat' dir='ltr'>cum</span> <span class='ocrx_word' id='word_1_250' title='bbox 1073 2064 1197 2099; x_wconf 86' lang='lat' dir='ltr'>Pallas</span> <span class='ocrx_word' id='word_1_251' title='bbox 1225 2075 1269 2099; x_wconf 83' lang='lat' dir='ltr'>ex</span> <span class='ocrx_word' id='word_1_252' title='bbox 1296 2065 1449 2099; x_wconf 86' lang='lat' dir='ltr'>aethere</span> <span class='ocrx_word' id='word_1_253' title='bbox 1475 2063 1597 2108; x_wconf 83' lang='lat' dir='ltr'>quatit</span> <span class='ocrx_word' id='word_1_254' title='bbox 1622 2063 1722 2108; x_wconf 84' lang='lat' dir='ltr'>aegi—</span> 
     </span>
     <span class='ocr_line' id='line_1_30' title="bbox 229 2123 976 2169; baseline 0.001 -11"><span class='ocrx_word' id='word_1_255' title='bbox 229 2124 316 2159; x_wconf 87' lang='lat' dir='ltr'>dem</span> <span class='ocrx_word' id='word_1_256' title='bbox 343 2123 526 2169; x_wconf 83' lang='lat' dir='ltr'>Gorgonis</span> <span class='ocrx_word' id='word_1_257' title='bbox 551 2123 754 2169; x_wconf 82' lang='lat' dir='ltr'>imaginem</span> <span class='ocrx_word' id='word_1_258' title='bbox 780 2123 976 2159; x_wconf 83' lang='lat' dir='ltr'>ferentem.</span> 
     </span>
    </p>

    <p class='ocr_par' dir='ltr' id='par_1_12' title="bbox 224 2188 1719 2769">
     <span class='ocr_line' id='line_1_31' title="bbox 323 2188 1719 2234; baseline 0.001 -11"><span class='ocrx_word' id='word_1_259' title='bbox 323 2188 378 2224; x_wconf 85' lang='lat'>55.</span> <span class='ocrx_word' id='word_1_260' title='bbox 429 2189 564 2224; x_wconf 83' lang='lat' dir='ltr'>umbris</span> <span class='ocrx_word' id='word_1_261' title='bbox 592 2190 685 2231; x_wconf 86' lang='lat' dir='ltr'>Vat.;</span> <span class='ocrx_word' id='word_1_262' title='bbox 711 2189 868 2224; x_wconf 90' lang='lat' dir='ltr'>umbrae</span> <span class='ocrx_word' id='word_1_263' title='bbox 895 2188 1129 2233; x_wconf 80' lang='lat' dir='ltr'>explicantur</span> <span class='ocrx_word' id='word_1_264' title='bbox 1155 2188 1297 2234; x_wconf 85' lang='lat' dir='ltr'>species</span> <span class='ocrx_word' id='word_1_265' title='bbox 1325 2189 1363 2223; x_wconf 86' lang='lat' dir='ltr'>et</span> <span class='ocrx_word' id='word_1_266' title='bbox 1378 2188 1576 2223; x_wconf 84' lang='lat' dir='ltr'>simulacra</span> <span class='ocrx_word' id='word_1_267' title='bbox 1600 2189 1719 2224; x_wconf 84' lang='lat' dir='ltr'>terro-</span> 
     </span>
     <span class='ocr_line' id='line_1_32' title="bbox 226 2236 1716 2295; baseline -0.001 -12"><span class='ocrx_word' id='word_1_268' title='bbox 226 2259 307 2283; x_wconf 86' lang='lat' dir='ltr'>rem</span> <span class='ocrx_word' id='word_1_269' title='bbox 331 2236 540 2295; x_wconf 83' lang='lat' dir='ltr'>inicientia3</span> <span class='ocrx_word' id='word_1_270' title='bbox 568 2249 608 2282; x_wconf 85' lang='lat' dir='ltr'>at</span> <span class='ocrx_word' id='word_1_271' title='bbox 632 2248 729 2284; x_wconf 85' lang='lat' dir='ltr'>tales</span> <span class='ocrx_word' id='word_1_272' title='bbox 755 2248 911 2283; x_wconf 90' lang='lat' dir='ltr'>umbrae</span> <span class='ocrx_word' id='word_1_273' title='bbox 930 2260 952 2283; x_wconf 90' lang='lat' dir='ltr'>a</span> <span class='ocrx_word' id='word_1_274' title='bbox 973 2247 1145 2293; x_wconf 79' lang='lat' dir='ltr'>Gorgone</span> <span class='ocrx_word' id='word_1_275' title='bbox 1162 2248 1223 2283; x_wconf 84' lang='lat' dir='ltr'>vel</span> <span class='ocrx_word' id='word_1_276' title='bbox 1241 2247 1397 2283; x_wconf 86' lang='lat' dir='ltr'>Pallade</span> <span class='ocrx_word' id='word_1_277' title='bbox 1415 2259 1490 2283; x_wconf 91' lang='lat' dir='ltr'>non</span> <span class='ocrx_word' id='word_1_278' title='bbox 1506 2247 1716 2289; x_wconf 84' lang='lat' dir='ltr'>mittuntur,</span> 
     </span>
     <span class='ocr_line' id='line_1_33' title="bbox 227 2307 1718 2353; baseline -0.001 -11"><span class='ocrx_word' id='word_1_279' title='bbox 227 2318 348 2352; x_wconf 87' lang='lat' dir='ltr'>neque</span> <span class='ocrx_word' id='word_1_280' title='bbox 383 2307 532 2343; x_wconf 88' lang='lat' dir='ltr'>omnino</span> <span class='ocrx_word' id='word_1_281' title='bbox 569 2307 812 2352; x_wconf 85' lang='lat' dir='ltr'>intellegitur,</span> <span class='ocrx_word' id='word_1_282' title='bbox 854 2308 942 2353; x_wconf 87' lang='lat' dir='ltr'>quid</span> <span class='ocrx_word' id='word_1_283' title='bbox 979 2308 1035 2343; x_wconf 86' lang='lat' dir='ltr'>his</span> <span class='ocrx_word' id='word_1_284' title='bbox 1074 2307 1278 2342; x_wconf 81' lang='lat' dir='ltr'>simulacris</span> <span class='ocrx_word' id='word_1_285' title='bbox 1317 2318 1511 2342; x_wconf 89' lang='lat' dir='ltr'>commune</span> <span class='ocrx_word' id='word_1_286' title='bbox 1549 2307 1597 2341; x_wconf 89' lang='lat' dir='ltr'>sit</span> <span class='ocrx_word' id='word_1_287' title='bbox 1635 2318 1718 2342; x_wconf 85' lang='lat' dir='ltr'>eum</span> 
     </span>
     <span class='ocr_line' id='line_1_34' title="bbox 225 2364 1718 2413; baseline 0 -12"><span class='ocrx_word' id='word_1_288' title='bbox 225 2367 371 2402; x_wconf 87' lang='lat' dir='ltr'>terrore</span> <span class='ocrx_word' id='word_1_289' title='bbox 398 2377 420 2400; x_wconf 88' lang='lat' dir='ltr'>a</span> <span class='ocrx_word' id='word_1_290' title='bbox 445 2366 548 2401; x_wconf 86' lang='lat' dir='ltr'>Pane</span> <span class='ocrx_word' id='word_1_291' title='bbox 574 2366 732 2409; x_wconf 82' lang='lat' dir='ltr'>iniecto;</span> <span class='ocrx_word' id='word_1_292' title='bbox 759 2367 888 2412; x_wconf 85' lang='lat' dir='ltr'>itaque</span> <span class='ocrx_word' id='word_1_293' title='bbox 915 2364 1045 2413; x_wconf 73' lang='lat' dir='ltr'>scripsi</span> <span class='ocrx_word' id='word_1_294' title='bbox 1081 2367 1208 2410; x_wconf 70' lang='lat' dir='ltr'>undis-3</span> <span class='ocrx_word' id='word_1_295' title='bbox 1246 2366 1434 2402; x_wconf 83' lang='lat' dir='ltr'>contrario</span> <span class='ocrx_word' id='word_1_296' title='bbox 1470 2365 1563 2401; x_wconf 82' lang='lat' dir='ltr'>vitio</span> <span class='ocrx_word' id='word_1_297' title='bbox 1600 2366 1718 2401; x_wconf 75' lang='lat' dir='ltr'>undas</span> 
     </span>
     <span class='ocr_line' id='line_1_35' title="bbox 224 2425 1718 2472; baseline -0.001 -11"><span class='ocrx_word' id='word_1_298' title='bbox 224 2437 294 2472; x_wconf 92' lang='lat' dir='ltr'>pro</span> <span class='ocrx_word' id='word_1_299' title='bbox 321 2437 365 2461; x_wconf 92' lang='lat' dir='ltr'>eo</span> <span class='ocrx_word' id='word_1_300' title='bbox 391 2425 489 2470; x_wconf 86' lang='lat' dir='ltr'>quod</span> <span class='ocrx_word' id='word_1_301' title='bbox 516 2426 573 2460; x_wconf 87' lang='lat' dir='ltr'>est</span> <span class='ocrx_word' id='word_1_302' title='bbox 598 2427 741 2461; x_wconf 84' lang='lat' dir='ltr'>umbras</span> <span class='ocrx_word' id='word_1_303' title='bbox 765 2426 803 2460; x_wconf 90' lang='lat' dir='ltr'>in</span> <span class='ocrx_word' id='word_1_304' title='bbox 841 2426 926 2462; x_wconf 84' lang='lat' dir='ltr'>Vat.</span> <span class='ocrx_word' id='word_1_305' title='bbox 964 2426 1153 2461; x_wconf 88' lang='lat' dir='ltr'>invenitur</span> <span class='ocrx_word' id='word_1_306' title='bbox 1190 2426 1219 2466; x_wconf 76' lang='grc' dir='ltr'>Ι,</span> <span class='ocrx_word' id='word_1_307' title='bbox 1258 2425 1314 2461; x_wconf 91' lang='lat'>95.</span> <span class='ocrx_word' id='word_1_308' title='bbox 1364 2425 1496 2461; x_wconf 87' lang='lat' dir='ltr'>Undae</span> <span class='ocrx_word' id='word_1_309' title='bbox 1533 2425 1718 2460; x_wconf 86' lang='lat' dir='ltr'>nonnullis</span> 
     </span>
     <span class='ocr_line' id='line_1_36' title="bbox 226 2484 1715 2531; baseline 0 -12"><span class='ocrx_word' id='word_1_310' title='bbox 226 2484 317 2521; x_wconf 85' lang='lat' dir='ltr'>locis</span> <span class='ocrx_word' id='word_1_311' title='bbox 343 2485 517 2520; x_wconf 85' lang='lat' dir='ltr'>dicuntur</span> <span class='ocrx_word' id='word_1_312' title='bbox 543 2485 589 2520; x_wconf 88' lang='lat' dir='ltr'>de</span> <span class='ocrx_word' id='word_1_313' title='bbox 614 2486 718 2520; x_wconf 88' lang='lat' dir='ltr'>motu</span> <span class='ocrx_word' id='word_1_314' title='bbox 743 2485 941 2531; x_wconf 83' lang='lat' dir='ltr'>multiplici</span> <span class='ocrx_word' id='word_1_315' title='bbox 965 2486 1224 2527; x_wconf 74' lang='lat' dir='ltr'>multitudinis,</span> <span class='ocrx_word' id='word_1_316' title='bbox 1251 2485 1324 2520; x_wconf 83' lang='lat' dir='ltr'>vid.</span> <span class='ocrx_word' id='word_1_317' title='bbox 1352 2486 1462 2530; x_wconf 87' lang='lat' dir='ltr'>Verg.</span> <span class='ocrx_word' id='word_1_318' title='bbox 1502 2496 1628 2530; x_wconf 86' lang='lat' dir='ltr'>georg.</span> <span class='ocrx_word' id='word_1_319' title='bbox 1667 2484 1715 2526; x_wconf 85' lang='lat' dir='ltr'>II,</span> 
     </span>
     <span class='ocr_line' id='line_1_37' title="bbox 225 2543 1715 2589; baseline -0.001 -10"><span class='ocrx_word' id='word_1_320' title='bbox 225 2544 296 2579; x_wconf 89' lang='grc'>462</span> <span class='ocrx_word' id='word_1_321' title='bbox 322 2545 446 2580; x_wconf 82' lang='lat' dir='ltr'>domus</span> <span class='ocrx_word' id='word_1_322' title='bbox 472 2565 515 2569; x_wconf 90' lang='lat'>—</span> <span class='ocrx_word' id='word_1_323' title='bbox 541 2555 644 2579; x_wconf 78' lang='lat' dir='ltr'>mane</span> <span class='ocrx_word' id='word_1_324' title='bbox 667 2545 888 2579; x_wconf 75' lang='lat' dir='ltr'>salutantum</span> <span class='ocrx_word' id='word_1_325' title='bbox 914 2547 997 2580; x_wconf 83' lang='lat' dir='ltr'>totis</span> <span class='ocrx_word' id='word_1_326' title='bbox 1034 2547 1142 2580; x_wconf 78' lang='lat' dir='ltr'>vomit</span> <span class='ocrx_word' id='word_1_327' title='bbox 1178 2545 1324 2580; x_wconf 81' lang='lat' dir='ltr'>aedibus</span> <span class='ocrx_word' id='word_1_328' title='bbox 1359 2544 1494 2579; x_wconf 74' lang='lat' dir='ltr'>undam</span> <span class='ocrx_word' id='word_1_329' title='bbox 1505 2558 1516 2589; x_wconf 88' lang='lat'>‚·</span> <span class='ocrx_word' id='word_1_330' title='bbox 1554 2543 1615 2579; x_wconf 87' lang='lat' dir='ltr'>Sil.</span> <span class='ocrx_word' id='word_1_331' title='bbox 1654 2543 1715 2586; x_wconf 88' lang='lat' dir='ltr'>IV,</span> 
     </span>
     <span class='ocr_line' id='line_1_38' title="bbox 228 2603 1714 2649; baseline 0 -11"><span class='ocrx_word' id='word_1_332' title='bbox 228 2603 296 2639; x_wconf 87' lang='grc'>158</span> <span class='ocrx_word' id='word_1_333' title='bbox 320 2605 523 2649; x_wconf 71' lang='lat' dir='ltr'>spissaeque</span> <span class='ocrx_word' id='word_1_334' title='bbox 546 2608 656 2639; x_wconf 73' lang='lat' dir='ltr'>munt</span> <span class='ocrx_word' id='word_1_335' title='bbox 682 2604 841 2646; x_wconf 78' lang='lat' dir='ltr'>conferta</span> <span class='ocrx_word' id='word_1_336' title='bbox 859 2615 1055 2648; x_wconf 80' lang='lat' dir='ltr'>perarma</span> <span class='ocrx_word' id='word_1_337' title='bbox 1085 2605 1207 2639; x_wconf 76' lang='lat' dir='ltr'>Undae</span> <span class='ocrx_word' id='word_1_338' title='bbox 1222 2605 1405 2639; x_wconf 83' lang='lat' dir='ltr'>Boiorum.</span> <span class='ocrx_word' id='word_1_339' title='bbox 1457 2603 1535 2638; x_wconf 86' lang='lat' dir='ltr'>Iuv.</span> <span class='ocrx_word' id='word_1_340' title='bbox 1556 2605 1625 2641; x_wconf 88' lang='lat' dir='ltr'>sat.</span> <span class='ocrx_word' id='word_1_341' title='bbox 1644 2603 1714 2644; x_wconf 92' lang='lat' dir='ltr'>III,</span> 
     </span>
     <span class='ocr_line' id='line_1_39' title="bbox 225 2662 1717 2708; baseline 0.001 -10"><span class='ocrx_word' id='word_1_342' title='bbox 225 2663 296 2698; x_wconf 84' lang='lat'>244</span> <span class='ocrx_word' id='word_1_343' title='bbox 321 2664 423 2699; x_wconf 77' lang='lat' dir='ltr'>uobis</span> <span class='ocrx_word' id='word_1_344' title='bbox 441 2663 722 2708; x_wconf 75' lang='lat' dir='ltr'>properantibus</span> <span class='ocrx_word' id='word_1_345' title='bbox 747 2665 863 2699; x_wconf 83' lang='lat' dir='ltr'>obstat</span> <span class='ocrx_word' id='word_1_346' title='bbox 886 2664 985 2698; x_wconf 80' lang='lat' dir='ltr'>unda</span> <span class='ocrx_word' id='word_1_347' title='bbox 1003 2665 1124 2708; x_wconf 84' lang='lat' dir='ltr'>prior;</span> <span class='ocrx_word' id='word_1_348' title='bbox 1153 2663 1245 2699; x_wconf 84' lang='lat' dir='ltr'>Stat.</span> <span class='ocrx_word' id='word_1_349' title='bbox 1274 2663 1389 2698; x_wconf 87' lang='lat' dir='ltr'>Theb.</span> <span class='ocrx_word' id='word_1_350' title='bbox 1417 2662 1464 2704; x_wconf 82' lang='grc' dir='ltr'>Π,</span> <span class='ocrx_word' id='word_1_351' title='bbox 1491 2663 1561 2697; x_wconf 87' lang='grc'>224</span> <span class='ocrx_word' id='word_1_352' title='bbox 1576 2663 1717 2706; x_wconf 75' lang='lat' dir='ltr'>foribus</span> 
     </span>
     <span class='ocr_line' id='line_1_40' title="bbox 225 2723 1068 2769; baseline 0 -11"><span class='ocrx_word' id='word_1_353' title='bbox 225 2734 303 2758; x_wconf 86' lang='lat' dir='ltr'>eum</span> <span class='ocrx_word' id='word_1_354' title='bbox 328 2724 487 2759; x_wconf 82' lang='lat' dir='ltr'>immissa</span> <span class='ocrx_word' id='word_1_355' title='bbox 510 2723 674 2768; x_wconf 81' lang='lat' dir='ltr'>superbis</span> <span class='ocrx_word' id='word_1_356' title='bbox 697 2723 796 2758; x_wconf 76' lang='lat' dir='ltr'>unda</span> <span class='ocrx_word' id='word_1_357' title='bbox 819 2723 939 2766; x_wconf 80' lang='lat' dir='ltr'>fremit</span> <span class='ocrx_word' id='word_1_358' title='bbox 963 2724 1068 2769; x_wconf 76' lang='lat' dir='ltr'>vulyi.</span> 
     </span>
    </p>
   </div>
   <div class='ocr_carea' id='block_1_7' title="bbox 1752 778 1788 807">
    <p class='ocr_par' dir='ltr' id='par_1_13' title="bbox 1752 778 1788 807">
     <span class='ocr_line' id='line_1_41' title="bbox 1752 778 1788 807; baseline 0 0"><span class='ocrx_word' id='word_1_359' title='bbox 1752 778 1788 807; x_wconf 83' lang='lat'>55</span> 
     </span>
    </p>
   </div>
   <div class='ocr_carea' id='block_1_8' title="bbox 1850 1775 1890 3100">
    <p class='ocr_par' dir='ltr' id='par_1_14' title="bbox 1850 1775 1890 3100">
     <span class='ocr_line' id='line_1_42' title="bbox 1850 1775 1890 3100; baseline 0 0"><span class='ocrx_word' id='word_1_360' title='bbox 1850 1775 1890 3100; x_wconf 95' lang='lat' dir='ltr'> </span> 
     </span>
    </p>
   </div>
  </div>
 </body>
</html>
