1890 3100
529 241 920 281 ARGONAVTIOON
946 240 1095 276 LIBER
1118 241 1189 276 HI.
1540 241 1625 283 227

247 366 418 418 agmina,
447 366 527 404 iam
555 364 707 416 passim
737 374 886 400 vacuos
915 360 1084 399 disiecta
1109 373 1183 411 per
1210 371 1327 410 agros

249 430 377 470 credit
405 443 547 477 ovans3
575 427 679 466 tales
708 433 856 474 aestus,
886 440 936 465 ea
963 425 1111 477 gaudia
1137 424 1251 475 fingit

246 497 307 534 ira
335 495 466 534 deum.
521 493 644 532 fundo
673 492 801 531 veluti
829 506 919 530 cum
948 490 1083 530 Coeus
1111 490 1153 528 in
1179 490 1258 527 imo

247 560 382 599 vinela
408 560 517 598 Iovis
543 558 750 610 fractoque
779 557 943 595 trahens
972 555 1183 594 adamante
1209 560 1372 593 catenas
1628 568 1683 597 225

250 625 466 664 Saturnum
494 624 741 675 Tityumque
769 628 887 660 vocat
916 634 1109 674 spemque
1138 621 1312 659 aetheris
1342 633 1479 658 amens

253 690 437 742 concipit,
467 695 529 728 ast
555 688 668 727 illum
695 688 826 726 fluviis
855 693 896 726 et
923 692 1042 725 nocte
1069 700 1256 725 remensa

249 754 519 794 Eumenidum
548 754 657 792 canis
687 759 727 792 et
756 765 918 804 sparsae
947 752 1043 790 iuba
1069 752 1243 804 reppulit
1271 750 1445 803 hydrae:

236 897 318 932 223.
366 895 611 938 audimVat.;
626 895 842 941 quid'poeta
855 894 1045 940 scripserit
1056 894 1251 935 incertum,
1267 905 1312 929 ex
1324 905 1462 939 magno
1474 904 1629 929 numero

144 955 440 992 coniecturarum
463 955 764 1001 probabilissima
788 954 938 990 videtur
963 953 1186 995 Schenkelii‚
1225 953 1288 998 qui
1319 953 1468 998 scripsit
1501 957 1629 988 aestus.

240 1026 321 1062 224.
373 1026 484 1062 Coeus
506 1026 602 1061 filius
627 1025 776 1066 Terrae,
802 1037 896 1060 unus
922 1036 967 1060 ex
992 1024 1189 1059 Titanibus
1215 1035 1237 1059 a
1262 1024 1352 1059 Iove
1374 1024 1415 1058 in
1430 1023 1630 1059 Tartarum

144 1085 336 1127 coniectis;
361 1085 550 1121 interdum
576 1085 610 1121 ei
635 1085 820 1130 contingit
845 1086 998 1120 catenas
1016 1083 1193 1129 frangere
1220 1085 1259 1119 et
1283 1083 1360 1118 iam
1385 1084 1582 1128 erupturus
1608 1094 1631 1118 a

145 1144 265 1180 Furiis
289 1145 494 1191 repellitur.

240 1216 320 1250 227.
368 1216 488 1259 fluviis
512 1220 544 1250 a
567 1220 667 1251 node
690 1226 849 1250 remensa
855 1229 868 1260 ‚·
890 1215 966 1250 iam
999 1214 1160 1250 feliciter
1190 1214 1342 1249 transiit
1373 1213 1503 1249 fluvios
1534 1212 1631 1249 infe-

146 1286 272 1310 rorum
297 1274 477 1320 Cocytum
502 1276 541 1310 et
565 1274 882 1320 Phlegethontem
905 1275 1127 1319 noctemque
1151 1273 1274 1314 Erebi,
1300 1273 1368 1308 sed
1397 1273 1498 1308 viam
1534 1273 1631 1307 hanc

146 1333 357 1370 remetiri
382 1334 527 1379 cogitur
553 1335 591 1369 et
614 1333 654 1368 in
678 1333 878 1368 Tartarum
903 1333 1042 1375 redire;
1068 1332 1162 1368 nihil
1185 1332 1302 1378 igitur
1324 1332 1558 1368 mutandum.

243 1404 325 1441 228.
373 1405 610 1451 Eumenidum
633 1406 749 1446 cam'ae
775 1416 885 1440 canes
903 1404 1057 1450 Stygiae
1075 1405 1162 1439 sunt
1179 1404 1334 1439 comites
1354 1404 1419 1438 aut
1435 1403 1632 1438 Furiarum

149 1463 251 1508 apud
272 1465 407 1509 poetas
430 1463 578 1509 latinos,
602 1465 646 1499 ut
670 1464 755 1499 Luc.
782 1463 844 1509 VI,
870 1464 940 1499 733
965 1465 1032 1498 aut
1055 1463 1228 1507 Hecates,
1252 1465 1296 1498 ut
1318 1463 1431 1508 Verg.
1455 1464 1548 1498 Aen.
1565 1462 1629 1503 VI,

147 1521 360 1564 257;-Ηοι·.
385 1524 456 1558 sat.
481 1522 509 1564 L
535 1523 567 1565 8,
600 1523 663 1564 35;
701 1523 782 1559 Tib.
808 1523 837 1567 I,
862 1523 895 1564 2,
922 1523 978 1561 52.
1027 1523 1136 1558 Falso
1169 1522 1339 1558 nonnulli
1375 1521 1545 1558 Servium
1582 1521 1631 1556 ad

147 1581 261 1627 Verg.
284 1583 374 1617 Aen.
398 1581 469 1625 ΠΙ,
493 1582 564 1617 209
588 1582 707 1618 secuti
729 1582 829 1628 ipsas
854 1582 983 1617 Furias
1008 1582 1065 1617 his
1100 1582 1192 1617 loeis
1230 1593 1339 1618 canes
1377 1581 1451 1616 dici
1486 1581 1630 1626 putant,

148 1640 248 1685 quod
270 1651 360 1677 sane
385 1641 429 1676 fit
452 1642 553 1687 apud
579 1641 741 1678 Graecos
765 1643 908 1687 poetas.
970 1641 1175 1687 Singularis
1213 1643 1340 1677 autem
1375 1641 1527 1686 ponitur
1562 1653 1631 1686 pro

146 1699 284 1745 plurali
308 1701 409 1745 apud
433 1701 624 1736 Valerium
658 1701 791 1737 eadem
821 1702 978 1742 ratione,
1013 1713 1086 1746 qua
1115 1701 1155 1736 in
1193 1701 1326 1737 eodem
1360 1712 1470 1736 versu
1494 1700 1633 1745 legitur

50 1778 63 1794 s:
146 1758 264 1804 hydra
285 1771 356 1805 pro
379 1760 518 1804 hydris,
543 1760 726 1805 siquidem
750 1772 892 1805 angues
918 1761 1113 1796 Furiarum
1136 1761 1404 1806 intellegimus;
1432 1759 1498 1795 cfr.
1523 1771 1632 1806 prae-

57 1816 75 1866 J
146 1818 255 1854 terea
276 1818 388 1854 densa
409 1820 544 1854 securis
567 1819 633 1861 In,
662 1819 745 1861 1633
772 1821 879 1855 arbor
902 1820 988 1861 353;
1014 1831 1121 1855 arcus
1144 1820 1230 1861 523;
1265 1820 1375 1855 densa
1411 1821 1510 1855 trabs
1543 1819 1631 1861 484;

12 1896 15 1926 ᾗ
146 1877 264 1913 incola
286 1877 350 1919 IV,
378 1878 465 1920 513;
492 1879 700 1924 Sympleyas
724 1878 785 1919 IV,
811 1879 898 1921 221;
924 1879 967 1920 V,
993 1879 1079 1925 2993
1105 1879 1223 1914 ardua
1247 1883 1367 1914 cautes
1391 1879 1438 1914 de
1463 1878 1631 1924 Symple-

13 1938 23 1984 J
61 1930 72 1956 3
146 1935 307 1982 gadibus
333 1937 395 1979 IV,
421 1937 508 1976 6712
533 1939 663 1973 thorax
685 1938 747 1979 VI,
787 1938 873 1980 186;
911 1942 1036 1973 catena
1073 1939 1158 1981 2333
1196 1939 1297 1983 spira
1333 1938 1419 1979 396;
1455 1939 1632 1983 flagellum

63 2019 86 2046 7„
147 1993 229 2036 vn,
255 1995 341 2038 149;
366 1997 452 2032 dens
474 1997 561 2039 554;
588 1998 699 2032 caseis
722 1998 808 2039 617;
835 1999 941 2033 arbor
966 1997 1067 2038 VIII,
1086 1997 1174 2039 289;
1192 1999 1302 2033 cratis
1318 1998 1380 2043 (de
1396 1999 1479 2034 tota
1497 1998 1631 2042 classe)

16 2047 33 2082 {-
147 2053 229 2090 292.
278 2054 338 2090 Sic
355 2067 468 2101 saepe
486 2056 601 2092 etiam
620 2057 719 2102 apud
737 2057 829 2092 alios
845 2059 988 2102 poetas.
1039 2057 1212 2102 Reppulit
1229 2059 1355 2093 autem
1371 2058 1632 2103 praedicatum

147 2112 191 2149 in
203 2113 380 2160 singulari
405 2127 559 2151 numero
575 2115 739 2160 positum
756 2116 805 2150 ad
822 2116 942 2152 solum
956 2117 1143 2162 posterius
1160 2117 1370 2152 subiectum
1386 2117 1632 2162 grammatice

24 2207 26 2210 ,
56 2182 94 2229 ,ᾗ
149 2171 320 2215 refertur,
360 2185 444 2209 cum
480 2174 595 2210 etiam
632 2175 681 2209 ad
715 2175 818 2220 prius
854 2175 1053 2221 pertineat,
1092 2176 1159 2211 cfr.
1192 2176 1243 2211 ad
1267 2175 1294 2215 L
1322 2176 1391 2211 136
1423 2178 1462 2212 et
1486 2176 1630 2212 Kuehn.

38 2250 70 2264 κ
147 2242 304 2277 gramm
329 2233 396 2269 lat.
422 2233 471 2275 Π,
499 2234 553 2275 13,
587 2246 617 2270 c.
678 2234 868 2270 Incertum
906 2236 972 2276 est,
1011 2236 1136 2270 utrum
1172 2238 1287 2281 poeta
1323 2235 1447 2271 verbis
1484 2247 1634 2280 sparsae

26 2310 28 2314 v
147 2291 302 2331 iuba—
326 2293 461 2338 hydrae
485 2304 625 2338 angues
659 2293 823 2329 indicare
860 2294 1020 2329 voluerit
1057 2294 1301 2330 Eumenidum
1340 2306 1388 2330 an
1424 2296 1632 2331 monstrum

63 2385 71 2406 Ι,
85 2376 98 2403 3
148 2348 251 2393 illud,
276 2351 376 2396 quod
398 2351 498 2387 intus
523 2352 563 2387 in
592 2352 751 2388 Tartaro
790 2353 839 2387 ad
876 2353 1160 2389 custodiendum
1197 2354 1327 2390 sedere
1353 2354 1464 2400 Verg.
1503 2357 1634 2390 narrat

30 2407 77 2460 ἑῑὲἱ
149 2408 240 2445 Aen.
264 2409 327 2449 VI,
353 2410 432 2447 576.

34 2478 110 2515 fr·
241 2479 372 2513 epoesa
394 2470 510 2515 hydra
535 2463 592 2506 est
616 2482 656 2506 se
680 2471 885 2517 porrigens
916 2484 1148 2517 promovens,
1181 2485 1436 2519 prorumpam,
1468 2476 1511 2508 ut
1536 2473 1631 2509 Stat.

18 2559 21 2582 ὲ
150 2524 267 2565 Theb.
290 2526 354 2570 VI,
379 2529 449 2564 443
473 2541 546 2575 seq.
574 2530 620 2565 de
647 2541 741 2575 equo
765 2531 917 2566 Adrasti
942 2532 1034 2567 dicit
1058 2543 1131 2567 non
1147 2534 1325 2568 cohibente
1340 2535 1510 2579 maqistro
1529 2544 1631 2578 spar-

134 2585 248 2630 fitur
268 2587 310 2622 in
330 2598 454 2633 9yros;
481 2588 547 2625 cfr.
575 2589 654 2624 Val.
680 2590 710 2630 Ι,
736 2590 816 2624 422

22 2681 25 2708 7
245 2643 297 2680 Ut
322 2645 439 2682 Coeus
463 2647 598 2684 furoris
622 2648 754 2694 plenus
778 2650 956 2696 impetum
981 2651 1082 2691 facit,
1120 2652 1187 2687 sed
1214 2651 1363 2687 frustra.
1404 2652 1455 2687 sic
1483 2651 1631 2696 Cyzicus

24 2715 25 2720 ’
62 2719 106 2757 ζ
154 2714 309 2750 quoque·

1351 2772 1420 2805 15*
