1890 3100
234 222 321 265 494
759 221 795 257 Ο.
822 222 1002 257 VALERI
1027 222 1200 258 FLACOI

343 353 491 390 auxilia
518 353 767 392 Haemoniae
797 367 993 406 quaerens
1024 369 1094 406 pro
1123 368 1218 406 rege
1249 355 1419 394 carinae.

338 424 461 470 utque
492 419 630 470 procul
658 419 822 470 magicis
853 421 1044 471 spirantia
1071 425 1178 458 tecta
1205 421 1372 459 venenis

341 489 381 522 et
410 497 556 522 saevae
586 490 751 536 patuere
780 485 897 532 fores,
929 485 1143 537 oblataque
1174 491 1311 524 contra

339 549 480 596 omnia,
512 563 614 601 quae
643 550 782 598 Ponto,
814 564 917 603 quae
946 551 1128 589 manibus
1159 551 1261 589 eruit
1288 551 1376 589 imis

339 620 379 652 et
411 628 513 666 quae
543 616 762 666 sanguineo
792 616 912 655 lunae
944 616 1154 655 destrinxit
1183 616 1231 655 ab
1263 630 1342 664 ore,

340 685 449 718 ‘tune
480 681 670 732 sequeris'
702 682 756 719 ait
788 681 1018 734 ‘quidquam
1047 687 1114 720 aut
1142 683 1294 734 patiere
1324 681 1565 733 pudendum,

340 759 429 783 cum
457 745 529 783 tibi
557 751 616 784 tot
644 752 790 785 mortes
821 747 1064 799 scelerisque
1093 748 1329 786 brevissima
1357 748 1457 786 tanti

335 809 518 861 effugia?⁷
548 811 647 849 haec
679 811 827 859 dicens,
860 826 938 864 qua
965 826 1046 850 non
1073 812 1250 851 velocior
1277 812 1360 851 ulla

337 877 462 927 pestis
493 882 578 914 erat
605 882 688 914 toto
718 877 962 929 nequiquam
990 878 1139 916 lumine
1167 878 1320 925 lustrat,

338 947 626 994 cunctaturque
657 955 777 994 super
804 943 1074 995 morituraque
1105 943 1255 995 colligit
1283 944 1380 982 iras:

320 1066 397 1100 329.
451 1077 541 1111 quae
566 1067 694 1112 Ponto,
736 1078 824 1112 quae
849 1068 1013 1102 manibus
1038 1069 1130 1103 erait
1160 1068 1256 1110 imis;
1295 1068 1405 1114 Verg.
1434 1068 1500 1105 ecl.
1527 1067 1628 1110 VIH,
1667 1067 1713 1103 95

227 1126 313 1160 haee
339 1126 456 1161 Ponto
493 1127 580 1162 mihi
615 1128 704 1161 tecta
740 1137 873 1161 venena
900 1127 983 1171 Ipse
1009 1127 1103 1162 dedit
1129 1127 1274 1169 Moeris,
1320 1131 1519 1163 naseuntur
1550 1129 1713 1172 plurima

228 1183 358 1220 Ponto.
394 1186 558 1221 manibus
581 1186 663 1222 imis
688 1186 709 1222 i.
737 1197 766 1221 e.
794 1186 983 1232 sepulcris.

317 1245 397 1281 330.
447 1247 645 1290 sanguinea
670 1247 790 1281 lanam
816 1246 1001 1282 distrinxit
1026 1248 1069 1282 ab
1086 1247 1145 1282 ira
1164 1247 1288 1290 codd.;
1314 1247 1508 1292 sanguineo
1527 1268 1571 1273 —
1591 1248 1635 1282 ab
1653 1258 1712 1283 ore

225 1304 372 1352 Heins.;
427 1305 615 1340 destrinxit
652 1305 792 1345 Burm.;
845 1306 950 1340 tanae
989 1306 1045 1341 ed.
1086 1306 1167 1343 Ald.
1203 1307 1242 1342 et
1267 1307 1376 1350 Bon.;
1427 1307 1474 1342 de
1500 1318 1540 1342 re
1567 1306 1635 1342 cfr.
1662 1306 1711 1342 ad

223 1362 285 1405 VI,
311 1363 391 1399 447.

317 1423 398 1458 331.
449 1423 588 1458 Rursus
615 1424 749 1459 Medea
775 1425 906 1459 haeret
932 1424 1085 1465 incerta,
1113 1425 1200 1469 quid
1227 1424 1353 1461 faciat.

317 1482 398 1518 333.
448 1484 600 1518 velocius
624 1483 741 1524 codd„
769 1484 918 1519 velocior
943 1484 1153 1521 Dorvillius.

318 1542 398 1577 334.
443 1543 653 1587 pestiferam
673 1543 789 1584 codd„
800 1544 914 1587 pestis
931 1547 1007 1578 erat
1023 1543 1223 1579 Dorvillius
1234 1557 1242 1586 ;
1264 1545 1377 1588 pestis
1396 1544 1443 1580 de
1469 1544 1544 1580 aeri
1561 1556 1705 1580 veneno

216 1601 358 1647 legitur
386 1603 498 1637 etiam
524 1602 606 1638 Sen.
635 1603 731 1638 Med.
760 1603 839 1638 720.

314 1665 384 1697 toto
413 1682 454 1687 —
482 1663 612 1697 lamine
636 1662 658 1697 i.
688 1674 718 1698 e.
744 1662 814 1697 mit
841 1663 905 1698 der
931 1674 1074 1707 ganzen
1099 1663 1210 1698 Kraft
1236 1663 1302 1698 der
1327 1663 1480 1709 Augen3
1524 1663 1590 1701 cfr.
1624 1662 1706 1700 Sen.

217 1720 356 1756 Phoen.
386 1721 453 1756 155
478 1733 572 1756 nune
597 1725 668 1757 toto
692 1722 835 1768 impetu,
862 1726 932 1758 toto
951 1723 1077 1765 dolore,
1105 1723 1239 1758 viribus
1257 1723 1339 1758 totis
1357 1724 1437 1759 veni
1445 1737 1452 1766 ;
1482 1723 1560 1759 Cat.
1587 1723 1643 1770 64,
1662 1723 1708 1759 69

221 1784 294 1816 toto
320 1791 362 1815 ex
386 1785 419 1816 te
438 1785 590 1826 pectore,
621 1782 763 1822 Thesea,
795 1782 880 1817 Toto
913 1783 1041 1826 animo,
1079 1786 1154 1818 tota
1186 1782 1364 1826 pendebat
1392 1783 1538 1827 perdita
1574 1787 1705 1831 mente3

219 1839 284 1876 Ov.
313 1839 400 1876 fast.
426 1839 487 1881 VI,
515 1840 584 1874 464
610 1851 672 1875 nee
690 1842 866 1886 populum
892 1845 963 1877 toto
983 1846 1126 1886 pectore
1148 1842 1245 1884 festa
1268 1843 1404 1878 iuvant.

311 1900 548 1944 nequidquam
590 1901 738 1936 lustrat:
796 1901 831 1936 vi
878 1901 1004 1936 divina
1052 1901 1187 1937 Medea
1234 1901 1462 1947 prohibetur,
1511 1901 1706 1949 quominus

216 1969 363 1994 venena
388 1959 549 2001 letifera,
578 1972 672 2006 quae
699 1961 747 1996 ad
772 1962 927 1996 m01tem
947 1961 1018 1996 sibi
1036 1961 1336 1997 consciscendam
1355 1961 1512 2008 quaerit,
1538 1961 1706 1998 invenire

216 2018 345 2062 possit.

312 2077 392 2113 335.
443 2078 526 2113 Iam
550 2079 632 2124 ipsa
657 2091 801 2125 quoque
829 2081 1020 2115 cunctatur
1046 2080 1234 2116 sententia
1259 2092 1384 2116 rursus
1409 2081 1566 2116 mutata.
1598 2116 1605 2123 ,

312 2138 443 2183 colliqit
466 2139 542 2174 iras
568 2139 742 2185 ambigue
783 2140 933 2176 dictum.
997 2140 1034 2176 Si
1070 2141 1362 2187 interpretamur
1393 2140 1595 2177 seeundum
1633 2139 1704 2175 usi-

217 2197 340 2231 tatam
365 2197 563 2243 notionem,
591 2210 686 2244 quae
711 2199 837 2235 multis
862 2201 1059 2245 poetarum
1084 2200 1174 2236 locis
1201 2201 1448 2242 confirmatur,
1475 2199 1580 2236 velut
1597 2199 1702 2235 Lucr.

213 2254 243 2296 I,
272 2255 369 2297 723.;
397 2256 533 2292 Lucan.
561 2257 588 2299 I,
615 2258 703 2300 207;
732 2258 779 2302 ΙΙ,
806 2259 867 2301 93;
894 2259 974 2295 Val.
1002 2259 1050 2300 II,
1077 2259 1162 2301 354;
1190 2259 1275 2295 Hor.
1304 2259 1394 2294 artis
1413 2271 1450 2304 p.
1478 2258 1564 2301 160;
1591 2258 1702 2304 Verg.

214 2313 307 2350 Aen.
357 2314 419 2356 IX,
448 2315 515 2357 63;
568 2317 633 2352 Ov.
660 2319 746 2353 met.
773 2318 801 2359 I,
829 2318 916 2360 2343
959 2318 1027 2359 ΙΙΙ,
1055 2318 1141 2361 258;
1181 2319 1245 2360 IX,
1285 2319 1364 2362 212,
1405 2318 1448 2353 ut
1473 2317 1704 2363 significetur

215 2372 311 2408 iram
337 2375 476 2420 augeri,
504 2376 672 2412 Medeam
701 2378 943 2412 statuendum
982 2379 1039 2414 est
1064 2378 1134 2413 sibi
1172 2378 1290 2424 ipsam
1314 2377 1433 2420 irasci,
1473 2377 1572 2422 quod
1609 2377 1705 2413 mori

215 2433 377 2469 voluerit
404 2440 494 2470 ‘sese
520 2435 655 2470 mirata
681 2435 867 2472 furentem
895 2438 978 2479 ent';
1017 2437 1083 2473 sed
1107 2438 1262 2483 propter
1287 2438 1380 2473 haec
1413 2436 1495 2483 ipsa
1520 2437 1637 2473 verba
1664 2438 1703 2473 et

216 2504 348 2529 vocem
374 2494 575 2530 cunctandi
601 2496 640 2530 et
666 2507 697 2529 v.
725 2496 794 2530 336
820 2496 1032 2532 sententiae
1058 2497 1175 2532 multo
1201 2496 1515 2532 accommodatius
1541 2496 1700 2538 videtur,

217 2553 260 2587 ut
286 2552 452 2589 dieamus
477 2554 634 2590 Medeae
659 2554 754 2590 iram
779 2559 897 2591 morte
922 2556 1131 2601 propinqua
1156 2556 1232 2591 iam
1269 2567 1494 2592 evanescere
1522 2568 1703 2592 amorem-

216 2623 286 2657 que
312 2612 413 2649 vitae
439 2613 580 2649 redire:
607 2614 731 2659 itaque
756 2616 848 2650 iram
873 2616 1032 2660 eolliyere
1056 2615 1157 2651 idem
1177 2615 1278 2651 valet
1305 2617 1415 2660 atque
1441 2615 1606 2658 cohibere,
1634 2617 1701 2655 efr.

157 2720 159 2727 ἲ
216 2670 279 2709 Sil.
297 2671 360 2714 IX,
379 2673 448 2707 477
473 2673 514 2708 ni
529 2674 670 2709 desistis
689 2696 730 2700 —
749 2685 811 2709 nee
836 2675 973 2720 eolliyis
994 2675 1095 2716 iram,
1123 2675 1262 2720 Aeyida
1280 2675 1500 2719 praecellant
1525 2681 1697 2720 quantum
