1890 3100
645 174 1034 212 ARGONAVTIGON
1057 174 1204 210 LIBER
1221 174 1283 210 VI.
1622 176 1708 218 447

328 307 525 347 Colchida
553 313 594 346 et
621 307 740 346 invisi
767 319 896 358 genus
925 319 1043 344 omne
1071 304 1306 344 exscindere
1335 305 1501 343 Phoebi.

326 378 412 411 tum
440 386 536 411 vero
566 373 711 424 optatis
739 372 905 424 potitur;
933 384 1010 409 nec
1037 383 1158 422 passa
1184 371 1341 422 precari
1449 358 1452 362 ¹

326 438 495 476 ulterius
525 437 635 476 dedit
664 450 755 475 acre
784 436 907 475 decus
935 434 1189 486 fecundaque
1218 436 1404 473 monstris
1710 445 1765 476 470

327 502 501 554 cingula,
531 516 613 541 non
639 503 769 554 pietas
799 501 943 553 quibus
971 505 1040 538 aut
1069 499 1253 538 custodia
1279 500 1425 549 famae,

222 660 344 699 ducta,
370 658 468 703 quod
500 657 670 702 concepit
693 655 733 690 in
757 655 878 691 Solem
916 655 1067 700 eiusque
1099 653 1329 699 progeniem.
1379 653 1574 688 Furtivum
1611 653 1711 689 enim

218 717 351 753 Martis
389 719 428 752 et
451 715 606 752 Veneris
643 725 810 750 amorem
834 714 896 749 Sol
932 714 1098 749 Vulcano
1136 715 1346 759 aperuerat,
1384 713 1445 758 qui
1482 712 1710 748 adulterium

218 777 344 813 uxoris
369 787 451 811 cum
475 774 645 810 irrisione
671 777 709 809 et
730 773 892 808 ludibrio
916 773 1016 808 ultus
1042 774 1110 814 est,
1137 773 1184 808 de
1209 784 1282 817 quo
1322 772 1446 817 lepida
1481 772 1548 807 illa
1585 773 1711 808 exstat

217 834 385 871 narratio
404 835 511 870 Hom.
538 833 608 869 Od.
632 833 735 874 VIII,
760 833 831 867 266
855 843 972 878 seqq.;
999 832 1066 867 cfr.
1087 832 1155 868 Ov.
1181 831 1273 866 artis
1298 831 1348 873 Π,
1375 831 1445 866 573
1470 842 1593 876 seqq.;
1619 832 1711 876 met,

217 895 280 937 IV,
307 895 375 929 171
400 905 520 939 seqq.;
543 892 693 928 Anthol.
717 892 785 927 lat.
810 892 882 926 420
905 892 948 927 Β.
999 891 1134 927 Odium
1160 891 1312 927 Veneris
1336 891 1376 925 in
1402 890 1526 926 Solem
1562 890 1711 936 saepius

218 965 242 989 a
264 952 387 999 poetis
413 957 453 988 et
490 963 613 988 rerum
651 951 990 996 mythologiearum
1027 950 1270 996 scriptoribus
1308 951 1631 991 commemoratur,
1668 951 1712 984 ut

218 1013 285 1049 ΟΥ.
310 1014 399 1048 met.
425 1011 520 1052 XIV,
546 1011 609 1053 273
636 1010 719 1046 Sen.
744 1010 905 1046 Phaedr.
933 1010 1020 1051 124;
1062 1009 1160 1054 Hyg.
1185 1009 1263 1045 fab.
1290 1009 1375 1052 148;
1414 1008 1516 1044 Serv.
1543 1009 1593 1044 ad
1620 1010 1711 1046 Aen.

217 1073 280 1114 VI,
307 1073 368 1115 14;
393 1072 511 1117 myth.
537 1071 620 1106 Vat.
648 1071 679 1110 1,
705 1071 768 1111 43;
794 1070 844 1115 ΙΙ,
871 1070 957 1111 121;
984 1069 1097 1112 schol.
1124 1068 1219 1104 Stat.
1246 1070 1335 1104 Ach.
1361 1069 1390 1113 L
1416 1069 1497 1104 192.

311 1143 391 1178 469.
442 1142 575 1187 optatis
593 1142 736 1186 potitur
761 1140 829 1175 ‘ihr
854 1140 1018 1175 Wunsch
1056 1140 1149 1185 geht
1186 1139 1224 1174 in
1249 1139 1475 1185 Erfi‘illung':
1514 1139 1579 1175 Ov.
1618 1140 1707 1175 met.

218 1203 316 1244 XIV,
343 1202 412 1237 136
436 1202 570 1246 optatis
588 1201 727 1245 potiere
751 1201 838 1241 tui&
877 1199 1013 1234 dicitur
1037 1200 1079 1234 ut
1103 1200 1177 1234 voti
1200 1203 1390 1243 compotem
1417 1210 1489 1234 esse
1522 1199 1584 1235 vel
1619 1199 1710 1241 fieri.

321 1273 404 1309 470.
453 1284 535 1308 acre
558 1273 664 1307 decus
688 1273 757 1317 est,
793 1271 892 1316 quod
916 1270 990 1305 vim
1016 1282 1141 1306 acrem
1164 1270 1325 1312 habeat;
1364 1270 1416 1305 sic
1442 1281 1571 1306 arcus
1609 1281 1709 1306 acres

225 1333 467 1368 nominantur
492 1331 594 1378 apud
618 1331 730 1376 Verg.
755 1331 847 1366 Aen.
872 1330 950 1370 VII,
977 1329 1062 1374 1643
1086 1328 1150 1370 IX,
1176 1329 1258 1364 665.

311 1403 392 1438 471.
442 1402 527 1438 Non
552 1402 644 1437 satis
668 1403 772 1437 recte
797 1401 977 1444 Valerius,
1019 1412 1102 1436 cum
1139 1400 1241 1446 loqui
1279 1400 1394 1436 vellet
1434 1400 1482 1436 de
1518 1400 1571 1440 vi,
1616 1411 1712 1446 quae

217 1462 375 1508 cingulis
399 1462 551 1507 inesset,
589 1473 648 1497 res
673 1461 798 1506 ipsas
824 1460 980 1505 cingulis
1006 1459 1121 1495 fuisse
1159 1459 1261 1499 dicit,
1299 1471 1394 1505 quae
1432 1461 1484 1495 eis
1523 1459 1711 1495 efficie-

216 1515 404 1564 bantur;
428 1522 511 1556 tum
526 1521 645 1556 malas
669 1521 820 1555 tantum
838 1521 939 1555 artes
965 1519 1113 1564 cingulo
1131 1519 1274 1560 tribuit,
1300 1519 1419 1555 bonas
1443 1519 1565 1554 inesse
1583 1520 1709 1564 negat,

221 1577 301 1616 cum
320 1580 501 1616 Homerus
526 1579 664 1615 rectius
690 1579 737 1615 de
761 1579 797 1613 vi
822 1578 997 1614 universa
1021 1580 1160 1622 narret,
1187 1589 1282 1623 quae
1308 1578 1456 1623 cingulo
1477 1578 1709 1620 continetur;

221 1639 337 1676 etiam
359 1639 453 1674 illud
482 1639 624 1675 melius.
664 1638 762 1684 quod
786 1638 969 1673 Homerus
993 1640 1167 1683 θελκτήρια
1203 1631 1382 1679 nominat,
1420 1649 1516 1682 quae
1541 1637 1711 1673 Valerius

218 1703 388 1735 monstra.
450 1698 591 1734 Verum
634 1709 679 1734 ea
718 1710 758 1733 re
801 1698 983 1733 deductus
1026 1699 1083 1733 est
1122 1698 1237 1742 poeta
1277 1697 1466 1732 Romanus
1509 1697 1558 1732 ad
1604 1708 1710 1732 suam

220 1757 519 1804 descriptionem,
557 1757 658 1802 quod
682 1757 855 1792 Medeam
878 1756 987 1802 fingit
1010 1756 1195 1801 virginem
1220 1756 1468 1791 castissimam
1494 1758 1532 1792 et
1556 1755 1710 1802 pudoris

218 1816 483 1863 plenissimam,
508 1827 602 1862 quae
625 1818 758 1862 postea
783 1827 932 1851 omnem
954 1816 1137 1861 pietatem
1150 1817 1189 1851 et
1206 1816 1389 1861 pudorem
1407 1815 1583 1856 amiserit,
1610 1815 1710 1860 quod

221 1876 303 1912 fieri
326 1887 402 1911 non
425 1875 626 1921 potuisset,
650 1875 722 1910 nisi
745 1875 782 1909 vi
808 1875 969 1920 quadam
992 1875 1284 1920 inexsuperabili
1307 1875 1355 1910 ad
1379 1886 1495 1920 prave
1521 1874 1710 1919 agendum

221 1935 375 1970 detrusa
399 1936 514 1976 esset;
552 1935 623 1970 hoc
648 1936 776 1970 autem
799 1934 921 1979 ipsum
944 1934 982 1968 vi
996 1934 1134 1979 cinguli
1158 1934 1239 1969 fieri
1258 1934 1427 1969 videmus
1453 1944 1608 1979 eamque
1632 1933 1710 1968 vim

221 1994 272 2030 ad
294 1994 435 2029 malam
469 2005 551 2029 rem
587 1994 836 2029 deducentem
867 1993 986 2028 solam
1021 1993 1140 2029 menti
1175 1995 1312 2038 poetae
1350 1993 1590 2028 obversatam
1628 2004 1708 2028 esse

221 2055 514 2089 consentaneum
539 2055 607 2088 est.
656 2053 749 2088 Inde
775 2053 890 2088 etiam
927 2053 1115 2098 explicare
1153 2053 1244 2088 licet
1279 2065 1314 2088 v.
1340 2052 1421 2094 474,
1458 2064 1531 2097 quo
1568 2051 1708 2098 aliquid

221 2112 443 2153 continetur,
478 2112 577 2158 quod
601 2123 623 2147 a
648 2112 686 2146 vi
711 2111 847 2157 cinguli
883 2112 1043 2148 alienum
1069 2112 1130 2157 sit,
1170 2112 1238 2148 sed
1278 2112 1418 2157 optime
1459 2112 1509 2147 ad
1533 2112 1708 2147 Iasonem

221 2170 371 2217 eiusque
395 2171 563 2217 pericula
588 2172 626 2207 et
650 2172 793 2206 metum
809 2171 966 2207 Medeae
992 2173 1031 2207 et
1055 2171 1231 2206 auxilium
1257 2172 1305 2206 ab
1332 2182 1378 2207 ea
1401 2171 1521 2206 latum
1538 2171 1707 2216 quadret.

222 2228 397 2266 Ceterum
435 2232 574 2276 poetae
599 2230 760 2265 Romani
800 2230 989 2275 cingulum
1018 2230 1173 2266 Veneris
1215 2242 1299 2266 eam
1334 2230 1491 2266 formam
1533 2230 1707 2266 habuisse

220 2289 353 2326 animis
392 2289 652 2334 informarunt,
706 2291 749 2324 ut
786 2289 880 2325 collo
920 2291 1136 2335 portaretur
1177 2291 1290 2335 atque
1327 2301 1442 2336 usque
1486 2290 1535 2324 ad
1574 2291 1707 2335 pectus

221 2347 424 2395 decideret,
455 2348 531 2384 vid.
556 2349 668 2385 Mart.
693 2348 755 2393 Vl,
797 2348 852 2389 13,
894 2349 917 2383 ὅ
941 2360 1016 2394 seq.
1055 2349 1146 2384 ludit
1170 2349 1295 2395 (Iulias
1322 2349 1498 2391 Acidalio,
1538 2349 1600 2384 sed
1634 2359 1707 2385 non

219 2417 348 2443 masma
371 2418 511 2452 aspera,
536 2407 630 2443 nodo
657 2406 765 2452 Quem
789 2409 914 2452 rapuit
937 2409 1063 2450 collo,
1084 2419 1200 2453 parve
1226 2408 1372 2453 Cupido,
1399 2412 1476 2450 tuo3
1512 2407 1610 2453 XIV,
1635 2407 1706 2443 206

221 2466 678 2511 eononoetepuermeros
710 2477 857 2511 amores,
893 2468 1078 2503 cestonde
1116 2467 1367 2503 Veneris-vinu
1404 2468 1586 2511 calentem
1623 2469 1704 2502 tum

220 2525 295 2560 vid.
334 2525 564 2562 christodori
601 2526 725 2572 ecphr.
764 2526 904 2562 anthol.
943 2526 1018 2564 Pal.
1055 2526 1104 2571 Π,
1129 2526 1175 2562 99
1216 2538 1314 2573 seqq.
1352 2527 1410 2563 ed.
1448 2527 1492 2563 D.
1536 2526 1635 2572 ἄλλην
1672 2527 1697 2563 8

222 2584 431 2631 εὐπατέρειαν
449 2584 524 2621 ἴδον
548 2591 669 2632 χρυσῆν
703 2585 900 2631 Ἀφροδίτην
932 2588 1063 2632 Γυμνὴν
1094 2587 1351 2632 παμφανόωσαν
1377 2597 1383 2603 “
1410 2585 1462 2622 ἐπὶ
1491 2585 1633 2631 στέρνων
1665 2586 1704 2622 δὲ

221 2642 353 2689 haim<
376 2643 521 2691 Αὖχένος
556 2643 590 2687 ἐξ
625 2646 761 2681 ὑπάτοιο
796 2646 904 2691 χυθεὶς
940 2643 1095 2686 ἐλελίζετο
1131 2646 1246 2687 κεστός
1283 2647 1321 2681 et
1350 2657 1386 2681 v.
1412 2645 1481 2681 288
1512 2657 1612 2691 seqq.
1650 2646 1705 2681 καὶ
