1890 3100
273 250 358 292 146
817 249 854 287 C.
883 250 1059 285 VALERI
1085 250 1258 286 FLACCI

377 367 603 421 letalesque
632 368 756 421 dapes
784 369 1013 422 infectaque
1041 369 1187 421 pocula
1215 383 1344 408 cerno.

378 433 454 472 scis
486 434 614 472 simile
642 440 687 472 ut
714 435 882 473 fiammis
912 435 1033 473 simus
1062 448 1209 486 genus3
1241 434 1344 473 adde
1374 435 1550 474 cruentis

379 498 485 550 quod
512 499 684 550 patrium
713 500 868 538 saevire
897 500 1038 538 Dahis.
1095 501 1174 538 iam
1202 500 1307 539 lacte
1335 500 1474 548 ferino,

376 564 454 602 iam
483 564 619 603 veniet
648 564 789 603 durata
815 566 922 616 gelu.
979 564 1052 603 sed
1079 579 1142 604 me
1173 579 1331 617 quoque
1360 566 1516 617 pulsam

377 629 483 667 fama
510 630 608 676 viro,
637 636 876 683 nostrosque
906 637 1013 669 toros
1043 632 1201 682 virgata
1229 631 1383 669 tenebit

378 700 418 733 et
444 695 622 746 plaustro
652 695 818 748 derepta
844 699 991 734 nurus.'
1049 697 1105 734 sic
1133 696 1216 734 fata
1245 696 1445 748 querellas

378 761 547 799 abscidit
575 768 616 800 et
644 763 748 800 curis
775 762 961 814 pavidam
990 763 1244 815 lacrimisque
1272 763 1474 814 relinquit.

376 827 519 865 transit
547 827 597 865 ad
624 827 822 879 Iphinoen
849 827 1057 880 isdemque
1083 828 1349 879 Amythaonis
1378 827 1518 880 implet

379 891 593 944 Oleniique
623 892 782 931 domum
811 893 940 941 furiis,
970 899 1095 932 totam
1123 893 1217 932 inde
1246 907 1318 945 per
1345 893 1485 931 urbem

376 963 576 1008 personat,
607 963 652 996 ut
681 963 843 996 cunctas
875 959 1028 1009 agitent
1057 958 1262 1010 expellere
1291 959 1456 1005 Lemno,

375 1023 451 1074 ipsi
480 1023 619 1061 urbem
647 1023 931 1075 Thressaeque
960 1029 1112 1075 regant.
1172 1023 1284 1061 dolor
1311 1024 1450 1075 iraque
1481 1023 1619 1074 surgit.

365 1177 443 1212 155.
493 1177 627 1219 infecta
651 1189 699 1213 sc.
726 1188 882 1219 veneno,
909 1178 952 1212 ut
976 1177 1023 1219 Π,
1050 1177 1139 1220 496;
1175 1177 1258 1218 VH,
1285 1177 1372 1223 5523
1409 1177 1547 1214 Lucan.
1572 1176 1654 1219 VII,
1673 1177 1753 1212 851.

364 1236 442 1272 156.
492 1237 825 1282 scis—ut-simus;
855 1241 896 1272 ut
931 1236 1118 1282 particula
1154 1237 1178 1273 i.
1217 1248 1248 1272 0.
1285 1236 1455 1282 quomodo
1484 1236 1636 1282 ponitur
1667 1237 1755 1282 post

267 1295 386 1331 verba
415 1295 563 1331 dicendi
589 1296 628 1331 et
653 1295 839 1332 sentiendi
863 1307 931 1341 pro
958 1295 1170 1332 accusativo
1191 1307 1274 1331 cum
1290 1295 1474 1331 infinitivo
1492 1295 1606 1332 etiam
1625 1295 1755 1330 statim

266 1355 364 1390 infra
389 1355 474 1398 164;
503 1354 568 1391 cfr.
593 1356 793 1400 praeterea
818 1356 929 1401 Verg.
956 1366 1083 1400 georg.
1109 1355 1137 1397 Ι,
1172 1355 1233 1398 56;
1273 1355 1390 1400 eclog.
1427 1354 1488 1396 IV,
1528 1355 1588 1397 52;
1626 1355 1668 1396 V,
1707 1353 1750 1396 6;

261 1410 403 1460 legitur
427 1414 466 1449 in
489 1425 602 1460 prosa
627 1425 770 1460 quoque
797 1414 966 1450 oratione
990 1415 1094 1450 velut
1121 1414 1193 1452 Cic.
1222 1415 1268 1450 de
1292 1415 1354 1450 fin.
1379 1414 1422 1456 V,
1447 1414 1505 1452 48.
1655 1461 1660 1465 ξ

360 1473 438 1511 157.
482 1475 646 1518 patrium
669 1474 804 1508 saevire
829 1474 964 1516 Dakis;
1002 1485 1070 1519 pro
1104 1473 1309 1509 Thracibus
1342 1473 1511 1509 omnibus
1542 1472 1754 1509 nominavit

262 1533 434 1569 Valerius
461 1534 603 1568 certam
628 1533 835 1578 quamlibet
860 1534 1013 1578 gentem
1045 1544 1134 1568 sane
1164 1544 1267 1568 more
1300 1532 1460 1579 poet-ico,
1493 1533 1534 1567 at
1565 1533 1635 1568 hoc
1665 1532 1748 1567 loco

263 1604 358 1637 eam,
385 1603 480 1638 quae
505 1592 718 1637 101131εείωο
744 1604 766 1627 a
791 1591 950 1627 Thracia
974 1593 1117 1628 remota
1141 1591 1290 1627 habitet
1322 1592 1370 1626 ad
1394 1591 1500 1627 littus
1524 1591 1635 1627 maris
1663 1590 1753 1626 Cas-

261 1651 315 1697 pii
342 1652 380 1687 et
404 1651 501 1687 inter
526 1651 682 1696 Scythas
716 1652 942 1692 numeretur,
984 1651 1058 1687 vid.
1090 1650 1183 1687 Plin.
1214 1652 1292 1688 nat.
1324 1650 1409 1686 hist.
1441 1649 1502 1692 VI,
1534 1650 1595 1693 50;
1623 1649 1747 1688 Strab.

262 1710 345 1753 VII,
371 1711 404 1756 3,
431 1711 492 1758 123
518 1710 580 1752 XI,
607 1711 639 1756 8,
666 1710 704 1752 2;
731 1711 797 1746 sed
823 1711 971 1746 omnino
995 1711 1110 1756 poeta
1136 1709 1358 1755 Scytharum
1383 1711 1423 1746 et
1447 1709 1634 1746 Thracum
1657 1722 1748 1756 gen-

262 1771 321 1806 tes
345 1770 385 1805 in
409 1782 523 1805 unum
549 1769 755 1815 confundit,
782 1769 846 1805 cfr.
875 1770 923 1805 ad
947 1769 1009 1812 VI,
1036 1769 1093 1807 42.

358 1831 446 1865 lacte
467 1830 584 1872 ferino
609 1829 632 1865 i.
660 1841 689 1864 e.
727 1829 875 1875 equino;
909 1829 975 1866 cfr.
1007 1829 1118 1874 Verg.
1151 1831 1243 1864 Aen.
1274 1828 1335 1870 XI,
1369 1829 1454 1871 571;
1480 1829 1747 1875 Hippemolgos

262 1890 416 1935 gentem
442 1888 655 1935 Scythicam
681 1890 974 1924 commemorant
998 1888 1105 1925 Hom.
1132 1887 1172 1923 Π.
1200 1887 1298 1929 XUI,
1325 1888 1363 1930 5;
1391 1887 1514 1924 Strab.
1539 1888 1621 1930 VII,
1647 1889 1679 1930 3,
1707 1890 1746 1934 23

263 1948 375 1985 Prisc.
401 1948 541 1994 perieg.
568 1948 654 1994 301;
681 1947 746 1983 cfr.
776 1947 891 1983 etiam
917 1948 962 1983 ad
989 1947 1031 1987 V,
1059 1947 1139 1984 603.
1166 1938 1167 1942 ’

357 2008 436 2044 158.
487 2008 619 2043 durata
640 2008 721 2052 yelu
739 2019 787 2042 sc.
806 2007 932 2052 pelex;
960 2007 1027 2043 cfr.
1053 2007 1148 2043 Stat.
1165 2007 1255 2042 Ach.
1282 2006 1332 2048 II,
1358 2006 1428 2042 393
1445 2007 1642 2052 durataque
1658 2009 1745 2043 mul-

262 2071 297 2103 to
324 2067 406 2103 Sole
429 2068 575 2113 yeluque
600 2068 707 2109 cutis;
735 2067 781 2102 de
807 2066 947 2112 frigore
973 2066 1155 2102 Thraciae
1182 2067 1296 2102 notae
1313 2067 1400 2102 sunt
1420 2066 1593 2111 querelae
1613 2066 1751 2110 Ovidii;.

261 2126 327 2162 cfr.
352 2126 449 2161 infra
472 2138 507 2164 v.
534 2127 614 2163 177.

357 2185 435 2221 159.
486 2187 627 2231 viryata
652 2197 674 2221 a
698 2185 883 2221 nonnullis
916 2185 962 2221 de
994 2186 1099 2221 veste
1134 2185 1275 2220 dictum
1305 2185 1548 2231 intellegitur,
1579 2185 1646 2222 sed
1676 2187 1745 2222 hoc

262 2245 412 2290 quidem
437 2245 517 2280 loco
543 2245 622 2280 sine
649 2244 763 2280 dubio
781 2244 917 2281 rectius
936 2244 1142 2290 explicatur
1163 2244 1210 2280 de
1227 2256 1381 2290 corpore
1397 2244 1495 2280 notis
1513 2245 1749 2291 compuncto,

262 2304 361 2349 quod
385 2303 459 2338 iam
486 2314 598 2349 supra
622 2304 737 2348 poeta
762 2303 944 2348 tetigerat
968 2316 1003 2339 v.
1030 2304 1106 2338 150.
1157 2303 1300 2339 Eadem
1325 2303 1512 2339 sententia
1536 2304 1655 2349 virque
1689 2304 1744 2338 di-

254 2364 394 2400 cuntur
419 2363 467 2397 ab
495 2363 560 2399 Ov.
588 2364 655 2397 art.
683 2362 751 2402 III.
778 2362 848 2397 269
866 2363 1009 2407 pallida
1027 2364 1226 2407 purpureis
1250 2367 1376 2408 tauyat
1398 2374 1467 2398 sua
1490 2373 1641 2407 corpora
1671 2365 1742 2399 vir-

258 2423 325 2468 92‘3.
353 2421 413 2457 Sic
438 2421 538 2467 apud
561 2421 792 2456 Nicandrum
818 2421 987 2458 Theriac.
1016 2422 1083 2456 725
1109 2424 1224 2468 ῥάβδοι
1249 2421 1422 2457 dicuntur
1446 2421 1493 2457 de
1517 2421 1624 2462 notis,
1653 2433 1749 2467 quas.
1807 2453 1810 2454 ⁷

264 2492 426 2517 araneae
451 2481 636 2526 quaedam
659 2481 698 2515 in
732 2492 886 2526 corpore
912 2481 1063 2516 habent.

355 2540 434 2576 160.
484 2540 617 2575 directa
631 2539 728 2577 vat..
760 2540 905 2584 derepta
920 2540 1079 2576 Vossius.
1123 2540 1314 2576 Iudicatur
1332 2539 1412 2574 vita
1430 2539 1641 2575 Nomadum
1659 2551 1742 2575 cum

257 2600 435 2646 plaustris
451 2599 687 2646 vagantium;
705 2598 771 2634 cfr.
790 2598 837 2640 ΙΙ,
856 2599 925 2634 178
944 2600 982 2635 et
997 2599 1057 2640 VI,
1076 2599 1138 2641 803
1158 2599 1283 2635 Claud.
1301 2599 1348 2634 de
1366 2598 1427 2635 IV.
1449 2610 1546 2635 cons.
1564 2599 1657 2634 Hon.
1676 2599 1723 2634 53
1732 2612 1747 2641 ς.

260 2660 318 2695 est
341 2671 420 2694 mos
447 2658 667 2704 Scytharum
699 2658 910 2694 notissimus
945 2659 984 2694 et
1014 2669 1127 2703 saepe
1153 2658 1200 2693 ab
1233 2657 1394 2703 antiquis
1419 2659 1740 2695 commemoratus·

355 2718 435 2755 161.
485 2718 849 2762 curte—lacrimisque
875 2717 1020 2753 dativos
1045 2719 1149 2753 recte
1176 2717 1338 2763 explieat
1363 2717 1564 2753 Burmann.

1755 387 1813 416 155

1758 705 1814 735 160

1757 1025 1813 1055 165

1844 2927 1881 3100 fiffimssfs·
1851 2793 1885 2910 {⁸⁷¹²ssLTssT
1873 2707 1884 2731 ς
1865 2599 1888 2618 χ
1865 2555 1881 2582 0-
1869 2515 1875 2529 .-
