1890 3100
180 194 266 236 304
727 191 764 228 C.
790 191 972 227 VALERI
998 191 1172 227 FLACCI

285 312 392 362 regis
422 325 549 358 am0r;
592 318 769 350 montem
790 312 943 351 celeres
974 312 1195 363 silvamque
1226 318 1452 363 capessunt.

285 377 386 416 haec
416 391 513 425 sors,
543 378 645 416 haec
674 378 873 429 Amycum
901 378 1063 416 tandem
1093 390 1233 415 manus
1263 378 1389 415 arcuit
1417 378 1524 416 ausis

286 442 409 481 effera
438 449 666 481 servantem
695 444 813 482 Ponti
841 444 931 482 loca
957 444 1119 495 vimque
1148 443 1336 481 iuventae

285 508 513 546 continuam
543 514 583 547 et
611 510 745 560 magni
775 518 1002 561 sperantem
1031 515 1211 560 tempora
1238 508 1373 560 patris.

283 573 461 612 tenditur
487 574 557 612 ille
586 575 728 626 ingens
759 575 962 613 hominum
991 588 1115 626 pavor
1145 587 1322 626 arvaque
1350 573 1431 612 late
1665 588 1720 618 320

284 646 464 691 occupat,
495 640 635 678 annosi
663 640 791 678 veluti
821 641 854 678 si
883 639 1043 678 decidat
1072 640 1165 677 olim

278 718 370 756 pars
400 705 545 756 Erycis
574 706 641 744 vel
669 711 776 744 totus
805 706 954 754 Athos;
999 719 1077 758 qua
1105 705 1210 743 mole
1240 705 1406 743 iacentis

283 770 368 822 ipse
399 771 518 809 etiam
549 771 703 822 expleri
730 772 858 809 victor
885 771 1036 823 nequit,
1068 784 1216 823 oraque
1244 770 1365 821 longo

283 836 502 874 comminus
532 842 673 888 optutu
701 837 848 874 mirans
877 842 1000 874 tenet.
1032 842 1072 874 at
1099 849 1240 874 manus
1271 836 1396 873 omnis

281 901 448 939 heroum
479 901 613 940 densis
644 902 823 939 certatim
853 901 1103 952 amplexibus
1132 907 1316 952 urguent,
1664 909 1719 938 325

282 980 471 1018 armaque
501 967 606 1005 ferre
635 967 745 1004 iuvat
774 966 986 1018 fessasque
1016 966 1200 1005 attollere
1230 966 1395 1018 palmas.

284 1032 407 1070 ‘salve
436 1045 534 1070 vera
558 1032 678 1079 Iovis,
708 1045 806 1070 vera
835 1046 857 1070 o
885 1031 1005 1070 Iovis'
1035 1031 1212 1083 undique
1244 1031 1403 1083 ‘proles'

279 1097 537 1148 ingeminant,
571 1102 605 1136 ‘0
635 1097 899 1148 magnanimis
927 1096 1187 1135 memoranda
1213 1096 1424 1148 palaestris

280 1163 468 1214 Taygeta
497 1169 537 1201 et
564 1163 680 1214 primi
709 1162 808 1201 felix
836 1163 950 1201 labor
977 1162 1046 1201 ille
1076 1162 1285 1213 magistri?

282 1227 455 1279 dumque
486 1242 535 1267 ea
564 1228 670 1266 dicta
698 1228 844 1275 ferunt,
874 1235 1017 1266 tenues
1047 1233 1183 1266 tamen
1210 1228 1268 1266 ire
1298 1240 1460 1266 cruores
1665 1232 1720 1262 330

266 1354 346 1388 317.
397 1355 518 1399 arquit
542 1353 639 1390 Vat..
666 1354 784 1388 arcuit
808 1353 990 1388 Heinsius.

266 1413 347 1449 319.
396 1418 593 1458 sperantem
621 1418 781 1458 tempora
799 1414 921 1457 patris
945 1412 968 1448 i.
996 1423 1026 1448 e.
1054 1424 1093 1448 se
1119 1412 1369 1447 immortalem
1394 1411 1572 1446 futurum.

265 1473 345 1509 320.
396 1474 554 1509 tenditur
570 1473 593 1509 i.
609 1485 640 1508 e.
655 1473 758 1507 humi
782 1472 1041 1518 prosternitur,
1069 1474 1112 1507 ut
1128 1471 1190 1512 VI,
1219 1471 1287 1506 716
1303 1472 1399 1507 venit
1417 1472 1527 1507 hiems
1541 1472 1664 1516 niqra-

171 1544 238 1578 que
274 1534 433 1568 avulsam
447 1532 602 1578 (oleam)
619 1533 731 1568 tendit
747 1533 898 1573 harena3
926 1531 1020 1567 Stat.
1046 1531 1162 1569 Theb.
1188 1531 1250 1573 XI,
1279 1531 1323 1566 12
1358 1535 1512 1576 quantus
1528 1531 1664 1575 Apolli>

168 1603 255 1627 neae
277 1596 465 1628 temerator
489 1593 615 1628 matris
631 1592 773 1627 Averno
804 1592 974 1627 Tenditur
1000 1602 1028 1627 e.
1058 1603 1091 1638 q.
1107 1603 1151 1633 s.;
1178 1590 1365 1626 indicatur
1388 1591 1505 1626 verbo
1530 1590 1662 1635 ingens

169 1652 390 1697 magnitudo
417 1643 591 1697 corporis.

264 1713 318 1747 De
330 1712 481 1756 pavoris
498 1711 650 1747 notione
672 1711 738 1746 cfr.
759 1711 807 1746 ad
824 1711 851 1751 Ι,
871 1711 926 1747 23.
959 1711 1083 1746 Etiam
1101 1711 1171 1746 hoc
1188 1711 1270 1746 loco
1289 1709 1493 1755 superlatio
1511 1709 1662 1745 modum

170 1770 327 1811 excedit,
355 1771 421 1807 sed
447 1771 564 1806 habet
587 1771 703 1816 poeta
728 1771 920 1806 auctorem
943 1770 1055 1815 Verg.
1081 1770 1173 1807 Aen.
1200 1768 1281 1810 XII,
1310 1769 1376 1804 701
1403 1780 1506 1814 seqq.

262 1831 342 1866 321.
393 1842 549 1875 arvaque
574 1831 644 1866 late
669 1835 834 1875 occupat:
862 1830 926 1865 cfr.
956 1830 1005 1864 ad
1029 1829 1091 1870 VI,
1120 1829 1199 1865 553.

261 1891 341 1925 323.
393 1890 523 1926 Tacite
550 1891 613 1925 diu
643 1890 783 1925 mirans
819 1890 1096 1935 contemplatur
1127 1889 1260 1924 Pollux
1297 1884 1434 1924 molem
1465 1887 1556 1923 victi
1594 1888 1658 1922 ad-

168 1950 341 1986 versarii:
370 1950 436 1987 cfr.
462 1950 572 1996 Verg.
600 1952 693 1986 Aen.
719 1949 823 1994 VIII,
849 1949 935 1996 265;
961 1949 1041 1985 618.

286 2021 352 2045 ora
375 2031 422 2036 --
448 2014 549 2051 tenet,
577 2009 644 2046 cfr.
672 2010 721 2044 ad
746 2022 779 2044 v.
809 2009 887 2045 189.

261 2069 344 2106 326.
393 2081 561 2114 armaque
583 2071 678 2112 ferre
701 2070 802 2104 iuvat
826 2069 888 2104 vix
913 2080 1045 2104 sanum
1071 2079 1151 2104 esse
1176 2069 1312 2113 potest,
1341 2079 1424 2102 cum
1451 2078 1495 2102 ex
1520 2079 1554 2102 v.
1587 2066 1656 2101 332

167 2130 361 2174 appareat,
394 2140 442 2165 ne
466 2130 549 2164 tum
574 2129 724 2174 quidem
749 2129 940 2164 Pollucem
966 2129 1113 2164 caestus
1140 2127 1303 2173 exuisse3
1341 2138 1428 2161 nam
1463 2126 1510 2162 de
1545 2125 1658 2160 armis

165 2188 306 2233 Amyci,
333 2189 376 2223 ut
399 2190 511 2234 putat
536 2188 744 2228 Burmann,
784 2188 950 2231 cogitare
976 2199 1051 2223 non
1081 2187 1181 2223 licet.
1242 2187 1300 2221 An
1337 2186 1503 2221 indicare
1541 2185 1659 2220 voluit

165 2247 335 2283 Valerius
360 2247 451 2284 ferri
478 2248 633 2293 ‘palmas
659 2247 787 2282 fessas’
814 2247 996 2292 simulque
1023 2257 1127 2281 arma
1153 2246 1205 2282 eis
1229 2246 1383 2283 iuncta?

260 2307 341 2343 327.
390 2308 500 2352 Verg.
527 2308 619 2343 Aen.
645 2306 746 2348 VIII,
774 2307 854 2343 301.

259 2366 339 2402 328.
390 2368 618 2411 inyeminant,
654 2366 860 2402 identidem
888 2366 1109 2406 exclamant,
1138 2365 1204 2401 cfr.
1235 2365 1346 2409 Verg.
1373 2367 1462 2400 Aen.
1494 2363 1542 2407 ΙΙ,
1569 2363 1654 2406 770;

166 2427 207 2471 (I,
236 2426 337 2472 7473)
366 2426 431 2462 Ov.
457 2427 544 2461 met.
572 2427 598 2471 Ι,
627 2426 718 2468 653;
746 2425 840 2461 Stat.
868 2425 983 2461 Theb.
1011 2425 1060 2470 II,
1086 2425 1172 2467 4533
1211 2424 1289 2466 XII,
1316 2423 1404 2467 6863
1442 2423 1590 2459 Iuvenc.
1626 2421 1653 2464 I,

167 2486 251 2528 111;
281 2485 425 2531 Coripp.
450 2485 489 2520 in
513 2486 612 2520 laud.
640 2485 732 2521 Iust.
759 2485 826 2526 III,
854 2485 910 2521 83.

260 2546 340 2582 330.
392 2546 540 2590 dumque
564 2556 606 2580 ea
631 2546 726 2580 dieta
747 2545 870 2587 ferunt
893 2545 916 2579 i.
945 2556 974 2580 e.
1001 2546 1087 2580 dum
1114 2555 1158 2580 ea
1175 2544 1313 2584 dicunt,
1341 2542 1407 2578 cfr.
1433 2542 1482 2577 ad
1498 2541 1546 2583 II,
1567 2541 1654 2589 2823

164 2618 239 2642 non
265 2612 368 2642 recte
395 2605 460 2642 eft.
478 2606 669 2640 Burmann
687 2605 797 2646 locos,
817 2604 935 2649 qualis
954 2606 1010 2639 est
1031 2603 1113 2645 VII,
1142 2604 1220 2645 544,
1248 2603 1312 2638 ubi
1329 2602 1424 2637 dicta
1439 2602 1534 2645 ferre
1551 2601 1653 2637 idem

164 2667 267 2703 valet
293 2667 406 2711 atque
431 2668 595 2701 nuntium
618 2665 723 2707 ferre.
