1890 3100
223 230 281 274 56
751 230 788 266 C.
816 230 1001 266 VALERI
1026 231 1202 267 FLACCI

331 349 381 387 da
409 349 515 388 mihi.
579 355 620 388 te
650 363 797 402 parvus
827 349 947 388 lituos
978 356 1018 389 et
1045 351 1154 390 bella
1182 352 1413 403 loquentem

329 415 510 462 miretur;
557 415 631 453 sub
661 421 701 453 te
734 415 908 466 puerilia
935 415 1018 454 tela
1046 417 1234 468 magistro

331 486 499 518 venator
527 480 630 519 ferat
659 486 700 518 et
728 486 908 519 nostram
937 481 1099 520 festinet
1129 481 1180 520 ad
1209 483 1388 521 hastam.³

329 545 511 589 omnibus
540 545 634 584 inde
664 546 804 584 animis
835 547 943 585 calor
971 547 1146 586 additus:
1186 549 1243 586 ire
1272 561 1345 599 per
1374 547 1498 586 altum

327 624 474 662 magna
502 616 636 650 mente
666 612 818 650 volunt.
874 613 1012 650 Phrixi
1041 614 1285 664 promittitur
1314 613 1459 652 absens

328 677 458 715 vellus
489 682 529 715 et
558 678 707 715 auratis
736 677 848 729 Argo
878 677 1058 717 reditura
1087 679 1303 740 corymbis
1336 658 1609 726 f'135·10*-‘s⁷³‘¹'‘'5³³

435 742 507 781 Sol
535 744 615 781 ruit
644 749 684 781 et
713 749 839 781 totum
873 744 1023 796 Minyis
1053 744 1297 783 laetantibus
1329 744 1461 815 undae

328 807 532 847 deduxere
563 808 681 847 diem.
739 815 980 860 sparguntur
1007 810 1123 849 litore
1159 824 1279 848 curvo

325 873 476 912 lumina
504 874 681 913 nondum
710 874 803 912 ullis
832 880 959 913 terras
988 876 1250 914 monstrantia
1278 876 1422 914 nautis.

268 949 272 956 ’
325 938 521 977 Thracius
551 939 615 977 hic
645 945 805 978 noctem
835 939 942 978 dulci
972 940 1179 979 testudine
1209 947 1323 979 vates

329 1003 551 1087 extrahit!
544 1009 588 1056 ut
618 1005 773 1043 steterit
802 1004 1008 1043 redimitus
1038 1011 1219 1057 tempoia
1248 1006 1358 1044 vittis

1718 828 1773 858 275

333 1134 412 1169 268.
440 1134 548 1170 lituos
573 1138 607 1170 et
633 1135 723 1170 bella
736 1135 941 1179 ·loquentem
966 1135 989 1170 i.
1017 1146 1047 1170 e.
1068 1147 1151 1170 cum
1170 1135 1343 1170 laudibus
1361 1137 1588 1178 narrantem,
1606 1147 1714 1182 prae-

219 1192 424 1229 dicantem:
469 1194 536 1230 Ov.
577 1195 625 1232 tr.
667 1193 736 1236 111,
780 1194 812 1236 3,
842 1194 909 1237 17;
952 1194 1063 1240 Prop.
1104 1194 1148 1240 V,
1191 1195 1246 1236 11,
1281 1195 1327 1230 30
1351 1195 1448 1239 Afra
1473 1195 1715 1231 Numantinos

215 1263 325 1298 reyna
349 1254 543 1298 loquuntur
568 1265 668 1296 avos;
707 1254 844 1289 Lucan.
872 1253 932 1295 IV,
962 1254 1030 1289 573
1056 1266 1131 1299 seq.
1170 1255 1303 1290 nullam
1339 1255 1474 1291 maiore
1510 1256 1627 1291 locuta
1664 1260 1715 1291 est

218 1311 286 1348 Ore
321 1317 433 1348 ratem
471 1317 581 1348 totum
616 1314 818 1349 discurrens
852 1313 971 1348 Fama
990 1325 1061 1358 per
1085 1315 1217 1356 orbem;
1259 1314 1387 1351 Claud.
1412 1314 1513 1352 laud.
1540 1314 1616 1350 Ser.
1646 1315 1713 1350 162

225 1372 390 1418 antiquos
415 1373 571 1418 loquitur
596 1373 789 1408 Musarum
807 1374 948 1419 payina
972 1385 1081 1419 reyes.

337 1443 419 1480 269.
443 1445 509 1479 sub
535 1448 568 1479 te
595 1465 637 1470 —
664 1445 850 1489 magistro:
878 1444 988 1490 Verg.
1016 1445 1106 1480 Aen.
1133 1445 1230 1483 VIII,
1260 1445 1339 1482 515.

336 1515 417 1551 270.
443 1520 600 1551 nostram
625 1515 769 1558 festinet
794 1517 842 1551 ad
866 1517 1004 1551 hastam
1039 1516 1187 1551 concisa
1219 1516 1409 1552 brevitate
1444 1516 1602 1559 dictum;
1646 1517 1710 1552 vid

219 1586 299 1620 cap.
325 1575 343 1610 Ι
366 1575 625 1620 praefationi&

335 1646 417 1682 271.
446 1645 537 1682 Cum
554 1647 666 1692 Verg.
684 1647 775 1683 Aen.
803 1648 847 1689 n,
875 1647 944 1682 355
971 1646 1073 1683 dicat
1097 1648 1149 1683 sic
1174 1648 1304 1683 animis
1327 1648 1494 1684 iuvenum
1516 1647 1623 1691 furor
1647 1649 1710 1684 ad-

214 1705 320 1749 ditus,
352 1705 511 1751 probavi
536 1706 776 1752 Peerlkampi
803 1707 1057 1742 coniecturam
1081 1707 1163 1742 inde
1189 1708 1319 1743 animis
1343 1709 1457 1750 calcu
1483 1707 1568 1743 Vat.
1596 1708 1712 1744 habet

213 1764 349 1800 indeme
384 1767 491 1801 calor.
530 1766 676 1802 Monac.
715 1777 760 1802 ex
800 1768 1015 1802 correctura
1052 1767 1135 1801 inde
1171 1778 1274 1810 mem,
1316 1767 1415 1812 quod
1451 1768 1612 1803 fortasse
1649 1779 1711 1804 ve-

214 1836 297 1859 rum
339 1826 406 1861 est.
449 1824 632 1860 Scribitur
673 1837 771 1861 nunc
812 1826 891 1861 viae
931 1827 1037 1866 calor,
1082 1827 1149 1862 sed
1187 1826 1234 1862 de
1271 1826 1332 1861 via
1358 1826 1500 1863 mentio
1526 1827 1712 1872 sequitur,-

215 1882 445 1930 Sandstr6m‚
486 1884 630 1922 emend.
667 1884 707 1919 in
739 1885 848 1931 Prop.
886 1885 975 1922 Luc.
1009 1885 1093 1932 Val.
1122 1898 1157 1931 p.
1186 1886 1232 1920 24
1268 1886 1465 1932 proposuit
1502 1886 1585 1922 inde
1621 1887 1711 1922 idem

212 1943 324 1985 coelom
358 1942 424 1979 cfr.
451 1943 694 1980 Hermathen.
720 1944 819 1989 Vm,
845 1944 914 1979 395
941 1946 1069 1981 annot.

327 2003 380 2037 ire
399 2014 468 2047 per
491 2004 618 2038 altum:
644 2003 756 2049 Verg.
782 2003 875 2040 Aen.
901 2003 960 2045 IV.
988 2004 1070 2040 310.

329 2074 410 2112 272.
429 2076 658 2119 promittitur
686 2096 728 2103 —-
756 2075 857 2121 Aryo
882 2075 1043 2110 reditura
1067 2075 1195 2121 paullo
1221 2075 1445 2112 insolentior
1470 2075 1708 2118 constructio,

210 2132 278 2168 sed
302 2132 437 2168 similia
462 2133 616 2180 singulis
644 2134 823 2181 exemplis
849 2147 925 2170 non
951 2135 1152 2170 admodum
1190 2147 1276 2171 raro
1315 2135 1555 2181 reperiuntur
1580 2135 1708 2181 impri-

210 2192 280 2227 mis
304 2192 344 2227 in
367 2205 480 2238 prosa
506 2194 692 2236 oratione,
720 2194 806 2230 vide
832 2194 1023 2230 Kuehneri
1049 2206 1206 2239 gramm.
1231 2194 1299 2231 lat.
1325 2195 1362 2231 Π
1389 2195 1409 2242 ξ
1437 2194 1516 2237 127,
1543 2194 1576 2230 5.

328 2264 408 2300 274.
433 2266 487 2300 sol
511 2266 601 2300 ruit:
630 2265 740 2310 Verg.
766 2265 856 2301 Aen.
883 2266 947 2307 m,
974 2265 1054 2300 508.

327 2323 455 2358 Undae
490 2324 590 2360 diem
622 2324 820 2360 deduxisse
853 2324 947 2359 dixit
971 2325 1097 2370 poeta,
1126 2324 1214 2370 quia
1238 2324 1277 2360 in
1307 2337 1411 2361 mare
1443 2325 1499 2361 sol
1530 2324 1704 2361 occidens

208 2382 323 2428 redit3
351 2383 579 2418 contrarium
596 2383 731 2418 dicitur
749 2383 809 2425 IV,
829 2383 874 2419 97
901 2384 1080 2428 traxitque
1106 2384 1195 2419 diem
1215 2384 1299 2430 (sol)
1326 2385 1563 2420 candentibus
1588 2384 1705 2420 undis.

328 2454 408 2491 276.
435 2455 570 2490 lumina
594 2454 851 2500 intellegenda
877 2456 963 2490 sunt
980 2454 1086 2500 ignes
1106 2455 1371 2491 excubantium
1387 2456 1704 2501 Argonautarum,

209 2513 303 2549 talia
334 2515 462 2550 autem
492 2514 633 2549 lumina
663 2514 702 2549 in
732 2514 923 2550 littoribus
957 2525 1114 2549 accensa
1147 2515 1313 2550 nondum
1346 2514 1626 2551 adhibebantur
1657 2515 1706 2550 ad

210 2572 317 2619 signa
341 2573 574 2619 propinquae
598 2575 724 2610 terrae
749 2573 874 2608 nautis
901 2573 1036 2607 danda.

327 2644 408 2680 278.
434 2649 568 2680 noctem
595 2666 637 2671 —-
666 2645 840 2686 extrahit;
882 2644 1104 2679 extrahendi
1138 2645 1296 2680 verbum
1330 2645 1361 2680 si
1405 2656 1488 2680 cum
1524 2645 1706 2691 temporis

212 2703 364 2739 notione
409 2704 656 2751 coniungitur,
693 2704 860 2740 indicare
899 2693 995 2738 solet
1031 2704 1180 2749 tempus
1219 2704 1304 2739 duci
1339 2704 1608 2750 impedimento
1645 2705 1706 2742 vel
