1890 3100
574 230 963 272 ARGONAVTICON
986 230 1133 267 LIBER
1156 231 1207 267 IL
1591 231 1675 274 199

292 361 401 394 terra
428 355 518 394 sinu
544 353 676 393 medio
702 354 874 392 Pontum
901 352 1007 390 iacet
1033 350 1141 389 inter
1167 355 1208 388 et
1234 348 1387 388 Hellen

294 434 371 460 ceu
397 420 521 459 fimdo
548 419 704 471 prolgta
729 418 867 465 maris;
895 429 1068 469 namque
1097 415 1278 467 improba
1306 415 1437 453 caeeis
1677 415 1733 445 630

294 484 428 524 intulit
455 496 553 523 arva
577 483 691 522 vadis
719 482 922 534 longoque
950 494 1023 534 per
1051 493 1227 533 aequora
1254 479 1372 518 dorso

291 551 387 589 litus
416 550 518 602 agit:
546 553 659 588 tenet
685 548 779 586 hine
805 553 987 586 veterem
1015 545 1237 584 confinibus
1267 545 1344 583 oriS

291 628 383 667 pars
411 614 639 666 Phrygiam,
668 626 760 665 pars
789 611 951 651 discreti
977 612 1073 663 iuga
1100 611 1220 663 pinea
1246 610 1404 648 montis.

280 757 360 792 629.
409 757 510 792 Helle
537 767 606 802 pro
643 755 886 800 Hellesponto
924 753 1061 789 dicitur
1096 754 1139 788 ut
1176 752 1244 794 m,
1279 753 1299 787 7
1321 763 1391 797 per
1427 756 1602 798 anmcstae
1629 772 1670 777 -

182 817 280 860 freta
303 816 437 862 Hellee3
467 815 506 857 V,
532 814 604 850 200
625 814 784 860 legimus
811 814 926 849 etiam
951 812 1127 849 audacius
1160 823 1335 858 expressa
1365 812 1507 857 quando
1540 815 1672 857 eqomet

183 887 312 911 norm
328 886 410 920 per
438 879 478 910 te
500 872 632 910 vehar?
654 873 680 909 i.
706 884 737 909 e.
761 884 830 919 per
853 874 961 908 tuum
984 883 1106 913 marm
1133 870 1203 908 cfr.
1228 871 1343 907 etiam
1368 871 1417 906 ad
1442 870 1491 911 Π,
1517 870 1597 906 582.

279 957 358 992 630.
406 957 569 1001 improba
602 967 708 1003 arva3
745 955 812 992 cfr.
850 955 899 991 ad
935 955 964 1000 Ι,
1002 955 1082 990 510.
1132 954 1323 990 Burmann
1359 955 1471 1000 putat
1507 953 1593 989 ideo
1632 965 1677 989 ea

133 1027 137 1030 ’
189 1017 290 1053 diota
313 1016 495 1062 improba,
522 1015 607 1062 qm'a
632 1015 739 1061 quasi
769 1014 927 1050 audacia
964 1015 1004 1050 et
1039 1014 1242 1050 temeraria
1279 1025 1319 1049 se
1356 1013 1465 1048 nimis
1497 1013 1537 1048 in
1569 1024 1674 1048 mare

188 1075 406 1116 extendant,
432 1075 499 1111 sed
524 1074 595 1110 sibi
617 1078 694 1110 non
712 1075 883 1113 ·constat,
917 1085 1000 1109 cum
1033 1073 1073 1108 in
1099 1073 1319 1119 explicando
1356 1071 1384 1118 Ι,
1418 1072 1500 1117 510,
1531 1071 1597 1107 ubi
1620 1072 1675 1107 in-

187 1134 337 1180 tellegit
362 1145 512 1179 campos
543 1133 583 1169 in
612 1134 766 1179 longum
798 1134 981 1174 extensos,
1018 1133 1117 1168 hunc
1147 1132 1271 1168 locum
1303 1133 1485 1176 tanquam
1516 1131 1677 1167 similem

191 1193 337 1231 afferat.

281 1264 363 1300 631.
406 1274 474 1308 per
498 1275 569 1299 om.
594 1263 692 1299 Vat..
731 1263 816 1297 add.
855 1262 939 1297 Vat.
969 1262 1071 1297 1613.
1121 1262 1263 1307 longum
1287 1261 1431 1297 dorsum
1470 1263 1527 1297 est
1560 1273 1676 1307 augu-

186 1325 270 1358 stus
295 1323 411 1364 limes,
445 1334 516 1368 quo
546 1322 669 1357 insula
695 1321 959 1367 Cyzicenorum
991 1333 1075 1356 cum
1100 1320 1308 1356 continenti
1343 1325 1448 1356 terra
1485 1321 1675 1362 cohaeret,

184 1390 262 1418 non
294 1383 439 1428 pontes,
478 1382 521 1416 ut
556 1381 783 1427 interpretes
818 1381 1058 1426 putaverunt,
1096 1379 1371 1425 intellegendos
1409 1380 1587 1421 exiistimm
1627 1380 1675 1416 de

185 1441 321 1486 quibus
345 1440 510 1486 loquitur
535 1440 672 1476 Strabo
697 1439 779 1481 XIIq
811 1440 844 1481 8,
884 1440 940 1476 11.
1002 1439 1105 1482 Quae
1142 1440 1356 1484 sequuntur,
1395 1439 1486 1474 satis
1518 1439 1675 1475 obscure

187 1500 292 1536 dieta.
315 1501 418 1536 sunt:
443 1510 537 1544 pars
566 1503 659 1535 tenet
683 1500 881 1545 Phrygiam
912 1499 1024 1534 simili
1054 1498 1244 1534 sententia
1275 1498 1418 1533 dictum
1448 1498 1599 1534 videtur
1628 1500 1672 1533 ut

187 1559 255 1598 Ov.
272 1558 359 1595 fast.
373 1558 402 1600 Ι,
419 1558 490 1594 498
514 1569 605 1594 nave
625 1562 721 1594 secat
740 1559 870 1602 fluetus
883 1558 1158 1603 Hespmamqaeae
1174 1561 1266 1593 tenet
1281 1557 1305 1593 i.
1323 1569 1354 1594 e.
1373 1569 1520 1593 cursum
1538 1558 1587 1592 ad
1599 1557 1673 1593 He-

184 1618 345 1664 speriam
381 1617 510 1663 dirigit
545 1617 607 1654 vel
639 1617 701 1659 IV,
727 1618 799 1653 290
834 1618 1100 1662 Ausoniamque
1136 1620 1235 1652 tenet.
1298 1616 1412 1652 Ducit
1447 1617 1563 1662 igitur
1600 1617 1671 1652 hoc

186 1678 335 1714 dorsum
361 1677 409 1713 ab
441 1677 563 1713 altera
598 1678 708 1723 parte
745 1677 795 1712 ad
818 1677 1022 1722 Phrygiam
1059 1677 1098 1712 et
1133 1677 1277 1712 terram
1320 1676 1586 1718 continentem,
1624 1677 1671 1711 ab

184 1737 305 1773 altera
330 1736 380 1772 ad
402 1736 562 1772 insulam
586 1737 626 1772 et
649 1737 817 1772 montem
840 1736 953 1778 illum,
981 1735 1044 1781 qui
1068 1737 1226 1771 vocatur
1251 1735 1449 1771 discretus:
1476 1735 1537 1771 hic
1569 1735 1672 1771 vide-

183 1797 246 1831 tur
271 1806 351 1831 esse
383 1795 600 1840 Dindymus,
633 1807 744 1840 quem
767 1794 938 1831 Valerius
969 1795 1008 1830 in
1044 1795 1136 1831 duos
1174 1794 1287 1830 colles
1326 1794 1529 1830 discretum
1566 1795 1675 1840 fingit

185 1853 421 1891 consentiens
447 1859 536 1890 ‘cum
566 1854 679 1890 schol„
705 1854 826 1900 Apoll.
853 1854 880 1895 L
907 1854 991 1890 985:
1034 1857 1090 1890 διὰ
1113 1854 1150 1890 τὸ
1176 1856 1332 1900 διδύμους
1357 1857 1501 1899 μαστοὺς
1525 1851 1559 1890 ἐν
1585 1855 1673 1899 αὐτῷ

184 1914 332 1960 ἀνήκειν,
367 1916 414 1955 ὥς
443 1927 542 1959 φησιν
572 1912 825 1959 Φιλοστέφανος,
857 1913 941 1950 οὕτω
973 1912 1238 1959 προςαγορευῦέν,
1276 1924 1501 1959 quamquam
1538 1912 1674 1949 Strabo

187 1971 273 2019 XII,
296 1972 331 2018 8,
356 1973 400 2007 11
438 1983 524 2008 eum
554 1974 627 2018 ὄρος
651 1972 812 2018 μονοφυές
835 1972 1014 2008 nominat.
1080 1972 1139 2007 An
1163 1972 1332 2007 Valerius
1363 1972 1459 2007 falso
1491 1972 1675 2018 interpre-

183 2032 288 2067 tatus
326 2032 384 2067 est
413 2031 532 2067 verba
555 2031 743 2077 Apollonii
766 2032 796 2071 Ι,
823 2031 893 2066 939
917 2042 1020 2076 seqq.
1058 2030 1091 2067 ἐν
1129 2030 1168 2067 δέ
1204 2032 1233 2067 οἱ
1269 2032 1389 2067 ἀκταὶ
1426 2031 1673 2077 ἀμφίδυμοι,

184 2094 305 2127 κεῖνται
341 2091 371 2126 δ’
409 2091 489 2136 ὑπὲρ
514 2089 647 2138 [ὕδατος
672 2091 839 2136 Αἰσήποιο.
895 2087 1079 2136 ’Λρκτων
1111 2105 1163 2136 μιν
1199 2087 1370 2127 καλέουσιν
1407 2092 1499 2136 ὄρος
1534 2102 1674 2136 περιναι-

185 2151 364 2190 &dovre-5?

277 2219 358 2256 633.
393 2221 482 2266 iuya
500 2220 612 2264 pinea
635 2221 723 2255 suut
745 2220 907 2266 pinifera
929 2221 973 2255 ut
998 2219 1064 2261 ΠΙ,
1084 2220 1170 2266 521;
1198 2220 1265 2256 cfr.
1283 2220 1394 2266 Verg.
1412 2221 1504 2257 Aen.
1521 2220 1584 2261 XI,
1603 2220 1675 2256 320

178 2280 293 2325 playa
310 2280 422 2324 pinea
446 2279 470 2314 i.
498 2290 529 2315 e.
554 2278 651 2325 pinis
676 2279 841 2326 consita3
878 2279 959 2315 Val.
986 2278 1047 2321 IV,
1085 2278 1155 2314 339
1190 2281 1374 2325 yraminea
1412 2281 1533 2322 kumo;
1560 2280 1671 2325 Verg.

182 2338 277 2375 Aen.
301 2337 345 2379 V.
371 2337 439 2373 287
470 2339 675 2383 yramineus
705 2349 869 2383 campum
905 2338 966 2379 VL
1003 2338 1074 2373 642
1106 2339 1145 2374 in
1174 2340 1368 2384 yramineis
1394 2359 1437 2365 —
1457 2340 1671 2384 palaestram

184 2396 280 2432 Stat.
305 2396 423 2433 Theb.
448 2396 512 2438 IX,
538 2396 608 2432 492
631 2398 833 2442 yramineae
852 2418 896 2424 —
916 2399 1035 2443 n’paae3
1068 2397 1203 2434 similia
1228 2398 1328 2444 apud
1352 2398 1578 2443 posteriores
1610 2398 1672 2434 de-

187 2467 289 2491 mum
312 2457 445 2501 poetas
470 2450 726 2491 inveniuntur:
761 2456 894 2492 Auson.
920 2457 1013 2494 Mos.
1052 2457 1098 2492 25
1128 2458 1215 2502 iuya
1245 2458 1357 2497 vitea:
1393 2457 1439 2492 26
1468 2459 1673 2503 yramineae

184 2515 302 2560 ripam
329 2515 445 2561 epigr.
483 2515 604 2552 Tolos.
642 2515 665 2550 5
702 2516 858 2559 confinia
888 2517 999 2561 pinea
1025 2516 1282 2558 Cebennam-nu
1308 2517 1460 2562 Burdig.
1503 2517 1547 2551 10
1584 2518 1670 2562 iuqa

182 2572 348 2616 frondem
380 2574 492 2611 Prud.
519 2574 718 2620 hamartig.
756 2574 825 2610 227
862 2576 955 2611 vitea
990 2587 1098 2623 rura3
1124 2576 1300 2612 Dracout.
1341 2576 1387 2611 de
1428 2575 1498 2611 deo
1536 2575 1562 2615 Ι,
1602 2575 1669 2610 351

185 2632 325 2668 arbom·
346 2633 475 2674 saltum
501 2633 571 2668 639
599 2633 735 2675 frontes
771 2634 910 2670 arborei
947 2635 1009 2677 (de
1047 2635 1231 2681 capitibus
1258 2636 1483 2679 cervorum];
1520 2646 1670 2680 prorsus

187 2690 289 2725 aliud
315 2692 381 2730 est,
408 2691 507 2737 quod
533 2703 710 2728 cornua
734 2693 816 2738 ipsa
841 2695 990 2730 arborea
1014 2694 1185 2730 nominat
1209 2693 1319 2739 Verg.
1347 2694 1438 2730 Aen.
1466 2693 1493 2730 Ι,
1522 2693 1600 2728 193.
