1890 3100
643 197 1031 237 ARGONAVTICON
1053 199 1202 234 LIBER
1226 199 1256 235 L
1638 200 1695 242 23

315 323 537 361 Aesonium
563 319 715 372 letique
742 318 828 356 vias
857 330 905 355 ac
931 323 1114 369 tempora
1139 323 1286 355 versat.

318 387 391 426 sed
416 399 550 439 neque
576 383 687 423 bella
712 382 841 444 videt
853 381 996 421 Graias
1023 395 1157 434 neque
1189 388 1368 420 monstra
1395 395 1489 434 per
1495 382 1615 420 urbes

317 451 413 490 ulla.
470 451 676 497 Cleonaeo
703 449 783 486 iam
808 419 993 499 ιε’»,ἰἷῇοι-ε.
1019 447 1155 485 clusus
1183 447 1298 485 hiatu

317 515 494 562 Alcides,
530 514 624 555 olim
650 514 808 552 Lernae
837 509 1028 550 defensus
1058 512 1107 550 ab
1137 525 1270 563 angue
1696 521 1734 550 35

55 574 107 602 ‘²²
114 567 278 609 ”dmm
317 571 455 627 Arcas,
485 585 526 619 et
554 578 747 618 ambobus
775 578 854 615 iam
882 590 1031 615 cornua
1058 577 1186 615 fracta
1211 577 1405 615 iuvencis.

210 718 324 754 Drac.
346 715 446 757 VIII,
472 716 542 751 235
558 715 620 757 Β.;
646 714 690 756 X,
719 714 788 749 163
804 713 865 755 B.;
890 713 1023 748 Avian.
1049 713 1127 748 fab.
1152 713 1278 754 3211:
1304 713 1418 758 Perge
1438 713 1550 758 iyitur
1565 712 1698 747 nost-ris

209 780 279 812 tua
294 775 440 812 subde-e
455 776 546 810 colla
561 775 710 815 eatenis3
736 773 883 808 Arator.
902 773 975 808 act.
993 774 1114 818 apost.
1139 773 1186 814 ΙΙ,
1214 772 1300 818 706;
1326 771 1470 806 Paulin.
1489 771 1570 806 vita
1585 771 1696 806 Mart.

210 835 284 940 ἓ
316 833 398 871 319.
448 833 627 870 Omnibus
667 832 725 867 his
764 832 856 867 locis
891 831 996 867 notio
1031 831 1216 877 pergendi
1251 831 1420 877 pertinet
1460 830 1511 865 ad
1548 829 1698 865 initium

283 893 358 929 ndi.

303 952 363 989 33.
385 962 496 997 neque
519 956 677 986 monstra
695 962 765 996 per
787 951 891 986 urbes
914 951 1008 991 uum
1036 950 1102 985 cfr.
1129 949 1212 985 Sen.
1238 950 1349 987 Herc.
1374 949 1446 984 fur.
1477 949 1524 984 40
1539 953 1700 984 monstra

206 1013 283 1048 iam
306 1012 433 1047 desunt
455 1011 558 1052 mila&
584 1012 671 1046 sunt
694 1010 811 1046 verba
836 1010 988 1045 Iunonis
1014 1009 1215 1054 querentis.
1495 1004 1498 1007 ’

328 1070 387 1107 34.
410 1070 471 1105 Ad
485 1081 566 1106 rem
582 1071 671 1115 apte
689 1069 835 1105 confert
851 1069 1045 1104 Burmann
1059 1068 1172 1114 Verg.
1189 1068 1281 1104 Aen.
1299 1068 1362 1109 XI,
1385 1067 1457 1103 680
1472 1079 1566 1112 seq.:
1592 1071 1702 1111 eaput

192 1131 335 1176 &nqeue
359 1130 432 1165 on‘s
461 1130 583 1164 hiatus
606 1129 657 1164 Et
682 1130 795 1163 malae
825 1133 940 1163 texere
958 1129 1036 1172 lupi
1059 1139 1136 1162 eum
1154 1128 1317 1163 dentibus
1333 1128 1443 1172 albis,-
1466 1126 1562 1162 Stat.
1581 1126 1699 1161 Theb.

210 1188 274 1234 IV,
298 1188 384 1224 304:
409 1189 468 1223 ille
491 1188 694 1233 Lycaoniae
717 1188 809 1222 rictu
835 1191 944 1231 caput
967 1191 1111 1231 asperat
1135 1198 1250 1222 ursae.

330 1249 449 1283 clusus
471 1247 494 1281 i.
522 1258 554 1292 q.
579 1248 719 1282 tectus:
746 1245 809 1281 Sil.
835 1246 896 1286 IX,
923 1246 1008 1281 588:
1035 1246 1225 1280 thoraoe—
1246 1246 1381 1280 claudit
1404 1246 1519 1289 Μῶμε,-
1542 1244 1586 1286 X,
1612 1243 1699 1279 648:

211 1307 349 1342 casside
371 1307 490 1341 vultus
507 1305 714 1350 &auditum
736 1305 831 1346 XIV,
859 1304 944 1339 158:
970 1305 1083 1340 cassis
1100 1325 1143 1331 --
1161 1306 1339 1339 clauserat
1360 1315 1444 1348 ora,·
1468 1303 1564 1340 Stat.
1581 1303 1700 1339 Theb.

211 1365 276 1408 IV,
318 1365 404 1401 350:
450 1375 588 1400 umeros
627 1365 746 1410 clypeo
786 1365 955 1399 clausisse
988 1368 1142 1409 patemo
1183 1364 1308 1399 Dulce.
1360 1363 1535 1399 Ceterum
1573 1363 1700 1398 Burm.

212 1424 350 1460 iniuria.
374 1423 532 1460 offendit
555 1423 595 1458 in
621 1435 675 1465 eo,
701 1424 800 1468 quod
825 1423 994 1459 Valerius
1029 1423 1179 1459 leonem
1206 1415 1432 1459 Cleonaeum
1468 1423 1517 1458 ab
1542 1422 1703 1458 Hercule

210 1484 375 1520 occisum
399 1494 479 1519 esse
504 1482 596 1518 dicit
620 1484 709 1518 ante
734 1483 1037 1528 Argonautarum
1062 1483 1356 1528 expeditionem,
1384 1495 1468 1518 cum
1490 1484 1704 1528 temporum

213 1542 532 1592 computationem
566 1541 606 1576 in
642 1541 699 1577 his
735 1542 847 1578 rebus
871 1544 987 1588 poeta
1010 1544 1091 1577 tam
1116 1543 1226 1578 anxie
1261 1554 1392 1578 curare
1416 1554 1492 1578 non
1517 1541 1702 1578 debuerit.

211 1600 326 1638 Varie
349 1601 448 1637 enim
473 1601 522 1636 ab
548 1601 630 1636 aliis
653 1601 834 1643 :radium
862 1604 966 1637 certe
981 1601 1151 1637 valerius
1177 1601 1249 1637 sibi
1266 1601 1446 1643 constitit,
1473 1601 1539 1636 cfr.
1565 1602 1613 1643 Π,
1632 1590 1702 1636 382

195 1661 255 1696 *et
275 1659 357 1695 495.
406 1660 560 1695 Partem
595 1660 766 1696 laborum
802 1661 968 1696 nondum
1004 1662 1200 1706 peractam
1237 1672 1317 1697 esse
1353 1660 1522 1696 indicare
1552 1660 1703 1696 videtur

169 1737 193 1765 φ
212 1719 384 1765 Apollon.
425 1719 459 1763 I,
502 1719 613 1762 1318;
657 1730 789 1765 aprum
820 1719 1107 1765 Erymanthium
1145 1720 1222 1755 iam
1262 1720 1311 1755 ab
1354 1731 1399 1756 eo
1438 1719 1580 1755 victum
1622 1730 1703 1755 esse

193 1779 484 1814 .00mm0m0rat
521 1779 555 1819 1,
599 1778 668 1813 126
708 1790 829 1824 seqq.;
879 1779 1083 1815 secundm
1123 1779 1275 1815 Diodor.
1316 1779 1383 1822 IV,
1427 1779 1471 1814 15
1513 1778 1703 1825 expeditio

210 1837 513 1882 Argonautarum
549 1836 653 1872 facta
690 1839 748 1873 est
770 1838 871 1873 inter
896 1839 1071 1873 octavum
1096 1840 1135 1874 et
1159 1850 1299 1874 nonum
1322 1838 1494 1874 laborem
1518 1837 1699 1879 Herculis,

212 1897 347 1932 eontra
371 1896 461 1931 ante
486 1895 564 1931 eius
588 1896 738 1932 labores
762 1896 825 1938 IV,
850 1897 908 1932 48.

330 1954 389 1991 35.
412 1955 511 1990 olim:
535 1954 763 1997 iamdudum,
789 1958 833 1990 ut
850 1968 884 1991 v.
910 1956 966 1997 53,
993 1968 1104 2000 quem
1119 1957 1244 1992 locum
1259 1957 1487 2003 interpretes
1504 1968 1579 1992 non
1595 1957 1701 1992 recte

209 2013 493 2055 intellexerunt;
520 2013 587 2048 cfr.
624 2016 802 2059 praetera
830 2015 912 2051 Val.
938 2015 1000 2057 IV,
1029 2017 1114 2058 121;
1145 2016 1208 2057 VI,
1235 2016 1297 2058 61;
1325 2016 1392 2052 Ov.
1418 2016 1508 2054 Met.
1535 2019 1584 2054 II.
1610 2015 1700 2056 4662

211 2071 349 2107 Lucan.
373 2071 416 2113 V.
443 2071 528 2113 769;
567 2071 629 2108 Sil.
655 2073 684 2113 Ι,
710 2073 796 2116 483;
836 2073 933 2110 Stat.
958 2074 1075 2110 Theb.
1100 2076 1129 2114 1,
1162 2075 1251 2117 312;
1289 2075 1372 2116 VH,
1399 2075 1484 2116 779;
1523 2074 1588 2116 XI,
1614 2074 1699 2118 6343

210 2131 303 2166 Aeh.
339 2129 389 2171 Π,
428 2130 512 2173 136;
532 2130 638 2181 χὸθιι.
677 2132 813 2169 Troad.
850 2133 938 2175 910;
976 2134 1056 2170 Iuv.
1094 2134 1157 2170 VI.
1195 2134 1281 2176 346;
1320 2134 1449 2180 Optat.
1485 2133 1587 2179 Porf.
1624 2133 1699 2175 5,9;

209 2189 389 2225 Dracont.
416 2189 543 2231 10‚146
567 2190 627 2233 B.;
653 2191 764 2228 Prud.
789 2192 919 2238 perist.
947 2193 1084 2234 10563.

329 2247 387 2284 36.
413 2248 525 2284 ambo
548 2249 696 2285 iuvenci
721 2262 744 2285 a
767 2251 956 2297 plerisque
978 2252 1250 2298 intelleguntur
1274 2253 1459 2298 Achelous
1497 2252 1629 2288 fluvius
1662 2254 1701 2287 et

209 2307 341 2342 taurus
367 2307 569 2343 Cretensis:
600 2308 698 2343 illius
724 2321 838 2345 cornu
862 2322 950 2347 vere
975 2310 1092 2357 fregit
1115 2311 1304 2353 Hercules,
1332 2311 1398 2347 cfr.
1427 2312 1492 2348 Ov.
1519 2312 1610 2348 Met.
1635 2312 1699 2354 IX,

209 2365 274 2408 85;
308 2365 462 2402 alterius
486 2366 542 2402 vis
566 2366 606 2402 in
630 2379 744 2403 cornu
769 2369 841 2404 sita
870 2371 1002 2406 fracta.
1053 2371 1204 2407 Dureau
1242 2373 1370 2407 autem
1407 2383 1491 2407 cum
1515 2371 1699 2407 Achelous

210 2436 287 2461 non
311 2426 411 2461 esset
434 2427 642 2461 monstrum
666 2428 882 2464 hominibus
901 2429 1192 2471 formidolosum,
1231 2431 1298 2466 sed
1334 2431 1466 2465 fluvius
1503 2430 1698 2475 benignus,

209 2485 364 2530 poetam
398 2496 474 2531 non
510 2485 558 2521 de
583 2486 653 2521 hoc
686 2487 753 2522 sed
777 2488 824 2523 de
849 2489 1061 2525 Minotauro
1087 2501 1109 2524 a
1134 2489 1278 2526 Theseo
1304 2490 1446 2525 domito
1470 2489 1701 2525 mentionem

195 2541 343 2579 fecisse
378 2544 506 2589 putat,
543 2555 628 2580 mea.
665 2545 814 2590 quidem
845 2548 1033 2583 sententia
1058 2550 1177 2590 recte,
1206 2560 1289 2584 cum
1314 2549 1438 2585 verbis
1463 2550 1601 2594 poetae
1626 2560 1701 2583 non

210 2612 388 2647 cogamur
413 2601 460 2638 de
484 2602 571 2638 solis
596 2602 683 2639 Her
697 2605 822 2641 culis
846 2606 1038 2642 laboribus
1064 2608 1243 2653 cogitare.

328 2660 449 2696 Minus
480 2662 656 2698 accurate
695 2664 816 2709 hydra
840 2665 1010 2702 Lernaea
1046 2666 1085 2701 in
1109 2667 1272 2702 Arcadia
1310 2666 1425 2702 fuisse
1462 2666 1598 2701 dicitur
1629 2666 1700 2700 hoe
