1890 3100
611 163 997 200 ARGONAVTICON
1022 162 1168 197 LIBER
1184 161 1246 197 v1.
1585 162 1672 205 449

293 291 338 324 tu
355 284 550 331 ,thalamis
578 284 725 335 ignava
753 282 883 329 sedes,
912 288 957 320 tu
986 281 1072 319 sola
1098 286 1266 332 paterna

293 351 374 389 fixa
401 349 544 388 domo?
571 349 675 388 tales
704 347 864 401 quando
891 347 964 386 tibi
993 359 1158 385 cernere
1186 344 1343 397 reges?’

293 416 364 454 illa
390 415 490 454 nihil
518 421 672 462 contra3
702 427 778 452 nec
807 413 912 451 enim
941 411 1018 450 dea
1044 424 1165 463 passa
1191 423 1433 463 manumque

293 481 470 532 implicat
499 486 539 519 et
565 479 714 531 rapidis
742 479 951 516 mirantem
978 475 1163 528 passibus
1193 475 1334 514 aufert.

294 544 451 583 ducitur
477 544 618 582 infelix
646 543 698 581 ad
725 542 884 580 moenia
911 553 1066 579 summa
1092 539 1216 577 futuri
1673 562 1729 592 490

292 609 430 648 nescia
456 609 570 660 virgo
598 607 692 646 mali
721 612 762 645 et
787 605 915 644 falsae
944 604 1157 643 commissa
1185 603 1321 651 sorori,

293 675 378 713 lilia
405 688 477 727 per
503 686 649 713 vernos
678 673 815 711 lucent
843 671 955 710 velut
983 670 1076 708 alba
1104 670 1258 708 colores

287 741 520 792 praecipue,
552 739 639 791 quis
668 738 751 775 vita
777 737 911 775 brevis
940 741 1129 787 totusque
1158 748 1373 787 parumper

293 805 408 843 floret
434 805 563 842 honor
589 803 711 842 fuscis
741 808 782 840 et
809 802 888 840 iam
915 803 1046 840 Notus
1074 801 1255 839 imminet
1282 800 1368 839 alis.

293 870 398 908 hanc
425 868 606 907 residens
636 868 727 906 altis
755 867 913 905 Hecate
939 867 1105 905 Perseia
1131 866 1233 904 lucis
1672 881 1728 912 495

278 1006 416 1049 fruitur
438 1027 486 1031 —
510 1005 620 1040 armi-s
644 1004 667 1039 i.
695 1015 724 1039 e.
751 1004 917 1039 laetatur
943 1002 1220 1048 conspiciendo:
1261 1002 1323 1038 Sil.
1350 1002 1432 1043 XII,
1459 1001 1546 1044 566;
1589 1001 1669 1037 Val.

185 1064 247 1106 IV,
273 1064 335 1106 38;
360 1064 437 1105 VH,
466 1064 550 1110 1213
578 1063 643 1098 Ov.
669 1063 764 1097 trist.
792 1062 854 1103 IV,
881 1061 914 1101 8,
941 1062 1003 1104 28;
1032 1061 1160 1096 Claud.
1187 1061 1225 1095 in
1250 1061 1335 1096 Ruf.
1362 1061 1392 1103 I,
1419 1061 1507 1108 2353
1534 1062 1670 1096 Auson.

186 1123 279 1160 Mos.
306 1123 394 1170 2333
419 1123 499 1158 239.

279 1189 361 1225 487.
410 1190 498 1224 tales
522 1189 664 1234 quando
690 1189 756 1223 tibi
780 1198 919 1223 cernere
943 1191 1065 1232 reyes?
1091 1198 1139 1222 sc.
1168 1186 1250 1226 erit,
1277 1187 1343 1221 cfr.
1370 1186 1418 1222 ad
1442 1185 1494 1226 Π,
1520 1185 1576 1220 51.
1611 1185 1672 1220 In-

186 1249 349 1284 finitivus
386 1259 498 1294 saepe
534 1248 676 1293 pendet
713 1258 735 1282 a
759 1247 875 1283 verbo
899 1258 987 1287 stem,
1015 1258 1098 1282 cum
1123 1245 1310 1291 significat
1333 1245 1435 1281 idem
1460 1244 1559 1290 quod
1583 1245 1671 1286 licet,

186 1308 367 1354 imprimis
392 1308 492 1353 apud
518 1307 656 1348 Silium,
683 1318 756 1352 qua
780 1306 827 1341 de
852 1317 893 1341 re
919 1305 984 1340 cfr.
1012 1304 1181 1340 Schmidt
1207 1305 1254 1340 de
1278 1316 1347 1339 usu
1370 1303 1545 1339 infinitivi
1571 1303 1673 1349 apud

185 1367 284 1409 Luc„
310 1367 391 1402 Val.
417 1367 549 1408 Flace.,
577 1366 705 1401 Silium
728 1378 764 1411 p.
792 1366 847 1400 12.

280 1431 361 1467 491.
409 1431 525 1474 falsae
562 1451 605 1458 —
642 1432 769 1477 sorori,
806 1441 901 1475 quae
938 1441 979 1465 re
1016 1441 1106 1465 vera
1131 1441 1235 1465 soror
1258 1441 1334 1465 non
1360 1430 1433 1471 est;
1471 1428 1524 1463 sic
1548 1432 1676 1464 taurus

185 1491 213 1534 f.
239 1490 342 1533 VIII,
380 1490 468 1535 2663
506 1502 628 1526 cervus
653 1490 718 1525 Ov.
756 1491 844 1526 met.
882 1489 950 1531 III,
988 1489 1058 1523 250
1084 1490 1123 1524 et
1147 1488 1228 1531 VII,
1264 1488 1345 1524 360.
1395 1488 1451 1524 De
1475 1486 1675 1533 participio

188 1551 372 1586 commissa
398 1549 464 1585 cfr.
493 1550 540 1585 ad
565 1550 634 1590 III,
661 1549 741 1584 594.

281 1614 362 1650 492.
411 1616 504 1650 velut
528 1616 662 1660 quarto
686 1614 870 1650 vocabulo
894 1614 1148 1659 postponitur-3
1176 1613 1242 1648 cfr.
1270 1613 1318 1648 ad
1342 1613 1385 1654 V,
1413 1612 1491 1647 163.

282 1674 381 1710 verni
415 1675 547 1710 colores
579 1675 671 1710 nota
700 1674 820 1719 figura
845 1673 1018 1708 dicuntur
1042 1684 1110 1718 pro
1137 1671 1320 1708 coloribus
1346 1683 1462 1707 verno
1487 1672 1657 1716 tempore
1664 1684 1676 1716 ,-

182 1744 252 1779 per
275 1744 401 1770 vernos
421 1734 534 1768 lucent
548 1754 592 1759 —
612 1734 758 1770 colores:
787 1734 855 1768 hoc
881 1732 1055 1767 scribitur
1080 1731 1250 1767 similiter
1275 1732 1318 1766 ut
1336 1742 1406 1776 per
1431 1731 1676 1766 auctoritatem

190 1792 354 1838 decipere,
392 1803 461 1837 per
496 1793 648 1840 insidias
692 1792 995 1837 comprehendere,
1046 1792 1162 1826 urbem
1194 1801 1263 1835 per
1303 1790 1529 1836 tyrannidem
1576 1800 1675 1825 oecu-

259 1862 277 1886 e
301 1851 348 1888 al.

182 1862 259 1897 W
282 1910 364 1946 493.
414 1911 492 1955 quis
516 1911 590 1945 «vita
615 1910 742 1944 brevis:
770 1910 869 1944 breve
893 1910 1006 1945 lilium
1032 1909 1131 1955 apud
1156 1910 1243 1944 Hor.
1272 1920 1301 1944 c.
1328 1909 1357 1950 I,
1384 1908 1441 1953 36,
1467 1908 1522 1942 16.

283 1974 364 2010 494.
411 1975 524 2018 fuscis
546 1979 578 2009 et
602 1976 673 2010 iam
690 1974 808 2010 Notus
831 1975 988 2010 imminet
1005 1975 1088 2014 alis:
1114 1973 1283 2010 nonnulli
1307 1974 1402 2009 haec
1420 1972 1611 2018 explicant
1627 1972 1675 2008 de

190 2034 305 2070 nimio
343 2034 466 2070 calore
502 2033 628 2075 austri,
667 2045 739 2078 quo
771 2033 846 2068 cito
871 2033 980 2069 flores
1011 2034 1187 2078 pereunt3
1227 2032 1292 2068 cfr.
1319 2032 1414 2068 Stat.
1440 2032 1520 2067 silv.
1546 2031 1615 2073 HI,
1641 2031 1674 2074 3,

191 2092 260 2128 129
278 2093 517 2138 pubentesque
540 2103 644 2128 rosae
662 2093 800 2137 primos
824 2093 1026 2127 moriuntur
1050 2092 1099 2126 ad
1122 2095 1278 2134 austros-3
1305 2091 1415 2136 Verg.
1443 2091 1509 2127 ecl.
1535 2090 1584 2132 Π,
1610 2090 1673 2133 58;

191 2151 315 2188 Plaut.
352 2152 485 2188 Pseud.
525 2151 581 2187 36.
644 2151 717 2187 Sed
751 2151 876 2194 fusws
914 2150 1140 2186 adjectivum
1175 2150 1325 2186 videtur
1364 2161 1448 2186 eam
1484 2149 1561 2185 vim
1586 2149 1676 2185 Noti

192 2210 409 2256 significare,
448 2222 521 2256 qua
545 2211 791 2256 tempestates
830 2210 970 2245 excitat
995 2210 1177 2255 floresque
1202 2209 1362 2255 frangit3
1399 2208 1525 2245 Africo
1550 2208 1675 2244 fuscas

193 2270 272 2305 alas
295 2269 430 2305 tribuit
454 2269 516 2305 sn.
543 2269 625 2311 ΧΠ,
652 2269 731 2304 617.
1198 2257 1209 2262 ⁷

285 2327 365 2365 495.
415 2329 549 2364 Hecate
574 2329 736 2371 Perseia3
771 2329 914 2364 Perseis
937 2328 1150 2364 nominatur
1176 2327 1241 2365 Ov.
1267 2329 1355 2364 met.
1382 2327 1462 2370 VII,
1489 2327 1552 2370 74;
1591 2326 1674 2364 Son.

191 2387 288 2423 Med.
314 2387 401 2430 8143
428 2387 522 2423 Stat.
544 2387 660 2423 Theb.
678 2387 741 2429 IV,
764 2386 851 2429 481;
878 2387 998 2433 Apoll.
1024 2387 1093 2428 III,
1110 2387 1199 2434 4673
1225 2387 1314 2429 478;
1342 2386 1450 2429 1034;
1476 2386 1537 2428 IV,
1565 2385 1674 2429 1020;

192 2445 287 2483 falso
325 2448 451 2483 autem
484 2446 652 2483 nonnulli
689 2446 774 2482 ideo
809 2457 891 2482 eam
921 2446 976 2481 ita
1012 2446 1241 2482 nominatam
1275 2447 1423 2492 putant,
1464 2445 1551 2491 quia
1576 2446 1677 2482 esset

159 2537 161 2539 ,
192 2505 268 2541 filia
292 2505 432 2547 Perses,
460 2500 563 2542 soror
582 2505 705 2540 Circes
731 2506 770 2541 et
794 2505 935 2541 Aeetae
961 2516 1006 2541 ex
1032 2505 1164 2541 eadem
1188 2506 1309 2541 matre
1326 2506 1517 2547 natorum;
1543 2515 1674 2540 verum

194 2565 251 2600 est
286 2564 363 2600 filia
387 2564 568 2606 Asteriae,
612 2565 746 2610 pater
771 2565 829 2600 est
853 2565 1030 2601 Persaeus
1053 2565 1177 2610 hymn.
1204 2565 1343 2600 homer.
1369 2564 1411 2606 V,
1443 2564 1500 2606 24,
1532 2563 1603 2605 vel,
1629 2564 1673 2598 ut

192 2622 410 2669 plerumque
448 2623 670 2665 nominatur,
698 2623 833 2665 Perses,
872 2635 965 2659 unus
992 2634 1036 2660 ex
1061 2623 1268 2666 Titanibus3
1306 2623 1380 2659 vid.
1409 2622 1494 2664 cic„
1522 2622 1569 2658 de
1594 2623 1671 2658 nat.
