1890 3100
600 245 980 284 ARGONAvTicON
1004 245 1150 279 LLBER
1174 244 1202 280 L
1553 245 1636 287 125

275 368 473 408 excedens
499 377 794 417 memoremque
821 364 912 402 tulit
939 363 1012 401 sub
1040 362 1212 400 nubibus
1241 362 1431 399 umbram.
1477 398 1480 400 .

381 431 554 472 Cardine
582 431 654 470 sub
682 434 817 468 nostro
844 428 1044 479 rebusque
1073 426 1230 465 abscisa
1258 426 1438 477 supernis

274 497 455 537 Tartarei
483 495 598 535 sedet
624 493 717 533 aula
742 494 877 545 patris,
906 506 987 530 non
1014 492 1086 530 illa
1111 492 1243 529 ruenti

272 575 483 602 accessura
508 560 614 612 polo,
642 560 789 598 victam
816 559 851 597 si
876 558 1041 596 volvere
1068 556 1214 594 molem

269 693 423 744 ingenti
449 693 554 730 iacet
581 704 648 730 ore
678 690 824 737 Chaos,
854 688 961 740 quod
987 687 1164 739 pondere
1190 687 1339 725 fessam
1640 716 1691 744 5131

273 757 478 796 materiem
503 756 739 807 lapsumque
768 759 890 806 queat
917 765 1152 791 consumere
1178 750 1380 789 mundum.

273 823 339 860 hic
365 822 548 873 geminae
575 820 773 858 infernum
800 825 950 870 portae,
981 831 1147 869 quarum
1175 816 1302 854 altera
1329 815 1428 853 dura

273 900 431 938 semper
455 886 549 937 lege
577 891 718 937 patens
745 884 915 935 populos
942 895 1141 934 regesque
1168 887 1367 932 receptat3

271 956 332 990 ast
360 951 479 989 aliam
505 956 699 1001 temptare
727 949 841 987 nefas
871 953 911 986 et
938 947 1104 986 tendere
1133 952 1288 985 contra:
1639 976 1694 1005 835

165 1098 343 1139 amenta,·
378 1093 423 1134 V,
450 1092 519 1127 644
549 1095 664 1136 caput.
704 1091 905 1135 adduntque
936 1091 1029 1125 suis.-
1065 1089 1149 1125 Sen.
1181 1089 1332 1134 Thyest.
1365 1087 1432 1122 727
1464 1088 1641 1133 adicitque

162 1153 273 1196 fratri
289 1151 545 1198 (PEsthenem)
563 1162 612 1187 sc.
632 1150 833 1186 caedendo.
858 1149 915 1184 De
932 1149 1046 1184 caede
1062 1148 1144 1193 ipsa
1162 1147 1229 1185 cfr.
1241 1147 1412 1192 Apollod.
1430 1147 1460 1193 Ι,
1478 1147 1510 1189 9,
1529 1147 1586 1189 27,
1604 1147 1638 1183 2.

257 1223 337 1260 826.
386 1223 468 1258 tulit
502 1222 567 1257 sub
603 1221 754 1256 nubibus
789 1220 963 1255 umbram:
1007 1218 1201 1254 confundit
1243 1219 1314 1253 hoc
1350 1218 1433 1253 loco
1470 1218 1640 1253 Valerius

164 1283 361 1328 poetarum
377 1281 425 1317 de
448 1280 589 1316 umbris
603 1281 834 1315 mortuorum
851 1278 1106 1314 narrationem
1122 1289 1206 1313 cum
1223 1277 1394 1313 doctrina
1411 1277 1640 1324 quorundam

165 1341 476 1388 philosophorum,
503 1351 577 1387 qua
602 1339 725 1375 anima
750 1350 794 1374 ex
819 1349 970 1384 corpore
997 1337 1178 1373 excedens
1204 1337 1253 1371 ad
1278 1337 1434 1372 aethera
1458 1336 1641 1382 originem

166 1412 272 1436 suam
295 1399 418 1436 redire
441 1399 656 1444 putabatur,
683 1397 783 1444 quod
806 1397 907 1432 idem
933 1396 1067 1432 accidit
1089 1395 1255 1440 Euripidi
1279 1395 1416 1432 Electr.
1442 1395 1498 1431 59.

259 1470 338 1506 827.
388 1469 495 1505 cardo
518 1473 637 1504 nomer
661 1469 719 1504 est
742 1468 848 1513 polus
874 1466 1046 1503 arcticus.

240 1540 337 1583 ⁴828.
386 1540 480 1575 sedet
504 1540 604 1581 aula;
630 1538 785 1574 sedendi
808 1538 963 1573 verbum
998 1536 1198 1572 adhibetur
1229 1536 1277 1571 ad
1300 1535 1518 1572 indicandos
1541 1535 1640 1572 locos

166 1601 356 1646 depressos
393 1600 433 1635 et
467 1610 527 1635 res
561 1598 601 1633 in
636 1597 794 1633 vallibus
830 1596 1024 1642 profundis
1055 1596 1162 1632 sitas:
1200 1595 1262 1630 Sil.
1293 1595 1357 1638 VI,
1382 1595 1451 1630 647
1475 1595 1571 1631 sedet
1595 1616 1639 1621 —

167 1659 353 1701 Mevania3
392 1657 495 1699 VIII,
521 1657 612 1701 5073
650 1655 731 1697 XII,
759 1655 844 1701 1623
881 1655 967 1692 Luc.
993 1654 1059 1697 III,
1085 1654 1175 1699 3803
1210 1654 1304 1691 Stat.
1331 1654 1447 1690 Theb.
1472 1653 1535 1701 VI,
1572 1653 1642 1688 256

166 1719 269 1754 vallis
291 1719 331 1753 in
355 1718 518 1762 amplexu
540 1726 718 1751 nemorum
742 1715 844 1750 sedet.

259 1787 340 1826 830.
390 1788 496 1823 deest
519 1787 559 1822 in
575 1788 671 1827 vat„
696 1786 736 1821 in
759 1785 927 1831 margine
945 1785 1025 1821 cod.
1048 1785 1074 1820 C
1100 1785 1258 1830 scriptus
1277 1785 1358 1820 erat
1374 1784 1450 1819 hic:
1478 1785 1643 1829 Iuppiter

167 1852 201 1883 et
217 1849 359 1894 primm
397 1847 478 1882 velit
501 1847 620 1882 omnia
643 1845 785 1881 reddere
808 1855 954 1882 vnmssae.
994 1856 1067 1891 quo
1092 1845 1181 1889 apte
1204 1843 1338 1879 lacuna
1363 1843 1548 1888 expletur3
1575 1843 1642 1879 sed

167 1906 326 1943 fortasse
350 1905 434 1952 plus
457 1917 550 1940 unus
574 1916 700 1940 versus
725 1903 864 1940 excidit
888 1904 1002 1950 atque
1032 1903 1174 1949 pendet
1204 1903 1252 1938 ab
1279 1903 1341 1943 eis,
1375 1913 1471 1949 quae
1496 1902 1641 1938 excide-

166 1966 264 2007 runt,
302 1976 347 2001 ex
376 1965 485 2010 parte
511 1964 625 1999 etiam
657 1962 852 2009 explicatio
876 1975 910 1998 v.
936 1962 1004 1997 831
1038 1963 1076 1997 et
1100 1962 1181 1999 832.
1232 1961 1384 1997 Caussin
1409 1961 1542 1997 lacuna
1566 1957 1642 1996 non

167 2024 312 2059 statuta
334 2023 373 2058 in
397 2035 432 2060 v.
457 2022 527 2057 829
559 2021 689 2057 scribit
711 2022 824 2056 victus
847 2023 880 2057 si
903 2022 1047 2056 volverit
1071 2021 1176 2056 orbis.

260 2094 341 2130 831.
391 2093 506 2129 Chaos
540 2093 688 2129 videtur
725 2093 853 2128 sedem
882 2092 1085 2127 inferorum
1116 2091 1325 2136 significare
1350 2093 1392 2126 ut
1416 2091 1463 2134 II,
1489 2091 1553 2137 863
1579 2091 1640 2133 IV,

170 2153 257 2200 1233
281 2153 326 2194 V,
352 2153 414 2195 95;
451 2151 534 2191 VIL
558 2152 646 2194 402;
684 2152 749 2187 Ov.
785 2153 873 2187 met.
909 2151 953 2196 X,
978 2150 1039 2193 30;
1078 2150 1164 2186 fast.
1196 2150 1257 2196 IV,
1283 2150 1373 2193 600;
1399 2154 1511 2196 Verg.
1548 2154 1641 2186 Aen.

167 2211 228 2254 IV,
254 2211 339 2258 5103
363 2211 428 2257 VI,
452 2211 537 2253 265;
563 2211 649 2246 Luc.
675 2211 738 2251 VI,
763 2210 833 2245 696
859 2210 906 2247 al.

210 2291 213 2293 ·
261 2272 353 2307 iacet
377 2271 512 2306 dicitur
547 2271 590 2305 ut
625 2271 737 2305 antea
760 2270 863 2310 sedet,
903 2268 969 2304 cfr.
1002 2268 1064 2305 Sil.
1089 2268 1173 2310 XII,
1201 2269 1285 2311 132;
1312 2268 1444 2307 Tibull.
1470 2268 1498 2310 I,
1525 2269 1558 2313 3,
1584 2269 1640 2304 67.

261 2341 341 2378 832.
393 2341 512 2377 Chaos
546 2340 670 2377 omnia
699 2340 898 2376 interitura
921 2340 1024 2375 insse
1049 2339 1192 2384 recipit,
1225 2339 1293 2377 cfr.
1326 2339 1413 2375 Luc.
1438 2339 1462 2375 1.
1487 2339 1530 2383 l.;
1556 2338 1638 2373 Sen.

169 2399 305 2437 Troad.
326 2400 418 2447 4003
444 2399 567 2438 Gratt.
593 2410 722 2444 cyneg.
747 2399 827 2434 347.

262 2471 342 2507 833.
392 2475 571 2509 aeternum
606 2471 700 2511 vat„
739 2470 915 2512 infern-um
951 2469 1046 2515 Jeep
1082 2469 1158 2504 ind.
1189 2469 1278 2514 phil.
1312 2471 1354 2512 V,
1382 2468 1464 2514 1503
1507 2467 1642 2502 inferni

171 2529 343 2566 dicuntur
381 2541 447 2575 pro
486 2529 615 2565 inferis
655 2530 698 2563 ut
734 2529 843 2574 Prop.
881 2528 927 2569 H,
961 2529 991 2566 1.
1030 2529 1074 2563 37
1118 2528 1268 2563 Theseus
1304 2527 1464 2569 infernis,
1503 2527 1642 2569 superis

171 2592 320 2625 testatur
342 2589 512 2630 Achiam
549 2587 597 2626 ΙΙ,
623 2588 678 2629 28,
707 2587 752 2623 49
775 2591 858 2623 sunt
882 2587 982 2632 apud
1003 2587 1163 2630 inferrws
1191 2591 1243 2622 tot
1273 2587 1372 2622 milia
1394 2586 1640 2628 formosarum.

262 2649 418 2692 geminas
436 2651 564 2692 portas
587 2646 758 2683 Valerius
782 2646 931 2682 videtur
955 2646 1102 2681 finxisse
1128 2657 1172 2681 ex
1197 2645 1279 2680 loco
1305 2644 1518 2689 Vergiliano
1544 2643 1635 2678 Aen.

171 2704 232 2748 VI,
257 2705 326 2741 893
350 2717 454 2752 seqq.
479 2707 518 2742 et
541 2705 612 2741 540
641 2717 755 2752 seqq„
783 2705 846 2740 ubi
876 2705 974 2740 viam
1004 2706 1041 2740 in
1068 2705 1158 2740 duas
1191 2706 1317 2749 partes
1343 2702 1432 2737 findi
1457 2703 1640 2737 narratur.
