1890 3100
595 226 981 265 ARGONAVTIGON
1003 226 1150 262 LIBER
1173 226 1222 261 IL
1561 228 1647 272 185

279 349 522 388 monstriferi
547 348 701 399 mugire
729 347 839 386 sinus
868 346 1071 398 Sigeaque
1098 345 1224 397 pestis

279 413 553 466 adglomerare
579 412 736 457 fretum,
766 411 878 450 cuius
908 410 1111 450 stellantia
1137 410 1282 462 glauca

277 478 430 517 lumina
455 477 561 516 nube
586 482 773 524 tremunt,
803 482 923 528 atque
952 475 1090 514 ordine
1119 489 1240 514 curva
1265 474 1430 514 trisuleo
1646 492 1705 521 500

277 543 492 582 fulmineus
520 542 647 595 quatit
673 555 743 580 ora
769 541 914 592 fragor,
941 541 1169 593 pelagoque
1196 553 1382 579 remenso

278 607 408 647 cauda
431 607 545 654 redit,
573 619 795 659 passosque
823 607 933 645 sinus
961 606 1065 658 rapit
1091 605 1216 644 ardua
1243 605 1390 644 cervix.

278 672 388 711 illam
413 671 710 719 incumbentem
735 684 808 723 per
834 671 944 710 mille
972 671 1176 709 volumina
1202 676 1347 722 pontus

263 795 345 832 498.
392 795 790 838 monstriferi—sinus,
820 795 908 831 Luc.
922 794 964 836 V,
980 794 1068 837 620;
1095 796 1244 840 muyire,
1270 793 1355 830 Sen.
1368 793 1529 829 Phaedr.
1545 793 1648 828 1026.

226 857 241 862 “
264 854 345 891 499.
393 855 632 900 adglomerare
652 854 785 897 fretum
806 854 830 890 i.
866 865 898 892 e.
928 854 1137 899 glomerare
1167 864 1282 894 mare,
1320 854 1363 888 ut
1392 863 1553 898 magnae
1587 863 1648 887 ex—

171 913 307 949 sistant
328 914 468 956 undae;
494 913 560 949 cfr.
579 914 628 949 ad
643 913 692 955 H,
719 914 786 948 171
805 914 845 949 et
861 912 956 948 Stat.
973 913 1064 949 Ach.
1084 912 1112 955 I,
1139 912 1184 947 59
1200 913 1255 948 illi
1278 911 1474 959 (Tyrrheni
1498 915 1648 956 greges)

169 973 382 1018 spumiferos
402 973 598 1018 ylomerant
621 984 645 1007 a
662 976 806 1017 pectore
827 973 966 1015 fluetus.

264 1032 444 1067 stellantia
467 1032 602 1067 lumina
624 1031 650 1069 i.
676 1043 706 1067 e.
734 1032 917 1073 ardentia,
934 1030 1142 1073 blitzende;
1168 1031 1221 1066 sic
1246 1030 1312 1071 m,
1339 1030 1385 1066 98
1408 1034 1452 1066 st.
1478 1030 1647 1076 teqmina;

169 1090 213 1132 V,
238 1090 308 1126 623
331 1095 443 1133 team
470 1091 536 1127 Ov.
560 1092 648 1127 met.
675 1091 706 1131 Ι,
732 1091 801 1126 723
823 1102 989 1136 yemmae.

263 1149 345 1187 500.
390 1151 521 1196 yloeuca
544 1171 588 1176 —
614 1151 706 1185 nube
729 1154 882 1185 tremunt
907 1150 1063 1185 obscure
1095 1149 1237 1185 dictum
1272 1150 1347 1196 est3
1371 1149 1564 1183 Burmann
1593 1148 1648 1183 in-

169 1208 319 1254 tellegit
341 1209 562 1244 torvitatem
587 1209 776 1244 oculorum
802 1209 883 1244 coll.
908 1209 996 1245 Hor.
1023 1208 1131 1254 epist.
1156 1209 1185 1250 Ι,
1212 1208 1268 1249 18,
1294 1208 1350 1249 94,
1368 1207 1537 1253 Wagner
1561 1208 1649 1242 fluc-

170 1268 241 1309 tus,
267 1267 398 1313 quibus
423 1269 536 1313 caput
560 1267 820 1303 obnubilatum
843 1268 893 1303 sit
918 1269 956 1304 et
980 1269 1051 1303 hoc
1062 1267 1212 1303 videtur
1227 1267 1532 1313 praeferendum:
1552 1266 1649 1302 oculi

171 1326 370 1372 splendent
394 1338 616 1372 quamquam
640 1327 907 1362 obnubilantur
924 1327 1113 1372 spumanti
1129 1327 1242 1361 maris
1259 1337 1359 1368 rore;
1377 1326 1496 1361 nubes
1522 1326 1649 1361 autem

171 1385 220 1422 de
243 1385 358 1421 oculis
386 1385 476 1431 ipsis
500 1385 603 1421 diota
626 1397 701 1421 non
724 1387 803 1420 tam
835 1386 1020 1431 signifieat
1049 1386 1278 1427 torvitatem,
1312 1396 1424 1430 quam
1453 1384 1650 1420 tristitiam

170 1444 233 1480 vel
257 1444 433 1485 dolorem,
459 1446 502 1479 ut
524 1444 606 1490 ipso
630 1444 696 1480 illo
728 1445 875 1480 Horatii
910 1445 1002 1487 loco,
1040 1456 1150 1490 quem
1185 1444 1376 1480 Burmann
1413 1445 1540 1490 affert;
1578 1444 1650 1479 hoe

170 1502 342 1539 similiter
372 1502 508 1539 Graeci
545 1503 765 1549 exprimunt,
805 1503 871 1540 cfr.
913 1503 1025 1549 Soph.
1063 1504 1188 1549 Antlg.
1222 1503 1292 1539 528
1328 1500 1446 1549 νεφέλη
1483 1500 1514 1539 δ’
1519 1502 1650 1549 ὀφρύων

170 1562 251 1608 ὕπερ
275 1563 431 1608 αἱματόεν
454 1561 548 1608 §eboc
571 1564 714 1610 αἰσχύνει
743 1564 782 1598 et
812 1574 908 1608 quae
941 1563 1111 1609 exempla
1134 1563 1188 1598 ibi
1217 1563 1443 1609 interpretes
1474 1563 1646 1606 afferunt,

171 1620 239 1657 cfr.
264 1621 423 1666 denique
447 1621 559 1658 Prud.
583 1622 711 1668 perist.
736 1621 778 1663 V,
806 1622 875 1657 125
899 1634 998 1668 seqq.
1025 1626 1082 1658 ast
1105 1623 1163 1658 ille
1186 1626 1285 1658 tanto
1310 1624 1436 1659 laetior
1460 1622 1565 1659 Omni
1587 1634 1649 1658 va-

171 1684 307 1716 cantem
328 1680 450 1716 nubilo
474 1680 645 1716 Frontem
667 1692 825 1716 serernam
849 1682 1015 1724 luminam
1042 1681 1152 1718 Mart.
1183 1681 1232 1722 H,
1270 1682 1324 1723 11,
1357 1683 1377 1717 1
1413 1693 1526 1728 seqq„
1553 1681 1647 1719 Stat.

171 1738 251 1774 silv.
276 1738 344 1780 ΠΙ,
369 1739 403 1779 ὃ,
430 1740 486 1777 11.

265 1798 390 1834 ordine
412 1819 460 1824 -
484 1799 628 1834 trabum
653 1810 702 1834 sc.
728 1799 907 1835 dentium.

265 1856 346 1893 501.
395 1857 543 1899 Sibilus,
582 1869 692 1902 quem
726 1860 934 1894 monstrum
959 1859 1047 1900 edit,
1086 1861 1325 1905 comparatur
1362 1871 1444 1895 cum
1487 1859 1644 1896 fulmine

173 1917 214 1952 et
235 1916 391 1952 tonitru.

265 1975 343 2010 502.
393 1976 516 2011 Motus
539 1977 696 2012 monstri
719 1977 848 2012 similis
873 1979 930 2013 est
956 1978 999 2019 ei,
1026 1990 1097 2023 quo
1121 1978 1160 2013 in
1183 1980 1287 2014 terra
1312 1989 1452 2023 angues
1482 1979 1543 2015 vel
1567 1990 1649 2014 ver-

150 2045 253 2086 ⁸mes
278 2034 362 2070 loco
386 2036 593 2073 moventur.
643 2035 818 2071 Sinuatur
843 2048 974 2083 corpus
998 2037 1060 2073 vel
1092 2038 1340 2079 contrahitur,
1370 2038 1426 2072 ita
1458 2041 1502 2073 ut
1534 2038 1650 2084 capiti

155 2089 216 2129 *et
238 2092 375 2129 cervici
397 2093 560 2130 immotis
583 2095 809 2140 posteriores
833 2097 960 2141 partes
986 2107 1069 2131 cum
1106 2097 1226 2132 cauda
1251 2097 1530 2138 admoveantur,
1567 2099 1649 2132 tum

171 2151 245 2188 hae
268 2151 353 2190 loco
374 2154 530 2189 manent
554 2154 593 2189 et
618 2155 732 2199 caput
756 2165 839 2189 cum
864 2154 957 2190 collo
993 2157 1244 2200 promovetur.
1293 2155 1350 2192 De
1382 2157 1455 2192 hae
1484 2167 1526 2192 re
1555 2158 1648 2202 puto

170 2211 323 2256 poetam
347 2211 541 2257 cogitasse,
566 2212 634 2248 sed
655 2212 818 2258 priorem
842 2215 985 2249 motum
1010 2213 1221 2250 describere
1242 2215 1513 2260 praetermisit:
1539 2215 1649 2261 fingit

170 2268 331 2305 bestiam
353 2270 599 2307 voluminibus
624 2283 755 2317 eorpus
778 2272 854 2307 iam
878 2272 1052 2314 sinuasse,
1077 2275 1159 2308 tum
1184 2274 1304 2309 cauda
1328 2275 1437 2318 redit,
1468 2275 1492 2311 i.
1510 2286 1542 2311 e.
1569 2287 1648 2310 rur-

171 2338 234 2364 sus
254 2329 428 2375 pervenit
450 2329 489 2364 in
515 2341 598 2365 eum
622 2330 754 2372 locum,
780 2331 845 2366 ubi
867 2332 1020 2377 propria
1044 2332 1122 2368 eius
1147 2333 1254 2369 sedes
1280 2335 1348 2378 est,
1373 2334 1422 2369 ad
1440 2335 1647 2370 extremum

173 2397 315 2432 eorpus,
340 2388 408 2423 sed
432 2389 502 2424 hoc
525 2400 600 2424 non
624 2389 668 2424 fit
691 2392 795 2425 motu
828 2390 942 2436 ipsius
974 2392 1126 2433 caudae,
1161 2404 1291 2428 verum
1323 2405 1366 2429 eo
1404 2394 1503 2438 quod
1534 2395 1648 2439 caput

171 2447 424 2491 promovetur:
444 2452 575 2492 passos
597 2449 699 2484 simas
727 2450 825 2494 rapit
863 2450 980 2485 ardua
1016 2452 1142 2489 cer-022⁶.
1190 2452 1319 2497 Neque
1350 2463 1440 2488 vero
1476 2452 1647 2488 Valerius

172 2513 254 2540 rem
275 2505 319 2540 ut
340 2505 512 2551 physicus
536 2507 739 2542 secundum
764 2508 964 2544 veritatem
987 2510 1108 2556 ipsam
1132 2510 1343 2547 describere
1368 2511 1544 2552 debebat,
1579 2511 1646 2547 sed

173 2563 219 2598 ut
237 2564 352 2610 poeta
374 2565 576 2601 secundum
600 2566 763 2611 speciem
786 2568 968 2606 veritatis.
993 2569 1072 2605 Hoc
1095 2570 1206 2605 modo
1223 2572 1266 2605 ut
1281 2571 1403 2606 totam
1420 2570 1646 2606 sententiam

175 2621 364 2668 explicem,
389 2623 553 2660 adducor
576 2625 682 2661 verbi
705 2626 875 2662 redeundi
898 2627 1049 2664 notione
1074 2628 1096 2663 i.
1124 2640 1156 2665 e.
1178 2629 1423 2674 perveniendi
1448 2641 1571 2664 rursus
1591 2640 1644 2670 eo,

174 2679 275 2716 unde
297 2681 417 2726 primo
440 2682 630 2728 profectus
655 2684 719 2719 sis:
746 2685 864 2720 cauda
889 2687 1015 2722 autem
1039 2687 1159 2732 primo
1184 2699 1225 2724 se
1249 2690 1376 2724 movet
1401 2699 1423 2722 a
1455 2689 1646 2733 postrema
