1890 3100
257 181 344 225 356

779 180 816 218 C.
845 181 1023 217 VALERI
1048 181 1222 218 FLACCI

364 301 562 339 montibus
594 300 767 340 Alciden
797 301 1011 340 dimissave
1041 308 1135 340 vota
1163 303 1423 356 retemptet?)

363 379 534 417 pergere
565 366 641 405 iter
670 367 786 414 soeii3
816 373 970 406 tantum
999 368 1192 406 mirantur
1221 368 1270 407 ab
1302 369 1381 408 alto

364 430 483 469 litora
511 431 693 470 discussa
723 433 846 472 sterni
875 434 968 471 nive
997 439 1195 486 ruptaque
1226 447 1325 472 saxa

365 503 405 535 et
435 497 553 535 simul
582 498 787 549 ingentem
816 498 1077 537 moribundae
1108 499 1282 551 desuper
1310 500 1490 539 umbram
1751 508 1804 538 175

366 562 470 600 alitis
501 568 621 615 atque
651 564 746 602 atris
776 570 956 603 rorantes
986 564 1179 603 imbribus
1209 578 1338 604 auras.

420 627 491 666 Sol
520 629 682 680 propius
711 629 939 668 flammabat
969 643 1105 682 aquas,
1138 636 1399 683 extremaque
1428 631 1546 670 fessis

366 699 554 745 coeperat
584 699 739 746 optatos
768 695 847 732 iam
876 695 947 732 lux
976 694 1192 734 ostendere
1224 695 1412 743 Colchos,

364 772 532 809 magnus
562 759 631 798 ubi
660 759 873 798 adversum
903 761 1102 811 spumanti
1130 760 1272 799 Phasis
1302 761 1343 799 in
1372 774 1524 813 aequor

292 821 299 829 ”
367 837 435 862 ore
464 826 552 863 ruit.
603 826 735 863 cuncti
762 826 911 877 pariter
938 825 1028 864 loca
1057 825 1193 865 debita
1222 832 1392 865 noscunt
1626 850 1628 854 ν
1751 828 1806 858 180

373 891 570 943 signaque
601 896 914 929 commemorant
943 903 1209 944 emensasque
1241 891 1378 931 ordine
1408 898 1562 944 gentes,

365 958 544 1009 dantque
573 962 701 995 ratem
729 956 862 994 fluvio.
921 956 1037 994 simul
1067 957 1231 996 aethere
1260 957 1381 1009 plena
1410 971 1575 997 corusco

366 1023 501 1062 Pallas
532 1027 573 1060 et
601 1021 802 1074 alipedum
831 1022 932 1060 Iuno
962 1022 1056 1074 iuga
1085 1023 1188 1061 sistit
1218 1036 1422 1075 equorum.

419 1090 482 1127 Ac
512 1087 606 1126 dum
634 1088 761 1140 prima
789 1088 901 1139 gravi
931 1087 1072 1126 ductor
1102 1088 1208 1127 subit
1237 1089 1338 1127 ostia
1379 1088 1510 1141 pulsu,

355 1226 433 1261 172.
483 1230 567 1261 vota
592 1236 641 1261 sc.
668 1224 837 1260 Herculis
863 1225 1123 1270 recuperandi.

359 1286 437 1321 175.
490 1284 662 1330 Aquilam
687 1284 809 1330 ipsam
840 1296 915 1320 non
951 1284 1183 1330 conspiciunt
1200 1286 1449 1328 Argonautae,
1482 1285 1549 1321 sed
1573 1287 1753 1330 umbram,

260 1357 373 1392 quam
397 1345 548 1380 interra
573 1344 634 1380 vel
651 1355 748 1389 aqua
782 1343 883 1385 facit,
922 1333 964 1379 ut*
1002 1355 1123 1389 neque
1164 1343 1287 1390 ipsum
1326 1344 1593 1380 Prometheum
1633 1357 1754 1391 neque

258 1404 458 1441 Herculem
497 1403 739 1449 conspiciunt,
767 1403 834 1439 sed
859 1403 1020 1448 vestigia
1057 1406 1198 1439 tantum
1232 1403 1395 1449 ingentis
1421 1404 1600 1440 facinoris.
1661 1405 1759 1441 Tota-

260 1464 461 1510 deseriptio
493 1463 645 1498 laborat
669 1463 783 1498 nimia
808 1462 874 1498 sed
899 1462 1049 1498 Valerio
1075 1474 1149 1498 non
1173 1462 1320 1498 insueta
1345 1463 1607 1509 superlatione.

259 1644 349 1679 Aen.

357 1524 437 1559 176.
489 1524 581 1558 atris
607 1543 650 1548 —
676 1523 849 1558 imbribus
874 1534 923 1558 se.
951 1523 1090 1557 cruoris
1117 1522 1275 1567 aquilae.

357 1583 435 1619 180.
487 1583 563 1618 loca
588 1582 705 1617 debita
739 1582 761 1617 i.
790 1593 820 1618 e.
847 1582 926 1617 fato
952 1582 1004 1618 eis
1040 1582 1243 1623 destinata;
1279 1581 1346 1618 cfr.
1371 1582 1418 1618 ad
1452 1595 1486 1618 v.
1512 1583 1555 1618 21
1584 1584 1622 1619 et
1648 1583 1752 1630 Verg.

376 1642 460 1683 VII,
488 1642 568 1677 120.

279 1719 285 1724 ·
355 1702 433 1737 182.
484 1702 622 1737 aethere
640 1702 752 1746 plena
776 1712 920 1737 corusco
934 1701 957 1737 i.
977 1713 1008 1738 e.
1024 1701 1263 1742 circumdata,
1283 1712 1330 1737 ne
1349 1701 1492 1747 adspici
1503 1704 1644 1748 posset3
1663 1713 1753 1739 sane

259 1763 432 1798 inusitate
458 1761 607 1803 dictum,
623 1761 691 1797 sed
710 1761 829 1797 simile
856 1762 959 1797 certe
985 1765 1049 1803 est,
1077 1761 1174 1806 quod
1199 1761 1346 1807 scripsit
1377 1761 1543 1797 Lucanus
1575 1761 1622 1798 de
1650 1762 1756 1798 Cleo—

258 1823 368 1868 patra
392 1821 438 1862 X,
467 1821 535 1855 139
556 1822 666 1865 plena
699 1822 813 1856 maris
848 1821 950 1856 rubri
974 1821 1109 1866 spoliis.
1162 1819 1277 1856 Simul
1315 1832 1395 1856 eum
1427 1821 1652 1866 Argonautis
1690 1822 1755 1857 ad-

259 1881 415 1917 veniunt
441 1880 606 1916 curribus
632 1880 722 1916 Iuno
748 1882 786 1916 et
806 1880 991 1916 Minerva:
1021 1880 1164 1925 utrique
1183 1880 1282 1916 enim
1302 1880 1397 1916 deae
1422 1892 1549 1916 currus
1574 1880 1754 1916 tribuitur

259 1952 329 1977 nee
353 1940 474 1975 minus
501 1942 660 1985 utraque
699 1940 770 1975 dea
807 1940 946 1976 nebula
984 1939 1107 1975 cincta
1146 1941 1219 1976 est:
1247 1939 1347 1985 quod
1384 1939 1431 1976 de
1455 1939 1580 1985 priore
1606 1940 1753 1983 dicitur,

259 2000 374 2036 etiam
401 2001 448 2035 ad
481 2000 634 2036 alteram
674 1999 835 2045 pertinet
871 2001 907 2035 et
933 2001 1075 2041 contra;
1103 1999 1169 2035 cfr.
1196 1999 1245 2034 ad
1270 1998 1298 2044 Ι,
1325 1999 1381 2035 59.
1432 1999 1599 2035 Minerva
1638 2000 1754 2036 habet

261 2071 407 2095 currum
434 2059 535 2105 apud
560 2059 647 2095 Hor.
676 2071 706 2095 c.
733 2061 761 2104 I,
778 2060 833 2101 15,
862 2060 923 2101 12;
951 2059 1097 2105 saepius
1130 2059 1264 2095 Iunoni
1288 2059 1474 2095 tribuitur:
1503 2059 1568 2095 Ov.
1594 2060 1684 2095 met.
1704 2059 1754 2101 II,

259 2118 328 2154 531
339 2131 346 2160 ;

259 2177 340 2213 Val.

260 2238 477 2272 auctoritate
503 2237 654 2272 Homeri
682 2237 722 2272 Π.
750 2238 791 2278 V,
819 2237 889 2272 720
914 2248 1015 2282 seqq.

262 2367 375 2401 equos
403 2355 517 2391 etiam
532 2355 632 2391 cervi
650 2356 752 2401 apud
767 2357 897 2402 poetas
912 2356 1143 2392 nominantur
1162 2356 1280 2402 (Lucr.
1294 2356 1356 2397 VI,
1384 2356 1472 2399 765;
1498 2358 1632 2392 Auson.
1650 2356 1752 2402 idyll.

261 2415 399 2456 XVIII,
427 2415 463 2456 5)
490 2414 550 2450 vel
577 2415 667 2450 adeo
693 2426 818 2450 currus
844 2415 944 2450 infra
970 2415 1059 2457 612;
1103 2414 1166 2452 Sil.
1194 2414 1390 2458 V11‚›700;
1417 2417 1560 2452 turmae
1587 2415 1754 2461 equitum

262 2473 324 2510 Sil.
351 2473 421 2515 III,
448 2474 535 2520 2923
577 2474 652 2515 XV,
681 2474 765 2516 5543
804 2475 987 2510 interdum
1025 2475 1142 2520 alipes
1181 2475 1259 2511 loco
1295 2474 1520 2526 substantivi
1550 2487 1620 2521 pro
1658 2486 1752 2521 equo

261 2533 451 2569 scribitur:
478 2533 590 2578 Verg.
617 2536 705 2569 Aen.
731 2533 814 2574 VII,
841 2534 930 2576 277;
958 2533 1050 2569 Stat.
1078 2533 1194 2571 Theb.
1221 2535 1282 2576 VI,
1321 2533 1409 2576 29&
1448 2533 1512 2580 IX,
1539 2534 1627 2577 206;
1665 2534 1751 2578 580;

262 2593 326 2634 XI,
354 2593 449 2631 198..

386 2118 473 2154 fast.
499 2118 561 2162 VI,
587 2118 653 2165 463
693 2118 798 2164 Verg.
834 2118 924 2154 Aen.
961 2118 989 2160 Ι,
1018 2118 1079 2160 17;
1107 2118 1198 2154 Stat.
1225 2117 1342 2155 Theb.
1383 2118 1466 2160 XII,
1508 2118 1595 2161 29&
1638 2119 1753 2155 etiam

366 2177 407 2217 V,
435 2177 505 2213 288
546 2178 687 2222 Iunoni,
725 2189 800 2213 non
831 2177 1023 2213 Minervae
1064 2177 1199 2212 tribuit
1237 2188 1367 2223 equos;
1410 2178 1504 2223 quod
1529 2177 1670 2214 factum
1697 2179 1755 2215 est

357 2295 435 2331 183.
486 2296 640 2340 alipedes
673 2297 752 2342 equi
784 2309 858 2332 non
883 2298 970 2332 sunt
1008 2296 1107 2340 alati,
1145 2297 1211 2332 sed
1235 2297 1476 2344 velocissimi;
1515 2297 1566 2333 sic
1601 2298 1756 2343 praeter

359 2653 438 2689 184.
483 2653 595 2697 pubsu
620 2664 669 2688 sc.
695 2664 891 2688 remorum.
956 2699 959 2701 -
