1890 3100
583 235 965 274 ARGONAVTIGON
987 234 1135 270 LIBER·
1157 233 1209 270 II.
1547 235 1630 278 173

269 363 378 396 terra
402 359 524 405 iuvat,
551 356 648 394 resti
674 356 716 394 in
741 355 879 393 laevos
906 354 1022 405 piger
1048 352 1206 403 angitur
1232 351 1360 397 orbes,

271 422 387 461 frena
410 427 545 461 tamen
572 420 851 471 dominumque
878 418 988 466 velit,
1017 418 1052 456 si
1078 417 1244 455 Martius
1272 429 1388 454 aures

271 487 420 526 clamor
446 491 487 525 et
514 485 626 524 obliti
650 497 786 523 rursus
814 483 948 534 fragor
972 482 1138 534 impleat
1165 481 1280 520 aeris.

0 554 10 594 lv
270 557 367 590 tunc
393 551 545 602 Argum
569 549 811 601 Tiphynque
839 553 957 586 vocat
981 547 1206 599 pelagoque
1239 546 1371 597 parari
1634 555 1688 585 390

0 638 4 644 ·
271 615 521 668 praecipitat3
548 615 648 666 petit
675 613 828 665 ingenti
855 612 1028 651 clamore
1054 612 1246 662 magister

271 693 381 719 arma
406 680 513 719 viros
541 679 689 730 pariter
716 691 954 730 sparsosque
987 677 1030 715 in
1054 676 1171 714 litore
1198 680 1353 714 remos.⁷

374 745 566 782 Exoritur
590 756 718 781 novus
745 743 844 781 urbe
873 742 985 780 dolor
1002 741 1265 793 planctusque
1292 753 1366 792 per
1393 752 1529 778 omnes

273 814 314 847 et
339 808 463 847 facies
492 808 654 860 antiqua
681 806 829 845 domos.
886 806 962 844 sibi
986 806 1146 844 moenia
1171 805 1300 857 linqui

273 886 326 912 en
351 873 506 920 iterum,
536 877 577 911 et
604 871 761 924 quando
790 876 970 910 natorum
996 875 1186 921 tempora,
1222 875 1383 921 gentem
1637 885 1691 915 395

272 938 340 990 qui
365 937 554 984 recolant,
584 937 651 988 qui
676 941 832 987 sceptra
857 934 1022 986 gerant?
1050 948 1156 972 nunc
1179 934 1292 972 triste
1316 933 1515 972 nefandae

272 1003 399 1041 noctis
428 1015 538 1054 opus,
571 1000 682 1039 vidui
707 1014 813 1039 nunc
839 1000 909 1038 illa
936 999 1095 1038 silentia
1120 999 1217 1038 tecti

270 1079 394 1105 saeva
418 1067 556 1117 magis,
583 1066 778 1104 thalamos
807 1077 1054 1116 excussaque
1082 1063 1215 1102 vincla
1242 1063 1349 1115 quod
1377 1076 1499 1102 ausae

272 1131 438 1170 induere
467 1136 586 1183 atque
613 1131 756 1169 iterum
783 1129 885 1168 tales
916 1129 1123 1167 admittere
1158 1142 1284 1166 curas.

272 1196 362 1248 ipsa
389 1209 547 1248 quoque
575 1195 804 1246 Hypsipyle
839 1194 991 1232 subitos
1018 1207 1091 1245 per
1117 1193 1234 1231 litora
1262 1206 1400 1231 cursus
1638 1209 1693 1239 400

273 1266 318 1298 ut
343 1260 442 1298 vidit
468 1266 630 1312 totaque
658 1260 763 1298 viros
792 1258 987 1298 decedere
1014 1259 1177 1305 Lemno,

273 1326 439 1376 ingemit
466 1330 506 1364 et
533 1324 604 1363 tali
632 1323 844 1376 compellat
870 1324 1016 1362 Iasona
1043 1329 1204 1375 questu:

274 1390 418 1428 ‘iamne
444 1389 577 1441 placet
603 1389 727 1441 primo
756 1388 953 1427 deducere
981 1387 1074 1426 vela
1101 1401 1254 1434 sereno,

275 1455 407 1492 carius
433 1467 455 1492 ο
483 1454 579 1492 mihi
604 1460 716 1506 patre
746 1449 890 1505 caput?
922 1452 1038 1491 modo
1067 1466 1189 1491 saeva
1216 1453 1402 1504 quierunt

261 1588 343 1626 390.
384 1589 624 1634 praecipitare
640 1588 787 1624 omnino
800 1588 986 1633 sig-nificat
1002 1587 1150 1624 efficere
1167 1588 1408 1628 celeritatem,
1427 1588 1498 1624 hoc
1514 1589 1641 1624 autem

168 1647 261 1689 loco,
287 1658 371 1683 cum
394 1647 559 1692 sequitur
582 1647 812 1683 accusativus
838 1658 868 1683 c.
892 1647 1005 1688 infin„
1029 1647 1214 1692 imperare
1238 1648 1281 1681 ut
1305 1646 1478 1682 celeriter
1502 1646 1641 1692 aliquid

169 1705 247 1748 fiat,
271 1705 441 1742 similiter
463 1706 574 1752 Verg.
598 1707 688 1742 Aen.
714 1706 780 1748 XI,
805 1706 828 1740 2
852 1717 927 1751 seq.
951 1706 1055 1741 sociis
1079 1706 1165 1741 dare
1181 1710 1316 1750 tempus
1331 1706 1523 1741 humandis
1531 1716 1641 1751 prae-

169 1764 321 1809 cipitant
343 1775 465 1812 wae3
490 1764 585 1800 Stat.
611 1765 727 1802 Theb.
759 1765 786 1805 L
814 1765 883 1800 679
914 1766 948 1800 si
971 1765 1214 1810 praecipitant
1243 1765 1407 1800 miserum
1439 1776 1642 1810 cognoscere

170 1834 277 1858 cwrae
300 1834 333 1860 e.
357 1835 391 1869 q.
417 1835 458 1870 s.;
495 1824 603 1869 Apul.
639 1825 728 1860 met.
767 1823 834 1865 ΠΙ
874 1824 917 1859 16
952 1835 1006 1858 me
1041 1825 1188 1868 capillos
1224 1824 1299 1859 dus
1322 1845 1368 1850 -—
1386 1825 1642 1868 praecipitavit

169 1881 274 1924 forre.

265 1951 345 1988 394.
371 1955 403 1988 A
418 1953 582 1998 plurimis
600 1952 802 1988 editoribus
818 1955 848 1989 it
864 1953 1037 1988 scribitur
1054 1965 1121 1999 pro
1139 1965 1183 1989 eo
1203 1954 1302 1998 quod
1323 1954 1363 1988 in
1380 1955 1466 1992 Vat.
1478 1954 1642 1990 traditur

172 2014 215 2053 et,
239 2011 337 2057 quod
360 2011 528 2047 Koestlin
552 2013 654 2047 recte
679 2012 848 2048 defendit
871 2012 1002 2048 Philol.
1027 2012 1084 2058 39,
1109 2012 1198 2054 239;
1224 2013 1391 2058 antiquus
1416 2013 1642 2049 adiectivum

172 2069 338 2115 pertinet
362 2070 476 2105 etiam
500 2070 549 2105 ad
571 2070 740 2116 planctus
765 2070 938 2116 facilique
962 2072 1157 2116 zeugmate
1179 2071 1290 2114 facies
1320 2071 1527 2108 subiectum
1558 2084 1641 2107 cum

174 2129 331 2164 won'uu·
355 2129 651 2174 coniungendum
676 2131 748 2171 est;
774 2129 840 2165 cfr.
864 2130 989 2175 paullo
1012 2129 1112 2164 infra
1128 2131 1507 2173 thalamos—induere;
1527 2130 1640 2167 facies

175 2187 328 2232 antiqua
353 2189 410 2223 est
434 2199 487 2229 ea,
514 2199 606 2233 quae
632 2189 724 2234 erat,
751 2199 833 2224 cum
857 2188 927 2223 viri
952 2200 997 2224 ex
1021 2188 1180 2224 Thracia
1204 2189 1381 2226 redirent.

267 2257 347 2294 395.
394 2258 535 2303 quando
558 2262 722 2294 natorum
745 2263 902 2303 tempora
925 2259 948 2295 i.
976 2270 1007 2295 e.
1032 2260 1190 2306 quando,
1217 2272 1328 2305 quam
1344 2261 1408 2296 diu
1422 2262 1509 2306 post
1525 2261 1641 2306 Argo·

174 2317 371 2352 nautarum
388 2317 588 2352 discessum
606 2318 715 2353 erunt
730 2318 792 2354 vel
810 2318 962 2354 venient
984 2319 1156 2364 tempora
1180 2320 1363 2363 natorum,
1389 2319 1520 2364 quibus
1546 2320 1642 2354 anti-

175 2385 266 2421 quus
290 2375 381 2411 ordo
405 2375 636 2412 restituatur.

269 2445 350 2483 399.
395 2446 624 2491 inlmratque
646 2446 743 2492 vat„
768 2448 913 2483 induere
936 2452 1039 2493 atque
1063 2448 1276 2494 Zinzerling.

269 2504 350 2539 401.
400 2505 456 2541 De
480 2505 721 2541 collocatione
745 2510 786 2541 ut
810 2507 1075 2542 coniunctionis
1101 2507 1167 2544 cfr.
1194 2508 1243 2542 ad
1266 2509 1311 2548 n,
1337 2508 1418 2544 271.

270 2563 351 2599 403.
400 2564 566 2599 deducere
588 2565 664 2599 vela
688 2576 735 2599 sc.
763 2565 809 2601 de
834 2566 1013 2607 antennis,
1038 2566 1061 2601 i.
1081 2577 1112 2602 e.
1140 2567 1335 2612 explicare,
1361 2567 1544 2612 pandere3
1570 2566 1638 2604 cfr.

180 2619 247 2657 Ov.
270 2622 357 2657 met.
382 2620 450 2663 ΠΙ,
476 2622 561 2666 663;
586 2622 646 2664 VI,
672 2623 757 2665 232;
783 2623 846 2669 xl,
870 2624 955 2666 477;
982 2625 1065 2661 Luc.
1091 2625 1139 2666 ΙΙ,
1165 2625 1244 2661 697.

271 2679 352 2716 404.
399 2682 562 2725 quierunt
585 2692 752 2727 aequora3
779 2682 826 2718 de
850 2683 1018 2728 perfecto
1042 2685 1207 2729 quierunt
1231 2684 1298 2719 cfr.
1325 2684 1374 2719 ad
1398 2683 1458 2721 IV,
1486 2684 1541 2719 61.

1251 2818 1270 2843 Ι
