1890 3100
572 234 959 272 ARGONAVTICON
982 235 1129 269 LIBER
1154 234 1203 270 Π.
1545 236 1627 278 137

258 357 362 395 haec
388 356 458 395 ubi
485 356 591 394 dicta
617 354 739 401 dedit,
770 353 928 392 Cereris
957 358 1040 390 tum
1068 365 1232 390 munere
1260 352 1389 390 fessas

256 422 471 460 restituunt
497 421 603 458 vires
632 425 673 458 et
699 431 818 470 parco
848 431 1012 469 corpora
1039 417 1217 464 Baccho3

258 499 352 524 mox
379 498 516 524 somno
544 497 721 532 cessere3
750 488 896 534 regunt
924 495 997 521 sua
1025 482 1157 520 sidera
1184 495 1372 534 puppem.

310 557 476 608 Iamque
505 555 580 594 sub
607 555 722 594 ane
751 554 892 593 dubios
920 552 1138 592 Atlantidis
1167 554 1281 604 ignes

259 621 368 660 albet
395 633 504 672 ager,
531 620 728 672 nigrisque
756 625 890 662 truces
918 619 968 657 ab
998 618 1167 657 ovilibus
1195 619 1278 656 ursi

255 691 343 724 tuta
369 685 587 737 domosque
614 691 769 736 petunt,
797 698 905 722 raras
935 690 976 722 et
1003 683 1097 722 litus
1126 684 1167 722 in
1196 683 1319 721 altum

256 751 376 789 mittit
403 763 511 797 aves,
541 764 631 788 cum
658 751 807 801 primus
838 750 951 801 equis
964 749 1118 804 gitegit
1147 748 1302 787 anhelis

243 874 300 911 69.
347 875 433 910 haec
457 874 518 909 ubi
542 874 638 909 dicta
661 874 772 909 dedit:
797 873 909 918 Vei-g.
934 874 1026 909 Aen.
1051 872 1098 913 IL
1125 872 1205 908 790.

243 944 300 983 70.
345 945 616 1008 fessasssfn'res:
649 943 796 990 Coripp.
822 943 901 979 Ioh.
927 943 993 985 111,
1020 943 1101 978 411.

242 1015 299 1052 71.
345 1027 414 1052 oua
436 1011 556 1052 eidem
579 1015 603 1052 i.
630 1026 661 1052 e.
686 1015 790 1060 quasi
814 1014 965 1060 propria
988 1014 1140 1049 navium
1163 1014 1429 1060 regendarum;
1447 1025 1523 1049 non
1544 1025 1629 1049 raro

150 1074 206 1110 ita
228 1086 317 1110 suus
339 1085 544 1121 pronomen
569 1074 619 1110 ad
644 1074 854 1110 subiectum
878 1073 1089 1119 appositum
1114 1073 1280 1118 pertinet
1306 1073 1355 1107 ad
1371 1073 1420 1114 id,
1441 1073 1541 1118 quod
1565 1073 1630 1108 ob-

148 1134 239 1170 iecti
261 1134 454 1180 proprium
479 1135 552 1176 est;
591 1133 659 1169 cfr.
687 1133 726 1174 V,
752 1133 839 1175 487;
864 1133 953 1168 Hor.
979 1133 1088 1178 epist.
1114 1132 1143 1173 Ι,
1171 1132 1225 1174 18,
1259 1132 1319 1173 79;
1358 1132 1424 1167 Ov.
1457 1132 1548 1167 artis
1578 1132 1628 1173 ΙΙ,

63 1222 74 1227 -
149 1193 212 1236 60;
237 1193 322 1235 551;
348 1192 436 1237 6433
460 1193 599 1228 remed.
626 1193 716 1234 1763
742 1193 831 1228 met.
858 1191 907 1233 11,
935 1192 1019 1234 18&
1045 1192 1122 1232 xv,
1151 1191 1235 1237 1153
1267 1191 1363 1226 trist.
1397 1191 1464 1232 ΠΙ,
1499 1192 1531 1236 1,
1565 1191 1628 1233 66;

146 1251 211 1294 IV,
235 1251 268 1294 4,
295 1251 358 1298 753
385 1251 481 1287 Stat.
506 1251 623 1288 Theb.
649 1251 710 1292 IV,
739 1251 823 1295 146;
848 1250 949 1292 VIII,
975 1251 1063 1296 2363
1091 1250 1182 1285 Ciris
1202 1250 1288 1294 133;
1308 1250 1435 1286 Claud„
1455 1251 1502 1286 de
1519 1252 1630 1298 raptu

149 1310 252 1347 Pron.
278 1309 347 1357 111,
373 1311 458 1353 243;
483 1312 608 1346 utrum
631 1310 837 1356 praecedat
862 1310 1050 1345 obiectum
1074 1321 1123 1344 an
1148 1311 1334 1355 sequatur,
1361 1309 1454 1344 nihil
1472 1309 1631 1346 interest

150 1369 251 1416 apud
273 1371 406 1415 poetas
431 1370 580 1415 quidem
605 1380 725 1414 neque
750 1380 902 1405 necesse
929 1371 995 1409 est,
1014 1369 1166 1404 subesse
1184 1380 1267 1404 eam
1283 1369 1474 1404 notionem
1498 1370 1542 1404 ut
1564 1380 1630 1404 suo

148 1428 368 1474 pronomine
393 1428 621 1464 contrarium
645 1428 768 1464 alieno
794 1427 990 1473 efficiatur,
1016 1428 1115 1473 quod
1139 1428 1182 1462 fit
1205 1428 1423 1473 plerumque
1448 1428 1488 1463 in
1516 1439 1629 1473 prosa

148 1487 327 1530 oratione,
363 1478 469 1523 relat
493 1487 594 1533 apud
619 1487 693 1525 Cic.
716 1499 784 1533 pro
811 1486 906 1525 Sest.
932 1487 1000 1521 142
1026 1487 1264 1522 Hannibalem
1287 1488 1346 1522 sui
1383 1488 1474 1522 cives
1509 1487 1628 1531 (seiae

149 1542 357 1592 eige'nen)
382 1557 400 1581 e
423 1547 564 1582 civitate
587 1548 771 1582 eiecerunt.

241 1617 298 1654 72.
345 1616 551 1662 Postquam
573 1619 815 1663 Argonautae
839 1617 964 1663 patria
990 1617 1121 1653 relicta
1153 1629 1267 1652 unum
1304 1617 1403 1653 diem
1442 1619 1481 1652 et
1516 1629 1629 1652 unam

147 1677 295 1712 noctem
318 1676 417 1712 vecti
440 1677 536 1718 sunt,
562 1676 725 1712 secundo
750 1676 810 1712 die
836 1688 899 1712 eos
923 1676 999 1711 iam
1024 1676 1205 1712 Lemnum
1228 1676 1442 1721 pervenisse
1459 1676 1628 1712 Valerius

146 1735 277 1771 narrat
300 1736 433 1771 contra
456 1735 669 1772 veritatem
694 1736 746 1770 At
770 1736 871 1781 apud
887 1735 1059 1781 Apollon.
1086 1735 1116 1781 1,
1142 1735 1213 1770 600
1237 1747 1337 1780 seqq.
1371 1737 1486 1771 noctu
1510 1735 1629 1771 Palle-

146 1804 221 1830 nen
250 1794 504 1840 praetervecti
526 1806 643 1840 usque
668 1795 719 1829 ad
741 1795 930 1831 Athonem
955 1796 1123 1830 montem
1149 1796 1188 1830 et
1212 1795 1299 1830 inde
1325 1807 1439 1829 unum
1465 1795 1565 1830 diem
1591 1796 1630 1830 et

146 1863 260 1888 unam
283 1854 433 1889 noctem
456 1853 624 1899 provecti
647 1855 800 1899 postero
825 1854 886 1889 die
911 1854 1090 1889 Lemnum
1116 1855 1323 1900 venerunt3
1349 1853 1416 1889 cfr.
1432 1854 1481 1888 ad
1494 1853 1543 1895 ΙΙ,
1571 1853 1626 1890 10.

240 1911 341 1948 dubii
362 1912 469 1957 ignes
494 1913 581 1947 sunt
605 1912 778 1953 siderum,
806 1924 902 1958 quae
927 1913 995 1948 sub
1022 1913 1166 1948 oriente
1192 1913 1271 1948 sole
1303 1913 1441 1958 (ane
1470 1914 1629 1948 Atlanti-

147 1969 213 2012 dis,
238 1970 305 2007 cfr.
329 1970 442 2016 Verg.
467 1982 594 2016 georg.
620 1971 650 2013 Ι,
676 1972 760 2015 221)
786 1972 1031 2015 hebetantur;
1067 1971 1135 2008 cfr.
1160 1972 1242 2008 Iuv.
1266 1972 1308 2007 V.
1335 1972 1382 2006 20
1407 1983 1508 2017 seqq.
1533 1973 1629 2008 solli-

146 2029 238 2065 aim
259 2039 305 2064 ne
332 2029 422 2065 Tota
444 2031 639 2065 salutatrix
675 2031 746 2065 iam
783 2032 890 2066 turba
919 2032 1097 2076 peregerit
1133 2032 1249 2066 orbem
1275 2031 1460 2066 Sidm'bus
1496 2031 1628 2073 dubiis;

147 2088 280 2125 eodem
302 2088 414 2124 modo
439 2089 518 2125 dies
544 2089 678 2124 dieitur
704 2090 836 2125 dubius
873 2089 958 2126 Sen.
994 2089 1080 2127 Tro.
1106 2090 1197 2124 1142
1229 2091 1472 2135 premiturque
1501 2091 1630 2126 dubius

146 2150 245 2182 node
266 2148 386 2184 vicina
408 2147 498 2189 die-⁹3
523 2159 644 2194 neque
670 2149 780 2184 aliter
806 2149 1027 2194 explicanda
1053 2150 1110 2184 est
1135 2149 1246 2184 dubia
1270 2149 1400 2194 lanuyo
1425 2150 1448 2185 i.
1475 2161 1506 2185 e.
1532 2161 1627 2194 quae

145 2205 210 2241 vix
233 2206 490 2252 conspiciatur,
516 2209 559 2242 ut
584 2208 631 2244 de
668 2219 712 2243 ea
737 2208 910 2243 dubitare
941 2208 1069 2253 possis.
1101 2208 1200 2253 apud
1226 2208 1294 2244 Ov.
1324 2210 1413 2244 met.
1445 2208 1507 2255 IX,
1540 2208 1626 2250 3983

276 2265 356 2302 753.

147 2264 444 2360 mdaautidcs
479 2326 566 2360 sunt
596 2325 779 2367 Pleiades,
806 2325 905 2362 filiae
939 2326 1103 2361 Atlantis
1142 2327 1181 2361 et
1204 2326 1391 2362 Pleiones.
1420 2326 1487 2362 cfr.
1514 2326 1625 2372 Verg.

55 2359 73 2434 Α.
147 2393 276 2428 georg.
300 2382 328 2425 1.,
354 2383 440 2426 221;
478 2384 706 2430 singularem
730 2384 879 2430 scripsit
902 2387 1027 2431 poeta,
1061 2386 1104 2419 ut
1129 2385 1209 2420 aliis
1235 2385 1325 2421 locis
1351 2386 1530 2421 Pleiadem
1557 2397 1628 2430 pro

72 2495 73 2498 ¹
147 2440 366 2483 pleiadibus,
391 2441 459 2478 cfr.
485 2441 537 2477 adl
559 2442 587 2484 Ι,
613 2443 692 2477 647.

241 2510 298 2550 ‘25
322 2513 436 2558 aeyt't
459 2513 548 2558 quid
572 2513 757 2558 significet
790 2514 860 2549 hoc
897 2514 989 2555 loco
1027 2526 1102 2550 non
1126 2514 1255 2559 liquet.
1285 2514 1407 2549 Bur-m.
1448 2515 1628 2550 ‘ascendit

71 2551 77 2564 ι’
149 2569 348 2616 (Phoebus)
374 2583 418 2607 eo
442 2583 558 2617 usque
581 2573 624 2607 ut
648 2572 762 2607 radiis
786 2574 887 2608 Atho
911 2573 1066 2613 vicerit',
1099 2573 1198 2618 quod
1222 2573 1329 2608 nihili
1354 2575 1426 2615 est;
1459 2574 1507 2607 W
1510 2585 1626 2618 agnei·

150 2629 397 2675 ‘conspicuum
420 2631 544 2667 subito
569 2631 674 2666 facit
699 2642 791 2667 sana
815 2632 1015 2672 sententia
1043 2632 1110 2668 sed
1142 2626 1321 2678 exemplis
1353 2637 1395 2667 ut
1425 2633 1520 2668 solet
1551 2644 1625 2667 non

25 2674 38 2709 Γ*
149 2686 301 2730 adamim
338 2699 468 2734 neque
506 2690 646 2735 opinor,
683 2690 772 2725 addi
807 2692 973 2736 possunt.
1003 2691 1083 2725 Nisi
1122 2691 1238 2728 fallor.
1271 2691 1441 2727 Valerius
1478 2692 1626 2736 scripsit

1646 429 1681 458 70

1650 746 1686 775 75
