1890 3100
271 246 356 289 202
820 243 857 279 C.
884 243 1067 279 VALERI
1092 243 1266 279 FLAOOI

378 363 523 401 subicit
552 362 798 402 Aesonides:
830 364 993 401 ‘utinam
1023 377 1128 401 nunc
1159 363 1217 401 ira
1247 362 1442 414 Pelasgos

378 428 535 467 adferat
564 434 603 467 et
634 428 760 467 solitis
789 434 960 480 temptet
989 441 1226 467 concurrere
1255 428 1370 467 furtis
1761 439 1815 469 660

377 499 602 546 cunctaque
634 507 677 532 se
706 494 858 532 ratibus
887 494 1028 533 fundat
1056 508 1219 532 manus:
1248 507 1357 532 arma
1384 493 1540 533 videbis

375 560 534 611 hospita
563 573 638 598 nec
667 565 759 611 post
786 560 890 598 hanc
919 560 1025 598 ultra
1051 560 1125 598 tibi
1152 559 1306 611 proelia
1334 560 1518 598 noctem?

375 626 430 663 sic
461 625 515 663 ait
543 625 697 678 hasque
727 626 831 664 inter
858 626 977 664 variis
1007 639 1087 663 nox
1115 625 1287 677 plurima
1316 624 1430 663 dictis

374 696 490 742 rapta
517 691 627 729 vices
657 704 731 730 nec
761 705 841 729 non
871 691 989 730 simili
1017 691 1087 729 lux
1115 696 1278 742 postera
1306 696 1446 729 tractu.

265 827 482 862 ponnesum,
509 827 604 861 quae
630 815 834 861 antiquitus
859 815 1027 861 Pelasgis
1058 815 1119 851 vel
1143 815 1318 860 Pelasgia
1344 815 1537 851 nominata
1563 816 1672 857 esset,
1705 815 1759 850 id-

267 875 364 911 circo
391 875 534 911 bellum
559 875 824 911 Macriensium
848 875 1086 920 Pelasgicum
1112 874 1255 910 dictum
1282 885 1372 920 esse,
1399 874 1570 920 ineptum
1596 876 1663 911 est.

361 946 439 982 658.
489 950 585 982 rates
616 957 841 991 quamquam
874 947 1010 991 poetae
1037 957 1149 991 saepe
1176 946 1305 981 dicunt
1329 957 1397 991 pro
1423 946 1599 986 navibus.
1631 947 1760 982 tamen

266 1006 443 1042 hocloco
468 1006 621 1051 propria
653 1005 843 1041 sententia
881 1005 1030 1050 scripsit
1055 1005 1224 1041 Valerius
1261 1016 1404 1041 memor
1442 1005 1519 1041 eius
1557 1006 1621 1047 rei,
1661 1007 1760 1051 quod

266 1065 436 1100 narravit
460 1066 562 1110 Argo
587 1065 746 1111 primam
771 1076 907 1100 navem
934 1076 1030 1107 esse3
1059 1064 1125 1100 cfr.
1153 1064 1201 1100 ad
1226 1064 1275 1105 ΙΙ,
1303 1065 1381 1099 108.

361 1136 441 1172 660.
489 1136 592 1179 furta
616 1137 686 1171 hoc
710 1136 792 1171 loco
819 1137 906 1171 sunt
930 1135 1091 1181 impetus
1118 1135 1232 1170 subiti
1258 1136 1297 1171 et
1322 1136 1436 1171 noctu
1462 1135 1563 1177 facti,
1582 1136 1657 1171 vid.
1679 1136 1759 1180 6573

267 1195 332 1231 cfr.
360 1195 424 1231 Sil.
450 1195 564 1237 XVII,
591 1195 638 1230 90
660 1196 799 1238 furtum
825 1206 1004 1231 armorum
1029 1195 1229 1230 tutantibus
1252 1194 1398 1232 umbris.

361 1267 442 1302 663.
491 1278 564 1302 nox
582 1268 744 1312 plurima
770 1268 828 1302 est
852 1267 1016 1302 maxima
1040 1278 1129 1313 pars
1166 1266 1306 1309 noctis;
1338 1278 1414 1302 non
1447 1266 1640 1302 dissimilia
1672 1268 1761 1303 sunt

265 1328 375 1362 multo
400 1327 456 1362 die
479 1327 591 1362 multa
615 1330 716 1362 'nocte
741 1327 790 1361 ad
813 1327 961 1362 multum
997 1326 1087 1361 diem
1113 1326 1172 1367 al„
1212 1325 1279 1362 cfr.
1319 1326 1434 1362 etiam
1459 1326 1571 1372 Verg.
1605 1329 1699 1363 Aen.
1731 1326 1759 1369 Ι,

265 1385 336 1421 419
361 1386 422 1431 qui
447 1386 582 1431 (collis)
600 1387 781 1430 plurimus
804 1387 886 1421 urbi
910 1386 1067 1421 imminet
1101 1386 1252 1431 (Auson.
1278 1385 1370 1421 Mos.
1403 1385 1504 1432 324);
1545 1385 1641 1422 Stat.
1668 1386 1758 1422 Ach.

266 1444 294 1487 Ι,
320 1445 391 1480 464
410 1446 572 1490 plurima
596 1446 696 1480 vultu
720 1450 833 1481 mater
855 1446 963 1487 inest;
991 1445 1075 1480 Luc.
1103 1445 1151 1490 II,
1179 1445 1224 1480 58
1245 1446 1427 1489 plurimus
1459 1445 1508 1480 ad
1538 1449 1668 1481 terram
1687 1457 1757 1490 per

264 1505 419 1548 fulmina
444 1505 583 1540 decidat
608 1506 748 1552 aether3
774 1505 905 1540 Avien.
930 1505 1066 1550 phaen.
1092 1504 1164 1539 845
1187 1515 1260 1549 qua
1283 1506 1448 1549 scorpius
1465 1505 1605 1550 agmine
1622 1505 1757 1541 caudae

263 1564 440 1609 plwimus
465 1565 628 1609 erz‘m'tum
657 1564 722 1600 Ov.
751 1564 866 1599 Ibidis
892 1563 962 1598 600
981 1564 1142 1608 plurima
1166 1564 1296 1600 Aetna.

360 1635 440 1671 664.
489 1646 562 1671 noa:
588 1640 698 1680 rapta
722 1635 744 1671 i.
773 1647 803 1671 e.
830 1635 1003 1671 celeriter
1027 1636 1238 1677 transacta;
1265 1635 1339 1670 dies
1362 1636 1462 1680 rapti
1487 1634 1549 1672 Sil.
1576 1635 1638 1677 IV,
1665 1635 1756 1680 485;

265 1694 400 1730 similia
425 1695 544 1730 multa
570 1695 670 1741 apud
693 1696 826 1740 poetas
851 1694 1107 1730 inveniuntur:
1133 1705 1260 1739 rapere
1285 1695 1360 1736 iter,
1388 1696 1491 1739 viam,
1515 1706 1679 1740 puynam
1696 1694 1756 1737 al.;

265 1765 362 1799 opem
396 1754 420 1790 i.
453 1766 483 1791 e.
524 1754 697 1790 celeriter
734 1766 846 1801 opem
883 1754 982 1790 ferre
1008 1755 1168 1791 Venant.
1195 1754 1296 1790 Fort.
1322 1754 1426 1790 vitae
1451 1754 1561 1789 Mart.
1600 1754 1629 1795 Ι,
1667 1754 1754 1797 411;

262 1814 420 1857 fructum
445 1825 571 1859 rapere
596 1815 728 1849 amoris
753 1813 839 1850 Luc.
871 1812 952 1854 VII,
987 1813 1049 1854 32;
1082 1817 1219 1857 tempus
1249 1813 1271 1850 i.
1310 1824 1341 1849 e.
1379 1814 1550 1859 tempore
1583 1813 1756 1849 celeriter

263 1873 320 1908 uti
344 1873 388 1919 X,
414 1873 501 1920 5083
529 1873 581 1908 sic
606 1873 823 1909 occasionem
847 1885 876 1908 r.
905 1872 1051 1908 distich.
1081 1871 1161 1909 Cat.
1187 1872 1249 1916 45;
1277 1872 1343 1907 cfr.
1372 1872 1487 1908 etiam
1513 1873 1562 1908 ad
1587 1872 1656 1911 111.
1684 1872 1752 1908 341

265 1934 304 1968 et
329 1932 406 1968 692.
456 1932 642 1968 Audacius
669 1935 779 1977 Verg.
806 1932 897 1968 Aen.
923 1931 985 1978 VI,
1012 1932 1032 1966 7
1054 1942 1146 1975 pars
1165 1952 1207 1958 —
1225 1933 1324 1976 rapit
1347 1932 1457 1967 silvas
1481 1931 1504 1970 i.
1532 1943 1562 1967 e.
1583 1932 1756 1968 celeriter

264 1991 467 2037 percurrit3
495 1991 562 2028 cfr.
589 1991 685 2028 Stat.
712 1991 829 2026 Theb.
856 1991 898 2032 V,
925 1991 957 2025 3.

358 2051 534 2096 Eleganti
559 2062 735 2096 oxymoro
769 2050 939 2086 Valerius
966 2049 1057 2086 dicit
1088 2050 1199 2085 simili
1228 2051 1389 2086 tractu
1419 2050 1541 2086 lucem
1565 2052 1757 2096 posteram

263 2110 442 2155 raptam
483 2121 578 2146 esse:
610 2121 699 2145 nam
731 2109 1059 2146 confabulantibus
1095 2109 1267 2145 celeriter
1297 2111 1446 2155 tempus
1476 2110 1683 2155 praeteriit,
1717 2111 1757 2145 at

264 2169 371 2205 simul
397 2169 603 2223 navigandi
627 2181 770 2205 moram
795 2169 1011 2205 nectebant.

358 2228 449 2264 vices
474 2240 522 2264 sc.
550 2240 772 2270 sermonum,
801 2228 868 2265 cfr.
894 2228 1006 2273 Verg.
1033 2228 1123 2264 Aen.
1150 2228 1212 2270 VI,
1240 2228 1320 2266 535.
