1890 3100
208 261 295 303 366
730 260 766 296 C.
793 261 974 296 VALERI
999 261 1173 298 FLACCI

315 380 464 418 tristior
492 391 532 419 at
560 395 777 433 numquam
805 387 970 420 tantove
999 383 1238 434 paventibus
1269 383 1352 421 ulla

318 460 394 483 nox
422 446 571 497 Minyis
603 453 744 498 egesta
770 455 897 495 metu;
928 448 984 486 nil
1014 449 1161 500 quippe
1191 455 1348 500 reperto

314 511 502 558 Phaside,
533 512 590 549 nil
620 511 776 550 domitis
807 518 938 551 actum
969 513 1264 565 Symplegados
1293 513 1422 561 undis,

314 583 536 629 cunctaque
567 577 708 624 adhuc,
739 579 873 629 magni
901 579 1065 617 veniant
1094 578 1187 617 dum
1215 580 1322 630 regis
1352 578 1404 617 ad
1432 579 1582 626 urbem,
1697 585 1752 614 300

316 643 502 694 ambigua
532 648 572 681 et
602 643 722 681 dubia
751 657 882 682 rerum
911 643 1129 695 pendentia
1159 658 1322 683 summa.

315 709 530 760 praecipue
559 708 793 747 Aesoniden
821 710 952 747 varios
983 710 1136 747 incerta
1163 724 1235 761 per
1264 716 1399 748 aestus

315 787 428 812 mens
458 774 561 825 rapit
589 774 809 813 undantem
839 775 942 812 curis
973 788 1019 812 ac
1047 776 1172 813 multa
1202 781 1427 814 novantem.

318 840 490 891 qualiter
519 853 570 878 ex
599 840 682 878 alta
710 853 800 877 cum
828 840 1008 892 Iuppiter
1037 854 1128 878 arce
1159 847 1351 888 coruscat,

315 904 475 943 Pliadas
505 905 573 943 ille
603 918 769 943 movens
799 905 1047 957 mixtumque
1079 906 1287 944 sonoribus
1316 906 1482 945 imbrem
1697 906 1751 937 305

314 970 600 1009 horriferamve
630 971 775 1017 nivem,
807 971 917 1008 canis
946 971 1015 1009 ubi
1043 970 1195 1009 tollitur
1225 972 1350 1009 omnis

203 1097 372 1137 membra;
407 1095 471 1131 Ov.
501 1106 572 1131 am.
599 1096 626 1134 Ι,
653 1095 686 1134 4,
715 1095 759 1130 53
795 1097 829 1131 si
854 1095 938 1130 bene
962 1097 1176 1140 compositus
1213 1107 1334 1131 somno
1360 1097 1510 1140 vinoque
1545 1096 1695 1137 iacebi8;

202 1155 245 1194 II,
273 1155 305 1195 5,
332 1155 378 1189 22
404 1155 588 1199 compositi
612 1155 754 1190 iuvenes
778 1166 872 1190 anu-s·
897 1159 929 1190 et
955 1155 1043 1190 alter
1070 1159 1162 1197 erat;
1189 1155 1273 1190 Sen.
1296 1155 1405 1191 Herc.
1432 1154 1502 1190 fur.
1529 1155 1599 1190 809
1619 1166 1694 1200 seq.

203 1218 320 1250 custos
345 1216 450 1258 opaci
470 1215 625 1260 perviyil
649 1215 752 1260 reqni
776 1215 876 1250 canis
904 1215 1090 1259 C'omponz't
1114 1226 1230 1250 aures.

298 1284 377 1320 298.
427 1296 500 1320 nox
542 1307 590 1311 —
633 1289 749 1330 eyes-ta
798 1290 906 1327 metm
958 1287 1064 1332 VIII,
1105 1286 1175 1322 454
1225 1291 1300 1322 tota
1349 1286 1497 1331 querelis
1544 1286 1698 1331 eyeritwr

202 1348 396 1389 questuque
435 1345 529 1386 dies;
569 1344 635 1380 cfr.
665 1345 787 1380 etian»
821 1345 924 1387 VIII,
965 1346 1033 1380 102
1070 1347 1176 1391 inque
1212 1346 1295 1381 aliis
1335 1346 1472 1381 senium
1507 1356 1603 1381 nunc
1643 1345 1696 1380 di-

200 1415 281 1449 gere
307 1405 406 1439 lucis.

300 1464 379 1499 301.
431 1464 541 1500 dubia
572 1475 690 1499 rerum
710 1464 907 1508 pendentia
931 1476 1086 1508 samma3
1112 1465 1208 1500 solet
1232 1464 1423 1510 pendendi
1460 1465 1616 1500 verbum
1648 1464 1695 1499 de

204 1522 413 1558 hominibus
440 1523 522 1564 dici,
550 1523 612 1568 qui
637 1523 772 1559 incerti
797 1523 872 1558 sint
898 1523 986 1568 quid
1019 1523 1168 1567 faciant,
1204 1525 1274 1560 hoc
1310 1525 1437 1560 autem
1466 1524 1549 1559 loco
1575 1524 1695 1558 trans-

204 1581 325 1618 fertur
351 1582 400 1617 ad
425 1593 484 1618 res
511 1582 644 1617 dubias
669 1584 712 1617 ut
737 1583 801 1618 Ov.
829 1583 918 1618 met.
944 1583 1047 1624 VIII,
1078 1584 1122 1619 12
1153 1583 1332 1628 pendebat
1363 1583 1481 1619 adhuc
1511 1583 1591 1619 belli
1618 1582 1695 1625 for-

204 1646 309 1684 tunm
348 1642 436 1678 Luc.
462 1642 510 1684 H,
537 1642 582 1677 41
622 1642 705 1677 dum
724 1643 857 1687 pendet
885 1642 1036 1685 fortuna
1061 1643 1205 1685 dacum;
1246 1643 1307 1685 VI,
1343 1643 1413 1678 632
1443 1642 1525 1685 fata
1555 1653 1695 1687 perem-

195 1705 346 1746 ptorum
365 1702 524 1746 pendent
548 1702 621 1736 iam
645 1702 757 1737 multa
781 1703 950 1737 virorum.

294 1773 373 1808 303.
424 1773 616 1808 undantem
641 1774 755 1815 euris;
783 1773 850 1809 cfr.
879 1773 947 1809 Sil.
975 1773 1038 1815 XI,
1059 1774 1127 1809 548
1152 1775 1323 1819 niyroque
1347 1773 1527 1809 undantia
1547 1776 1696 1817 pectora

197 1832 294 1875 felle3
323 1832 455 1868 eadem
482 1832 628 1868 ratione
653 1832 861 1868 fluctuandi
885 1833 1001 1868 verbo
1027 1835 1183 1868 utuntur
1217 1833 1352 1871 Catull.
1385 1832 1441 1873 64,
1468 1832 1531 1875 62;
1565 1831 1620 1873 65,
1646 1831 1695 1865 4ἱ

199 1893 311 1937 Verg.
337 1892 428 1928 Aen.
454 1892 517 1934 IV,
545 1892 631 1934 532;
657 1892 743 1934 564;
770 1892 874 1938 VIII,
903 1892 956 1928 19.

292 1955 480 1986 navantem
506 1952 602 1992 Vat„
629 1956 815 1987 novantem
849 1952 1007 1998 Monac.,
1040 1952 1064 1988 i.
1091 1963 1122 1988 e.
1156 1963 1254 1988 nova
1285 1951 1438 1987 consilia
1470 1950 1682 1997 capientem

200 2010 266 2046 cfr.
296 2011 360 2046 Ov.
387 2012 476 2046 met.
503 2011 567 2052 IX,
597 2011 676 2047 145.
727 2011 782 2047 De
808 2023 929 2054 versu,
956 2011 1019 2056 qui
1045 2011 1183 2047 dicitur
1208 2010 1389 2053 leoninus,
1417 2012 1482 2048 cfr.
1508 2011 1558 2046 ad
1581 2011 1609 2050 Ι,
1635 2009 1694 2045 39.

293 2083 364 2118 304
388 2095 489 2129 seqq.
515 2083 606 2118 satis
633 2085 808 2119 accurate
837 2083 952 2119 vertit
977 2083 1147 2119 Valerius
1173 2083 1280 2119 Hom.
1306 2083 1350 2118 Il.
1375 2082 1425 2124 X,
1451 2082 1579 2118 5-10.
1629 2081 1695 2116 At-

199 2153 272 2187 que
297 2141 387 2178 licet
412 2142 616 2178 iudicemus
641 2143 718 2178 iam
749 2142 987 2178 Homericam
1020 2142 1342 2188 comparationem
1374 2141 1535 2188 quadam
1566 2152 1693 2186 super-

200 2201 343 2236 latione
360 2201 544 2244 laborare,
565 2203 659 2238 haec
686 2202 797 2238 etiam
819 2203 979 2247 augetur
998 2213 1020 2237 a
1036 2203 1152 2247 poeta
1169 2202 1354 2237 Romano:
1381 2212 1468 2236 nam
1493 2212 1578 2236 cum
1593 2200 1695 2246 apud

197 2260 400 2296 Homerum
438 2261 585 2296 dicatur
621 2263 702 2296 tam
735 2262 897 2297 crebro
934 2261 1118 2307 gemuisse
1144 2261 1473 2306 Agamemnonem,
1512 2271 1626 2306 quam
1663 2259 1694 2295 si

198 2319 370 2365 Iuppiter
397 2319 548 2365 fulgura
573 2320 704 2355 mittat
741 2321 846 2365 gravi
884 2321 1114 2366 tempestate
1153 2322 1293 2365 coorta,
1320 2319 1491 2355 Valerius
1527 2318 1692 2365 pectoris

199 2380 323 2415 motus
349 2379 491 2414 Iasonis
524 2379 667 2424 gemitu
705 2379 837 2415 crebro
872 2379 1039 2415 concussi
1066 2381 1262 2425 comparat
1287 2390 1368 2414 cum
1393 2379 1529 2414 natura
1566 2389 1692 2414 rerum

199 2437 418 2474 fulminibus
443 2438 544 2474 Iovis
570 2450 759 2474 concussa.

293 2497 374 2534 305.
401 2498 556 2534 Pliadas
581 2518 626 2524 -
651 2508 803 2542 movens,
831 2497 896 2534 cfr.
924 2498 973 2541 II,
1000 2498 1081 2534 357.

293 2558 375 2595 306.
424 2559 526 2594 canis
549 2558 611 2593 ubi
635 2558 772 2593 tollitur
797 2558 910 2593 omnis
935 2568 1081 2602 campus
1107 2558 1228 2603 aquis3
1254 2568 1370 2604 aquas
1387 2556 1580 2602 intellegit
1606 2568 1690 2592 cum

200 2616 281 2652 aliis
307 2617 434 2654 Burm.
460 2617 574 2659 nives,
603 2617 735 2664 quibus
762 2628 913 2662 campus
947 2618 1117 2662 tegatur,
1153 2617 1221 2652 sed
1253 2617 1370 2652 multo
1402 2615 1605 2662 simplicius
1633 2617 1691 2651 est

199 2687 301 2712 mare
326 2676 560 2722 intellegere,
588 2677 689 2712 cuius
714 2676 837 2711 undae
864 2675 901 2711 vi
926 2677 1124 2712 ventorum
1150 2676 1336 2712 excitatae
1363 2676 1578 2717 canescunt3
1605 2687 1690 2721 spu-

199 2737 344 2772 mantes
369 2736 490 2771 undae
515 2747 590 2771 non
614 2747 700 2771 raro
725 2745 836 2771 canae
867 2734 943 2780 (vel
968 2745 1159 2780 canescere,
1186 2737 1326 2781 canere)
1353 2735 1542 2770 dicuntur:
1581 2734 1690 2772 Lucr.
