1890 3100
267 191 353 235 410
785 192 820 228 c.
847 192 1027 229 VALERI
1052 193 1225 230 FLACCl

373 311 481 349 illinc
509 312 658 350 iuratos
686 313 727 350 in
756 326 800 352 se
828 314 948 352 trahit
975 315 1064 352 Aea
1091 315 1297 362 Batarnas,

374 390 484 428 quos,
516 377 616 416 duce
643 378 893 430 Teutagono,
925 379 1034 417 crudi
1062 393 1171 417 mora
1200 380 1355 419 corticis
1383 386 1508 419 armat

373 455 581 494 aequaque
610 456 685 481 nec
713 443 818 482 ferro
846 444 1005 483 brevior
1033 458 1107 483 nec
1136 445 1289 497 rumpia
1316 446 1435 497 ligno.

372 520 446 546 nec
474 509 612 559 procul
641 508 822 548 albentes
852 511 1011 561 gemina
1038 510 1129 549 ferit
1157 511 1300 562 aclyde
1329 525 1496 563 parmas,

372 572 526 611 hiberni
556 574 622 626 qui
650 580 764 626 terga
791 576 931 614 Novae
961 575 1217 628 gelidumque
1247 578 1376 615 securi
1748 579 1802 609 10⁰

265 709 367 733 more
394 698 466 732 vid.
497 698 598 734 Caes.
625 699 672 734 de
697 699 784 735 bell.
811 700 897 744 gall.
924 700 954 743 I,
987 700 1032 735 48
1042 714 1050 742 ;
1091 700 1176 736 Tac.
1205 700 1326 737 Germ.
1354 701 1392 743 6;
1427 701 1503 736 Liv.
1531 701 1657 744 XLIV,
1684 702 1745 745 26;

266 756 362 792 Plut.
389 757 519 793 Aemil.
539 758 641 793 Paul.
670 759 714 792 12
740 759 787 794 de
803 759 996 794 Bastarnis
1021 760 1120 805 ipsis.
1164 760 1314 795 Sidones
1340 762 1466 797 autem
1490 761 1589 796 inter
1614 762 1747 806 gentes

265 816 532 851 Bastarnarum
571 819 835 853 enumerantur
873 829 895 853 a
933 818 1113 854 Strabone
1145 817 1226 859 VII,
1267 820 1298 861 3,
1339 820 1399 862 17;
1440 821 1644 856 Bastarnae
1679 832 1747 867 per

264 876 416 921 longum
454 876 615 921 spatium
653 888 675 911 a
711 877 844 912 finibus
884 876 1106 913 Germaniae
1142 890 1257 923 usque
1296 879 1344 914 ad
1375 878 1513 914 Istrum
1550 882 1588 915 et
1612 880 1746 925 Borys-

263 936 418 970 thenem
441 936 692 981 porriguntur,
732 947 822 980 quos
847 936 959 971 metri
985 948 1097 972 causa
1121 938 1307 973 Batarnas
1335 938 1502 974 Valerius
1527 939 1744 974 nominavit.

265 994 410 1029 Diversi
436 995 483 1029 ab
510 995 566 1029 his
593 994 790 1030 sidonibus
817 997 902 1030 sunt
928 995 1055 1031 Sidoni
1078 996 1187 1031 Plinii
1212 999 1288 1033 nat.
1315 997 1398 1032 hist.
1424 998 1485 1039 VI,
1513 999 1568 1034 11.

358 1053 414 1089 97.
463 1054 605 1089 Audaci
640 1054 886 1090 translatione
917 1066 1049 1090 moram
1075 1055 1244 1092 Valerius
1282 1056 1375 1091 dixit
1404 1068 1471 1102 pro
1497 1059 1613 1099 scuto,
1648 1058 1747 1103 quod

263 1113 341 1148 tela
366 1115 550 1149 moratur:
577 1114 695 1149 multo
720 1114 866 1159 planius
892 1115 1120 1160 scripserunt
1137 1115 1246 1160 Verg.
1274 1117 1363 1152 Aen.
1390 1115 1432 1157 X,
1459 1115 1530 1151 485
1553 1117 1748 1162 loricaeque

262 1184 381 1208 moras
407 1193 450 1198 —
469 1173 650 1217 perforat;
691 1173 773 1215 XII,
808 1173 875 1208 541
908 1185 970 1209 nec
991 1175 1126 1210 ‘misero
1157 1175 1260 1219 clipei
1289 1186 1390 1210 mora
1413 1176 1571 1220 profuit;
1615 1176 1677 1212 Sil.
1702 1176 1744 1218 V,

263 1232 332 1268 319
354 1243 421 1276 per
447 1253 490 1258 -
516 1234 612 1268 aeris
638 1250 681 1258 --
707 1244 826 1268 moras
850 1254 894 1259 —
922 1234 1018 1269 laevo
1044 1235 1140 1269 stetit
1164 1235 1270 1269 kasta
1294 1235 1433 1271 waerto.

358 1292 414 1328 98.
465 1292 618 1327 Ferrum
651 1294 689 1328 et
720 1292 863 1338 lignum
893 1294 1054 1337 rumpiae
1089 1293 1254 1329 eiusdem
1285 1295 1372 1329 sunt
1402 1294 1660 1340 longitudinis;
1699 1296 1747 1331 de

263 1351 408 1396 rumpia
433 1351 620 1387 Thracum
657 1353 766 1387 hasta
805 1352 871 1388 cfr.
899 1352 975 1389 Liv.
1003 1352 1134 1397 XXXI,
1161 1353 1223 1395 393
1264 1353 1356 1389 Gell.
1383 1354 1428 1394 X,
1456 1354 1511 1396 25,
1538 1355 1576 1401 23
1617 1354 1744 1390 Claud.

263 1422 365 1456 epgr.
392 1411 447 1452 27,
474 1410 507 1447 9.

357 1470 412 1506 99.
463 1471 617 1506 albentes
648 1472 789 1516 ⁴qemina
818 1472 903 1514 ferit
928 1472 1049 1517 aclyde
1068 1483 1234 1516 par-mas:
1275 1472 1378 1508 albas
1402 1484 1551 1518 parmas
1579 1473 1746 1509 Cimbros

262 1529 434 1565 habuisse
460 1531 591 1565 narrat
615 1530 712 1566 Plut.
739 1530 803 1566 vit.
830 1531 923 1566 Mar.
950 1532 1011 1574 253
1039 1531 1126 1566 alba
1151 1543 1282 1577 parma
1302 1532 1402 1577 apud
1426 1532 1536 1578 Verg.
1562 1533 1654 1569 Aen.
1679 1533 1743 1575 IX,

262 1589 332 1624 548
369 1589 464 1625 solet
491 1589 668 1634 explicari
691 1601 824 1635 parma
847 1590 984 1635 insigni
1018 1602 1167 1627 carens.
1207 1602 1317 1635 quam
1343 1591 1632 1637 explicationem
1655 1605 1745 1627 num

262 1647 375 1683 etiam
401 1649 449 1683 ad
466 1648 602 1684 Valerii
625 1649 742 1684 verba
761 1649 940 1685 adhibere
958 1650 1080 1695 liceat,
1107 1651 1150 1685 ut
1175 1649 1345 1686 fecerunt
1362 1651 1486 1686 Burm.
1515 1652 1552 1687 et
1566 1651 1744 1697 Wagner,

260 1708 369 1743 valde
407 1707 555 1754 dubito,
592 1709 815 1753 praesertim
853 1720 935 1744 cum
969 1710 1086 1745 verba
1117 1709 1309 1745 Plutarchi
1345 1712 1452 1752 ἱππεῖς
1474 1714 1598 1756 θυρεοῖς
1622 1715 1745 1754 λευκοῖς

261 1767 439 1812 στίλβοντες
464 1767 702 1813 splendorem
725 1779 941 1813 parmarum
966 1769 1142 1807 indicent,
1184 1781 1258 1805 non
1284 1770 1479 1806 vilitatem.
1541 1770 1597 1806 De
1621 1771 1745 1817 aclyde

261 1838 399 1871 genere
423 1826 629 1862 iaculorum
655 1827 720 1863 cfr.
747 1827 856 1873 Verg.
884 1828 974 1863 Aen.
1002 1828 1083 1869 VII,
1112 1828 1181 1863 730
1208 1830 1245 1864 et
1271 1828 1371 1865 Serv.
1399 1829 1448 1864 ad
1473 1830 1571 1865 hunc
1603 1830 1743 1873 locum;

262 1885 323 1922 Sil.
350 1885 418 1927 ΙΙΙ,
445 1885 534 1928 362;
560 1886 662 1928 VIII,
689 1886 767 1921 550.

357 1945 433 1980 100.
484 1945 564 1981 Hoc
588 1957 698 1982 versu
723 1948 763 1982 et
787 1946 849 1991 qui
874 1946 1050 1992 sequitur,
1076 1959 1188 1983 unam
1207 1948 1436 1993 eandemque
1455 1949 1605 1994 gentem
1622 1949 1745 1994 desig-

261 2005 342 2040 nari
381 2006 555 2051 apparet;
590 2006 728 2041 Alazon
765 2007 891 2042 autem
930 2018 973 2042 ex
1010 2006 1171 2042 Caucaso
1209 2008 1311 2043 ortus
1348 2007 1470 2043 influit
1505 2007 1543 2043 in
1587 2008 1744 2044 confinio

260 2064 491 2100 Albanorum
517 2066 555 2100 et
581 2064 731 2100 Iberum
755 2065 795 2100 in
822 2065 972 2110 Cyrum:
1004 2066 1096 2102 Plin.
1126 2067 1204 2101 nat.
1235 2066 1320 2102 hist.
1349 2066 1412 2108 VI,
1438 2067 1499 2110 293
1525 2067 1743 2103 Alazonium

262 2134 346 2159 eum
383 2124 551 2159 nominat
588 2123 709 2159 Strab.
749 2124 812 2165 XI,
851 2125 884 2170 3,
921 2125 959 2167 23
998 2126 1100 2171 prior
1132 2126 1263 2161 fluvius
1289 2126 1412 2162 Novas
1449 2127 1506 2162 est
1542 2127 1746 2162 secundum

262 2182 484 2228 scripturam
509 2183 604 2225 Vat.‚
631 2183 669 2218 in
696 2195 764 2228 quo
790 2184 929 2230 legitur
954 2196 1074 2220 novae.
1125 2185 1260 2220 Mirum
1286 2185 1384 2230 quod
1409 2185 1488 2221 fere
1514 2197 1642 2222 omnes
1668 2187 1745 2222 edi-

260 2243 361 2277 tores
400 2243 661 2284 coniecturam,
701 2254 795 2288 quae
835 2245 891 2279 est
926 2244 964 2279 in
1003 2244 1090 2280 edit.
1129 2245 1239 2286 Iunt„
1277 2245 1480 2290 probantes
1506 2245 1609 2280 Noae
1641 2257 1743 2282 rece-

260 2304 411 2345 perunt:
452 2303 491 2336 at
515 2302 614 2337 Noas
642 2304 699 2338 est
724 2303 861 2339 flumen
887 2303 1084 2345 Thraciae,
1124 2304 1222 2349 quod
1252 2304 1292 2339 in
1325 2304 1464 2339 Istrum
1493 2304 1615 2340 infinit
1644 2306 1744 2341 teste

260 2359 397 2395 Herod.
422 2361 483 2402 IV,
509 2361 571 2403 49;
606 2362 668 2406 qui
694 2364 820 2398 autem
844 2363 924 2399 fieri
948 2363 1081 2408 potuit,
1107 2365 1150 2398 ut
1163 2363 1331 2399 Valerius
1357 2363 1430 2399 duo
1454 2363 1606 2399 fiumina
1629 2364 1742 2409 longe

262 2419 517 2455 diversissimis
554 2421 592 2455 in
629 2421 843 2466 regionibus
884 2422 1039 2458 fluentia
1076 2423 1127 2458 sic
1166 2423 1429 2468 coniungeret?
1478 2422 1597 2459 Malui
1627 2423 1743 2468 igitur

261 2490 410 2515 servare
435 2479 616 2514 traditam
633 2481 865 2526 scripturam,
893 2493 1004 2526 quam
1020 2482 1187 2527 recipere
1206 2482 1466 2523 coniecturam,
1495 2493 1568 2527 qua
1591 2494 1742 2527 prorsus

261 2538 353 2573 nihil
377 2538 622 2584 proficiamus.

355 2602 454 2643 terya
478 2598 601 2634 Novae
627 2619 671 2625 —-
695 2601 810 2634 secari
847 2602 953 2637 eruit:
994 2612 1039 2636 ex
1065 2601 1215 2637 flumine
1241 2600 1379 2646 frigore
1403 2600 1516 2645 plane
1542 2601 1740 2646 congelato

261 2659 456 2702 segmenta
493 2658 626 2702 glaciei
661 2660 846 2700 exsecant,
886 2660 1034 2706 quibus,
1075 2661 1118 2694 ut
1159 2661 1269 2705 putat
1305 2659 1492 2704 Wagner,
1528 2659 1739 2705 liquefactis
