<?xml version="1.0" encoding="UTF-8"?>
<!DOCTYPE html PUBLIC "-//W3C//DTD XHTML 1.0 Transitional//EN"
    "http://www.w3.org/TR/xhtml1/DTD/xhtml1-transitional.dtd">
<html xmlns="http://www.w3.org/1999/xhtml" xml:lang="en" lang="en">
 <head>
  <title>
</title>
<meta http-equiv="Content-Type" content="text/html;charset=utf-8" />
  <meta name='ocr-system' content='tesseract 3.04.00' />
  <meta name='ocr-capabilities' content='ocr_page ocr_carea ocr_par ocr_line ocrx_word'/>
</head>
<body>
  <div class='ocr_page' id='page_1' title='image "argonauticonlibr00valeuoft_0098.png"; bbox 0 0 1890 3100; ppageno 0'>
   <div class='ocr_carea' id='block_1_1' title="bbox 0 617 223 734">
    <p class='ocr_par' dir='ltr' id='par_1_1' title="bbox 0 617 223 734">
     <span class='ocr_line' id='line_1_1' title="bbox 0 617 223 734; baseline 0.018 -50"><span class='ocrx_word' id='word_1_1' title='bbox 0 624 15 694; x_wconf 28' lang='lat'>‚¹</span> <span class='ocrx_word' id='word_1_2' title='bbox 28 672 140 734; x_wconf 19' lang='grc' dir='ltr'>μηνί,</span> <span class='ocrx_word' id='word_1_3' title='bbox 151 617 223 688; x_wconf 51' lang='lat' dir='ltr'>,⁹ch</span> 
     </span>
    </p>
   </div>
   <div class='ocr_carea' id='block_1_2' title="bbox 259 574 1360 637">
    <p class='ocr_par' dir='ltr' id='par_1_2' title="bbox 180 574 1360 637">
     <span class='ocr_line' id='line_1_2' title="bbox 259 574 1360 637; baseline 0.022 -40.259"><span class='ocrx_word' id='word_1_4' title='bbox 259 574 279 596; x_wconf 48' lang='lat' dir='ltr'>a</span> <span class='ocrx_word' id='word_1_5' title='bbox 342 595 423 620; x_wconf 73' lang='lat' dir='ltr'>non</span> <span class='ocrx_word' id='word_1_6' title='bbox 450 581 607 620; x_wconf 66' lang='lat' dir='ltr'>mediae</span> <span class='ocrx_word' id='word_1_7' title='bbox 636 582 791 637; x_wconf 60' lang='lat' dir='ltr'>telluris</span> <span class='ocrx_word' id='word_1_8' title='bbox 822 595 930 634; x_wconf 85' lang='lat' dir='ltr'>opes,</span> <span class='ocrx_word' id='word_1_9' title='bbox 961 596 1042 620; x_wconf 90' lang='lat' dir='ltr'>non</span> <span class='ocrx_word' id='word_1_10' title='bbox 1070 583 1249 634; x_wconf 86' lang='lat' dir='ltr'>improba</span> <span class='ocrx_word' id='word_1_11' title='bbox 1278 583 1360 634; x_wconf 86' lang='lat' dir='ltr'>legi</span> 
     </span>
    </p>
   </div>
   <div class='ocr_carea' id='block_1_3' title="bbox 231 201 1200 246">
    <p class='ocr_par' dir='ltr' id='par_1_3' title="bbox 231 201 1200 246">
     <span class='ocr_line' id='line_1_3' title="bbox 231 201 1200 246; baseline 0.004 -12"><span class='ocrx_word' id='word_1_12' title='bbox 231 204 286 246; x_wconf 86' lang='lat'>88</span> <span class='ocrx_word' id='word_1_13' title='bbox 757 201 794 236; x_wconf 80' lang='lat' dir='ltr'>o,</span> <span class='ocrx_word' id='word_1_14' title='bbox 819 201 1001 236; x_wconf 80' lang='lat' dir='ltr'>VALERI</span> <span class='ocrx_word' id='word_1_15' title='bbox 1025 202 1200 238; x_wconf 83' lang='lat' dir='ltr'>FLACCI</span> 
     </span>
    </p>
   </div>
   <div class='ocr_carea' id='block_1_4' title="bbox 336 321 1561 569">
    <p class='ocr_par' dir='ltr' id='par_1_4' title="bbox 336 321 1561 569">
     <span class='ocr_line' id='line_1_4' title="bbox 336 321 1467 373; baseline 0.002 -15"><span class='ocrx_word' id='word_1_16' title='bbox 336 327 396 359; x_wconf 87' lang='lat' dir='ltr'>tot</span> <span class='ocrx_word' id='word_1_17' title='bbox 423 321 580 372; x_wconf 82' lang='lat' dir='ltr'>peragit</span> <span class='ocrx_word' id='word_1_18' title='bbox 608 321 814 373; x_wconf 84' lang='lat' dir='ltr'>reficitque</span> <span class='ocrx_word' id='word_1_19' title='bbox 842 321 965 367; x_wconf 83' lang='lat' dir='ltr'>vices,</span> <span class='ocrx_word' id='word_1_20' title='bbox 996 327 1117 360; x_wconf 87' lang='lat' dir='ltr'>tuane</span> <span class='ocrx_word' id='word_1_21' title='bbox 1146 322 1223 360; x_wconf 86' lang='lat' dir='ltr'>ista</span> <span class='ocrx_word' id='word_1_22' title='bbox 1251 321 1467 360; x_wconf 80' lang='lat' dir='ltr'>voluntas?</span> 
     </span>
     <span class='ocr_line' id='line_1_5' title="bbox 344 385 1441 439; baseline 0 -14"><span class='ocrx_word' id='word_1_23' title='bbox 344 386 546 438; x_wconf 82' lang='lat' dir='ltr'>Graiaque</span> <span class='ocrx_word' id='word_1_24' title='bbox 575 400 680 424; x_wconf 86' lang='lat' dir='ltr'>nune</span> <span class='ocrx_word' id='word_1_25' title='bbox 710 385 826 424; x_wconf 87' lang='lat' dir='ltr'>undis</span> <span class='ocrx_word' id='word_1_26' title='bbox 857 386 957 424; x_wconf 83' lang='lat' dir='ltr'>duce</span> <span class='ocrx_word' id='word_1_27' title='bbox 986 391 1027 425; x_wconf 89' lang='lat' dir='ltr'>te</span> <span class='ocrx_word' id='word_1_28' title='bbox 1056 393 1234 439; x_wconf 87' lang='lat' dir='ltr'>nutuque</span> <span class='ocrx_word' id='word_1_29' title='bbox 1265 386 1441 426; x_wconf 84' lang='lat' dir='ltr'>secundo</span> 
     </span>
     <span class='ocr_line' id='line_1_6' title="bbox 342 451 1561 505; baseline 0.002 -16"><span class='ocrx_word' id='word_1_30' title='bbox 342 452 372 489; x_wconf 84' lang='lat' dir='ltr'>it</span> <span class='ocrx_word' id='word_1_31' title='bbox 400 451 523 490; x_wconf 82' lang='lat' dir='ltr'>ratis?</span> <span class='ocrx_word' id='word_1_32' title='bbox 578 466 629 490; x_wconf 88' lang='lat' dir='ltr'>an</span> <span class='ocrx_word' id='word_1_33' title='bbox 657 452 819 490; x_wconf 85' lang='lat' dir='ltr'>meritos</span> <span class='ocrx_word' id='word_1_34' title='bbox 849 452 908 490; x_wconf 84' lang='lat' dir='ltr'>fas</span> <span class='ocrx_word' id='word_1_35' title='bbox 939 457 1000 490; x_wconf 85' lang='lat' dir='ltr'>est</span> <span class='ocrx_word' id='word_1_36' title='bbox 1028 452 1124 490; x_wconf 92' lang='lat' dir='ltr'>mihi</span> <span class='ocrx_word' id='word_1_37' title='bbox 1151 466 1336 504; x_wconf 79' lang='lat' dir='ltr'>rumpere</span> <span class='ocrx_word' id='word_1_38' title='bbox 1368 452 1561 505; x_wconf 79' lang='lat' dir='ltr'>questus?</span> 
     </span>
     <span class='ocr_line' id='line_1_7' title="bbox 342 512 1460 569; baseline 0.002 -15"><span class='ocrx_word' id='word_1_39' title='bbox 342 517 418 555; x_wconf 83' lang='lat' dir='ltr'>hoe</span> <span class='ocrx_word' id='word_1_40' title='bbox 439 512 629 555; x_wconf 25' lang='lat' dir='ltr'>*metuens</span> <span class='ocrx_word' id='word_1_41' title='bbox 661 523 700 555; x_wconf 92' lang='lat' dir='ltr'>et</span> <span class='ocrx_word' id='word_1_42' title='bbox 728 530 862 569; x_wconf 87' lang='lat' dir='ltr'>nequa</span> <span class='ocrx_word' id='word_1_43' title='bbox 889 517 993 555; x_wconf 80' lang='lat' dir='ltr'>foret</span> <span class='ocrx_word' id='word_1_44' title='bbox 1021 531 1161 556; x_wconf 83' lang='lat' dir='ltr'>manus</span> <span class='ocrx_word' id='word_1_45' title='bbox 1191 518 1326 556; x_wconf 80' lang='lat' dir='ltr'>invida</span> <span class='ocrx_word' id='word_1_46' title='bbox 1355 524 1460 565; x_wconf 88' lang='lat' dir='ltr'>nato,</span> 
     </span>
    </p>
   </div>
   <div class='ocr_carea' id='block_1_5' title="bbox 343 607 1583 699">
    <p class='ocr_par' dir='ltr' id='par_1_5' title="bbox 343 607 1583 699">
     <span class='ocr_line' id='line_1_8' title="bbox 343 607 1583 699; baseline 0.001 -13"><span class='ocrx_word' id='word_1_47' title='bbox 343 647 474 686; x_wconf 86' lang='lat' dir='ltr'>divitis</span> <span class='ocrx_word' id='word_1_48' title='bbox 504 661 599 685; x_wconf 87' lang='lat' dir='ltr'>arva</span> <span class='ocrx_word' id='word_1_49' title='bbox 626 639 771 699; x_wconf 47' lang='lat' dir='ltr'>plagae</span> <span class='ocrx_word' id='word_1_50' title='bbox 800 651 981 696; x_wconf 81' lang='lat' dir='ltr'>(teneant</span> <span class='ocrx_word' id='word_1_51' title='bbox 1009 647 1207 686; x_wconf 88' lang='lat' dir='ltr'>uberrima</span> <span class='ocrx_word' id='word_1_52' title='bbox 1233 649 1394 687; x_wconf 85' lang='lat' dir='ltr'>Teucer</span> <span class='ocrx_word' id='word_1_53' title='bbox 1415 607 1583 674; x_wconf 42' lang='lat' dir='ltr'>”⁷qu</span> 
     </span>
    </p>
   </div>
   <div class='ocr_carea' id='block_1_6' title="bbox 230 712 1722 1069">
    <p class='ocr_par' dir='ltr' id='par_1_6' title="bbox 230 712 1722 1069">
     <span class='ocr_line' id='line_1_9' title="bbox 337 712 1488 793; baseline 0.001 -42"><span class='ocrx_word' id='word_1_54' title='bbox 337 719 378 751; x_wconf 87' lang='lat' dir='ltr'>et</span> <span class='ocrx_word' id='word_1_55' title='bbox 400 712 530 793; x_wconf 55' lang='lat' dir='ltr'>‘LZlbyS</span> <span class='ocrx_word' id='word_1_56' title='bbox 561 718 601 751; x_wconf 90' lang='lat' dir='ltr'>et</span> <span class='ocrx_word' id='word_1_57' title='bbox 629 713 752 751; x_wconf 85' lang='lat' dir='ltr'>vestri</span> <span class='ocrx_word' id='word_1_58' title='bbox 780 713 941 765; x_wconf 86' lang='lat' dir='ltr'>Pelopis</span> <span class='ocrx_word' id='word_1_59' title='bbox 972 712 1146 762; x_wconf 85' lang='lat' dir='ltr'>domus):</span> <span class='ocrx_word' id='word_1_60' title='bbox 1177 713 1337 752; x_wconf 89' lang='lat' dir='ltr'>horrida</span> <span class='ocrx_word' id='word_1_61' title='bbox 1366 727 1488 752; x_wconf 85' lang='lat' dir='ltr'>saevo</span> 
     </span>
     <span class='ocr_line' id='line_1_10' title="bbox 397 771 550 818; baseline -0.007 -30"><span class='ocrx_word' id='word_1_62' title='bbox 397 771 438 794; x_wconf 57' lang='lat'>201.</span> <span class='ocrx_word' id='word_1_63' title='bbox 462 773 550 818; x_wconf 46' lang='grc' dir='ltr'>,ἶίωψ</span> 
     </span>
     <span class='ocr_line' id='line_1_11' title="bbox 231 842 1722 887; baseline 0.001 -8"><span class='ocrx_word' id='word_1_64' title='bbox 231 845 381 880; x_wconf 74' lang='lat' dir='ltr'>tenebris</span> <span class='ocrx_word' id='word_1_65' title='bbox 411 844 633 878; x_wconf 75' lang='lat' dir='ltr'>humentibus</span> <span class='ocrx_word' id='word_1_66' title='bbox 665 844 780 878; x_wconf 83' lang='lat' dir='ltr'>orbem</span> <span class='ocrx_word' id='word_1_67' title='bbox 808 842 946 878; x_wconf 78' lang='lat' dir='ltr'>Oceano</span> <span class='ocrx_word' id='word_1_68' title='bbox 972 844 1121 887; x_wconf 82' lang='lat' dir='ltr'>prolata</span> <span class='ocrx_word' id='word_1_69' title='bbox 1147 844 1237 885; x_wconf 81' lang='lat' dir='ltr'>dies;</span> <span class='ocrx_word' id='word_1_70' title='bbox 1277 844 1403 881; x_wconf 89' lang='lat' dir='ltr'>Manil.</span> <span class='ocrx_word' id='word_1_71' title='bbox 1431 844 1476 886; x_wconf 86' lang='lat' dir='ltr'>II,</span> <span class='ocrx_word' id='word_1_72' title='bbox 1504 844 1574 880; x_wconf 87' lang='lat'>829</span> <span class='ocrx_word' id='word_1_73' title='bbox 1599 845 1722 880; x_wconf 79' lang='lat' dir='ltr'>dies—</span> 
     </span>
     <span class='ocr_line' id='line_1_12' title="bbox 231 902 1721 949; baseline 0.001 -11"><span class='ocrx_word' id='word_1_74' title='bbox 231 907 366 948; x_wconf 77' lang='lat' dir='ltr'>tempus</span> <span class='ocrx_word' id='word_1_75' title='bbox 391 903 550 938; x_wconf 73' lang='lat' dir='ltr'><em>discribit</em></span> <span class='ocrx_word' id='word_1_76' title='bbox 580 903 619 937; x_wconf 79' lang='lat' dir='ltr'>in</span> <span class='ocrx_word' id='word_1_77' title='bbox 643 903 766 945; x_wconf 72' lang='lat' dir='ltr'>Izoras3</span> <span class='ocrx_word' id='word_1_78' title='bbox 802 902 903 948; x_wconf 86' lang='lat' dir='ltr'>Calp.</span> <span class='ocrx_word' id='word_1_79' title='bbox 933 903 1050 948; x_wconf 85' lang='lat' dir='ltr'>eclog.</span> <span class='ocrx_word' id='word_1_80' title='bbox 1077 902 1139 943; x_wconf 78' lang='lat' dir='ltr'>IV,</span> <span class='ocrx_word' id='word_1_81' title='bbox 1166 905 1188 938; x_wconf 89' lang='lat'>4</span> <span class='ocrx_word' id='word_1_82' title='bbox 1220 904 1376 949; x_wconf 74' lang='lat' dir='ltr'>levatque</span> <span class='ocrx_word' id='word_1_83' title='bbox 1401 904 1490 939; x_wconf 86' lang='lat' dir='ltr'>diem</span> <span class='ocrx_word' id='word_1_84' title='bbox 1515 905 1622 940; x_wconf 75' lang='lat' dir='ltr'>vieini</span> <span class='ocrx_word' id='word_1_85' title='bbox 1648 904 1721 948; x_wconf 72' lang='lat' dir='ltr'>spi-</span> 
     </span>
     <span class='ocr_line' id='line_1_13' title="bbox 230 961 1555 1008; baseline 0.001 -10"><span class='ocrx_word' id='word_1_86' title='bbox 230 964 323 998; x_wconf 76' lang='lat' dir='ltr'>ritus</span> <span class='ocrx_word' id='word_1_87' title='bbox 347 963 478 1004; x_wconf 57' lang='lat' dir='ltr'>ammian</span> <span class='ocrx_word' id='word_1_88' title='bbox 507 961 634 997; x_wconf 88' lang='lat' dir='ltr'>Claud.</span> <span class='ocrx_word' id='word_1_89' title='bbox 662 962 709 998; x_wconf 91' lang='lat' dir='ltr'>de</span> <span class='ocrx_word' id='word_1_90' title='bbox 734 964 831 1008; x_wconf 96' lang='lat' dir='ltr'>rapt.</span> <span class='ocrx_word' id='word_1_91' title='bbox 857 962 959 997; x_wconf 85' lang='lat' dir='ltr'>Pros.</span> <span class='ocrx_word' id='word_1_92' title='bbox 986 962 1015 1007; x_wconf 73' lang='grc' dir='ltr'>Ι,</span> <span class='ocrx_word' id='word_1_93' title='bbox 1042 962 1111 997; x_wconf 86' lang='grc'>276</span> <span class='ocrx_word' id='word_1_94' title='bbox 1137 967 1307 998; x_wconf 76' lang='lat' dir='ltr'>merserat</span> <span class='ocrx_word' id='word_1_95' title='bbox 1329 964 1430 998; x_wconf 75' lang='lat' dir='ltr'>unda</span> <span class='ocrx_word' id='word_1_96' title='bbox 1454 964 1555 1000; x_wconf 83' lang='lat' dir='ltr'>diem.</span> 
     </span>
     <span class='ocr_line' id='line_1_14' title="bbox 325 1021 1591 1069; baseline 0 -12"><span class='ocrx_word' id='word_1_97' title='bbox 325 1022 540 1057; x_wconf 75' lang='lat' dir='ltr'>volventibus</span> <span class='ocrx_word' id='word_1_98' title='bbox 566 1022 687 1056; x_wconf 69' lang='lat' dir='ltr'>armis:</span> <span class='ocrx_word' id='word_1_99' title='bbox 720 1021 831 1066; x_wconf 88' lang='lat' dir='ltr'>Verg.</span> <span class='ocrx_word' id='word_1_100' title='bbox 858 1022 950 1056; x_wconf 87' lang='lat' dir='ltr'>Aen.</span> <span class='ocrx_word' id='word_1_101' title='bbox 977 1022 1004 1062; x_wconf 98' lang='grc' dir='ltr'>Ι,</span> <span class='ocrx_word' id='word_1_102' title='bbox 1032 1022 1101 1056; x_wconf 82' lang='grc'>234</span> <span class='ocrx_word' id='word_1_103' title='bbox 1128 1022 1387 1068; x_wconf 75' lang='grc' dir='ltr'>(περιπλομένων</span> <span class='ocrx_word' id='word_1_104' title='bbox 1413 1021 1591 1069; x_wconf 81' lang='grc' dir='ltr'>ἐνιαυτῶν).</span> 
     </span>
    </p>
   </div>
   <div class='ocr_carea' id='block_1_7' title="bbox 230 1093 1722 1556">
    <p class='ocr_par' dir='ltr' id='par_1_7' title="bbox 230 1093 1722 1556">
     <span class='ocr_line' id='line_1_15' title="bbox 325 1093 1720 1138; baseline 0.002 -11"><span class='ocrx_word' id='word_1_105' title='bbox 325 1093 404 1128; x_wconf 90' lang='grc'>508.</span> <span class='ocrx_word' id='word_1_106' title='bbox 455 1103 617 1137; x_wconf 77' lang='lat' dir='ltr'>rumpere</span> <span class='ocrx_word' id='word_1_107' title='bbox 647 1097 789 1137; x_wconf 75' lang='lat' dir='ltr'>questus</span> <span class='ocrx_word' id='word_1_108' title='bbox 821 1104 870 1128; x_wconf 85' lang='lat' dir='ltr'>sc.</span> <span class='ocrx_word' id='word_1_109' title='bbox 899 1104 918 1128; x_wconf 90' lang='lat' dir='ltr'>e</span> <span class='ocrx_word' id='word_1_110' title='bbox 951 1094 1121 1138; x_wconf 86' lang='lat' dir='ltr'>pectore,</span> <span class='ocrx_word' id='word_1_111' title='bbox 1161 1095 1203 1127; x_wconf 90' lang='lat' dir='ltr'>ut</span> <span class='ocrx_word' id='word_1_112' title='bbox 1236 1093 1327 1129; x_wconf 86' lang='lat' dir='ltr'>dicit</span> <span class='ocrx_word' id='word_1_113' title='bbox 1358 1094 1508 1130; x_wconf 87' lang='lat' dir='ltr'>Petron.</span> <span class='ocrx_word' id='word_1_114' title='bbox 1538 1095 1616 1136; x_wconf 88' lang='lat'>124,</span> <span class='ocrx_word' id='word_1_115' title='bbox 1651 1095 1720 1129; x_wconf 88' lang='lat'>282</span> 
     </span>
     <span class='ocr_line' id='line_1_16' title="bbox 233 1151 1719 1198; baseline 0 -10"><span class='ocrx_word' id='word_1_116' title='bbox 233 1154 384 1197; x_wconf 78' lang='lat' dir='ltr'>erumpit</span> <span class='ocrx_word' id='word_1_117' title='bbox 402 1156 546 1197; x_wconf 79' lang='lat' dir='ltr'>pectore</span> <span class='ocrx_word' id='word_1_118' title='bbox 569 1163 679 1187; x_wconf 79' lang='lat' dir='ltr'>voces.</span> <span class='ocrx_word' id='word_1_119' title='bbox 719 1151 779 1187; x_wconf 85' lang='lat' dir='ltr'>Sic</span> <span class='ocrx_word' id='word_1_120' title='bbox 804 1163 920 1187; x_wconf 77' lang='lat' dir='ltr'>vocem</span> <span class='ocrx_word' id='word_1_121' title='bbox 946 1163 1120 1197; x_wconf 88' lang='lat' dir='ltr'>rumpere</span> <span class='ocrx_word' id='word_1_122' title='bbox 1145 1152 1284 1198; x_wconf 88' lang='lat' dir='ltr'>legitur</span> <span class='ocrx_word' id='word_1_123' title='bbox 1311 1153 1410 1198; x_wconf 90' lang='lat' dir='ltr'>apud</span> <span class='ocrx_word' id='word_1_124' title='bbox 1427 1153 1538 1198; x_wconf 88' lang='lat' dir='ltr'>Verg.</span> <span class='ocrx_word' id='word_1_125' title='bbox 1559 1154 1652 1189; x_wconf 90' lang='lat' dir='ltr'>Aen.</span> <span class='ocrx_word' id='word_1_126' title='bbox 1671 1154 1719 1195; x_wconf 86' lang='grc' dir='ltr'>ΙΙ,</span> 
     </span>
     <span class='ocr_line' id='line_1_17' title="bbox 234 1210 1719 1258; baseline 0.001 -11"><span class='ocrx_word' id='word_1_127' title='bbox 234 1212 319 1256; x_wconf 84' lang='grc'>129;</span> <span class='ocrx_word' id='word_1_128' title='bbox 345 1211 412 1253; x_wconf 90' lang='grc' dir='ltr'>ΙΠ,</span> <span class='ocrx_word' id='word_1_129' title='bbox 440 1211 526 1258; x_wconf 84' lang='grc'>246;</span> <span class='ocrx_word' id='word_1_130' title='bbox 554 1211 617 1252; x_wconf 89' lang='grc' dir='ltr'>ΧΙ,</span> <span class='ocrx_word' id='word_1_131' title='bbox 645 1211 730 1254; x_wconf 84' lang='grc'>377;</span> <span class='ocrx_word' id='word_1_132' title='bbox 758 1210 821 1247; x_wconf 83' lang='lat' dir='ltr'>Sil.</span> <span class='ocrx_word' id='word_1_133' title='bbox 846 1211 948 1256; x_wconf 83' lang='lat' dir='ltr'>VIII,</span> <span class='ocrx_word' id='word_1_134' title='bbox 975 1211 1061 1253; x_wconf 80' lang='lat'>2993</span> <span class='ocrx_word' id='word_1_135' title='bbox 1089 1211 1183 1249; x_wconf 83' lang='lat' dir='ltr'>Stat.</span> <span class='ocrx_word' id='word_1_136' title='bbox 1203 1212 1320 1248; x_wconf 86' lang='lat' dir='ltr'>Theb.</span> <span class='ocrx_word' id='word_1_137' title='bbox 1347 1212 1408 1255; x_wconf 87' lang='lat' dir='ltr'>VI,</span> <span class='ocrx_word' id='word_1_138' title='bbox 1430 1212 1516 1255; x_wconf 86' lang='lat'>136;</span> <span class='ocrx_word' id='word_1_139' title='bbox 1543 1212 1606 1254; x_wconf 91' lang='lat' dir='ltr'>XI,</span> <span class='ocrx_word' id='word_1_140' title='bbox 1633 1213 1719 1255; x_wconf 86' lang='lat'><strong>676;</strong></span> 
     </span>
     <span class='ocr_line' id='line_1_18' title="bbox 234 1270 1721 1317; baseline 0.001 -10"><span class='ocrx_word' id='word_1_141' title='bbox 234 1271 361 1307; x_wconf 83' lang='lat' dir='ltr'>Claud.</span> <span class='ocrx_word' id='word_1_142' title='bbox 389 1271 435 1306; x_wconf 91' lang='lat' dir='ltr'>de</span> <span class='ocrx_word' id='word_1_143' title='bbox 458 1271 546 1306; x_wconf 89' lang='lat' dir='ltr'>bell.</span> <span class='ocrx_word' id='word_1_144' title='bbox 572 1270 668 1306; x_wconf 80' lang='lat' dir='ltr'>Gild.</span> <span class='ocrx_word' id='word_1_145' title='bbox 686 1270 771 1312; x_wconf 84' lang='lat'>235;</span> <span class='ocrx_word' id='word_1_146' title='bbox 799 1270 950 1307; x_wconf 82' lang='lat' dir='ltr'>Iuveno.</span> <span class='ocrx_word' id='word_1_147' title='bbox 975 1271 1037 1314; x_wconf 92' lang='lat' dir='ltr'>IV,</span> <span class='ocrx_word' id='word_1_148' title='bbox 1057 1271 1143 1314; x_wconf 69' lang='lat'>366,</span> <span class='ocrx_word' id='word_1_149' title='bbox 1169 1276 1312 1317; x_wconf 74' lang='lat' dir='ltr'>questus</span> <span class='ocrx_word' id='word_1_150' title='bbox 1337 1271 1417 1308; x_wconf 88' lang='lat' dir='ltr'>Val.</span> <span class='ocrx_word' id='word_1_151' title='bbox 1437 1271 1498 1314; x_wconf 93' lang='lat' dir='ltr'>IV,</span> <span class='ocrx_word' id='word_1_152' title='bbox 1516 1272 1580 1315; x_wconf 89' lang='lat'>42;</span> <span class='ocrx_word' id='word_1_153' title='bbox 1609 1271 1721 1317; x_wconf 84' lang='lat' dir='ltr'>Verg.</span> 
     </span>
     <span class='ocr_line' id='line_1_19' title="bbox 230 1329 1722 1378; baseline 0.001 -13"><span class='ocrx_word' id='word_1_154' title='bbox 230 1331 322 1367; x_wconf 92' lang='lat' dir='ltr'>Aen.</span> <span class='ocrx_word' id='word_1_155' title='bbox 348 1330 410 1372; x_wconf 85' lang='lat' dir='ltr'>IV,</span> <span class='ocrx_word' id='word_1_156' title='bbox 437 1330 522 1373; x_wconf 86' lang='lat'>553;</span> <span class='ocrx_word' id='word_1_157' title='bbox 552 1329 678 1365; x_wconf 81' lang='lat' dir='ltr'>Claud.</span> <span class='ocrx_word' id='word_1_158' title='bbox 707 1330 754 1366; x_wconf 89' lang='lat' dir='ltr'>de</span> <span class='ocrx_word' id='word_1_159' title='bbox 779 1331 892 1375; x_wconf 83' lang='lat' dir='ltr'>raptu</span> <span class='ocrx_word' id='word_1_160' title='bbox 909 1330 1011 1368; x_wconf 87' lang='lat' dir='ltr'>Pros.</span> <span class='ocrx_word' id='word_1_161' title='bbox 1031 1330 1080 1371; x_wconf 93' lang='lat' dir='ltr'>II,</span> <span class='ocrx_word' id='word_1_162' title='bbox 1101 1331 1186 1374; x_wconf 76' lang='lat'>2493</span> <span class='ocrx_word' id='word_1_163' title='bbox 1211 1332 1318 1366; x_wconf 77' lang='lat' dir='ltr'>sibila</span> <span class='ocrx_word' id='word_1_164' title='bbox 1344 1331 1406 1369; x_wconf 86' lang='lat' dir='ltr'>Sil.</span> <span class='ocrx_word' id='word_1_165' title='bbox 1426 1331 1453 1373; x_wconf 90' lang='lat' dir='ltr'>I,</span> <span class='ocrx_word' id='word_1_166' title='bbox 1472 1331 1537 1378; x_wconf 77' lang='lat'>953</span> <span class='ocrx_word' id='word_1_167' title='bbox 1563 1332 1722 1377; x_wconf 73' lang='lat' dir='ltr'>querelas</span> 
     </span>
     <span class='ocr_line' id='line_1_20' title="bbox 233 1389 1720 1437; baseline 0.001 -12"><span class='ocrx_word' id='word_1_168' title='bbox 233 1389 294 1426; x_wconf 86' lang='lat' dir='ltr'>Sil.</span> <span class='ocrx_word' id='word_1_169' title='bbox 323 1389 389 1431; x_wconf 92' lang='lat' dir='ltr'>III,</span> <span class='ocrx_word' id='word_1_170' title='bbox 418 1389 502 1431; x_wconf 72' lang='lat'>5583</span> <span class='ocrx_word' id='word_1_171' title='bbox 530 1389 623 1425; x_wconf 90' lang='lat' dir='ltr'>Mar.</span> <span class='ocrx_word' id='word_1_172' title='bbox 650 1389 746 1426; x_wconf 85' lang='lat' dir='ltr'>Vict.</span> <span class='ocrx_word' id='word_1_173' title='bbox 772 1390 896 1425; x_wconf 89' lang='lat' dir='ltr'>Aleth.</span> <span class='ocrx_word' id='word_1_174' title='bbox 923 1389 990 1431; x_wconf 93' lang='lat' dir='ltr'>III,</span> <span class='ocrx_word' id='word_1_175' title='bbox 1018 1390 1106 1432; x_wconf 89' lang='lat'>215;</span> <span class='ocrx_word' id='word_1_176' title='bbox 1134 1390 1219 1425; x_wconf 83' lang='lat' dir='ltr'>Luc.</span> <span class='ocrx_word' id='word_1_177' title='bbox 1247 1390 1350 1435; x_wconf 83' lang='lat' dir='ltr'>VIII,</span> <span class='ocrx_word' id='word_1_178' title='bbox 1377 1391 1442 1435; x_wconf 71' lang='lat'>873</span> <span class='ocrx_word' id='word_1_179' title='bbox 1466 1392 1633 1437; x_wconf 72' lang='lat' dir='ltr'>yemitum</span> <span class='ocrx_word' id='word_1_180' title='bbox 1658 1390 1720 1427; x_wconf 83' lang='lat' dir='ltr'>Sil.</span> 
     </span>
     <span class='ocr_line' id='line_1_21' title="bbox 232 1448 1721 1496; baseline 0.001 -12"><span class='ocrx_word' id='word_1_181' title='bbox 232 1449 295 1495; x_wconf 88' lang='lat' dir='ltr'>IV,</span> <span class='ocrx_word' id='word_1_182' title='bbox 320 1449 407 1494; x_wconf 77' lang='lat'>4563</span> <span class='ocrx_word' id='word_1_183' title='bbox 433 1449 591 1484; x_wconf 76' lang='lat' dir='ltr'>convicia</span> <span class='ocrx_word' id='word_1_184' title='bbox 618 1448 739 1484; x_wconf 85' lang='lat' dir='ltr'>Gratt.</span> <span class='ocrx_word' id='word_1_185' title='bbox 767 1461 846 1494; x_wconf 82' lang='lat' dir='ltr'>eyn.</span> <span class='ocrx_word' id='word_1_186' title='bbox 876 1449 943 1484; x_wconf 87' lang='lat'>188</span> <span class='ocrx_word' id='word_1_187' title='bbox 952 1462 959 1491; x_wconf 90' lang='lat'>;</span> <span class='ocrx_word' id='word_1_188' title='bbox 995 1450 1155 1493; x_wconf 76' lang='lat' dir='ltr'>suspiria</span> <span class='ocrx_word' id='word_1_189' title='bbox 1182 1449 1301 1485; x_wconf 88' lang='lat' dir='ltr'>Orest.</span> <span class='ocrx_word' id='word_1_190' title='bbox 1326 1451 1423 1496; x_wconf 87' lang='lat' dir='ltr'>trag.</span> <span class='ocrx_word' id='word_1_191' title='bbox 1449 1450 1534 1493; x_wconf 87' lang='grc'>523;</span> <span class='ocrx_word' id='word_1_192' title='bbox 1571 1451 1721 1496; x_wconf 60' lang='lat' dir='ltr'>gemitus</span> 
     </span>
     <span class='ocr_line' id='line_1_22' title="bbox 235 1508 1477 1556; baseline -0.001 -10"><span class='ocrx_word' id='word_1_193' title='bbox 235 1509 382 1554; x_wconf 85' lang='lat' dir='ltr'>Coripp.</span> <span class='ocrx_word' id='word_1_194' title='bbox 411 1508 488 1545; x_wconf 90' lang='lat' dir='ltr'>Ioh.</span> <span class='ocrx_word' id='word_1_195' title='bbox 515 1508 585 1544; x_wconf 91' lang='lat' dir='ltr'>VII</span> <span class='ocrx_word' id='word_1_196' title='bbox 611 1508 689 1554; x_wconf 83' lang='lat' dir='ltr'>(VI)</span> <span class='ocrx_word' id='word_1_197' title='bbox 718 1508 803 1550; x_wconf 85' lang='lat'>198;</span> <span class='ocrx_word' id='word_1_198' title='bbox 830 1508 922 1542; x_wconf 90' lang='lat' dir='ltr'>VIII</span> <span class='ocrx_word' id='word_1_199' title='bbox 948 1508 1052 1554; x_wconf 93' lang='lat' dir='ltr'>(VII)</span> <span class='ocrx_word' id='word_1_200' title='bbox 1078 1509 1167 1556; x_wconf 86' lang='lat'>331;</span> <span class='ocrx_word' id='word_1_201' title='bbox 1200 1510 1372 1554; x_wconf 82' lang='lat' dir='ltr'>loquelam</span> <span class='ocrx_word' id='word_1_202' title='bbox 1396 1510 1477 1548; x_wconf 84' lang='lat'>547.</span> 
     </span>
    </p>
   </div>
   <div class='ocr_carea' id='block_1_8' title="bbox 232 1579 1723 1743">
    <p class='ocr_par' dir='ltr' id='par_1_8' title="bbox 232 1579 1723 1743">
     <span class='ocr_line' id='line_1_23' title="bbox 327 1579 1723 1626; baseline 0.001 -12"><span class='ocrx_word' id='word_1_203' title='bbox 327 1579 406 1615; x_wconf 82' lang='lat'>508.</span> <span class='ocrx_word' id='word_1_204' title='bbox 457 1583 488 1614; x_wconf 82' lang='lat' dir='ltr'>et</span> <span class='ocrx_word' id='word_1_205' title='bbox 512 1579 600 1614; x_wconf 74' lang='lat' dir='ltr'>mibi</span> <span class='ocrx_word' id='word_1_206' title='bbox 625 1579 726 1625; x_wconf 56' lang='lat' dir='ltr'>Van,</span> <span class='ocrx_word' id='word_1_207' title='bbox 761 1579 860 1624; x_wconf 88' lang='lat' dir='ltr'>quod</span> <span class='ocrx_word' id='word_1_208' title='bbox 886 1580 1102 1625; x_wconf 84' lang='lat' dir='ltr'>corruptum</span> <span class='ocrx_word' id='word_1_209' title='bbox 1126 1581 1228 1625; x_wconf 86' lang='lat' dir='ltr'>puto,</span> <span class='ocrx_word' id='word_1_210' title='bbox 1258 1591 1342 1615; x_wconf 85' lang='lat' dir='ltr'>cum</span> <span class='ocrx_word' id='word_1_211' title='bbox 1366 1592 1476 1616; x_wconf 90' lang='lat' dir='ltr'>nemo</span> <span class='ocrx_word' id='word_1_212' title='bbox 1503 1580 1596 1616; x_wconf 85' lang='lat' dir='ltr'>alius</span> <span class='ocrx_word' id='word_1_213' title='bbox 1623 1580 1723 1626; x_wconf 89' lang='lat' dir='ltr'>apud</span> 
     </span>
     <span class='ocr_line' id='line_1_24' title="bbox 232 1638 1723 1685; baseline 0 -10"><span class='ocrx_word' id='word_1_214' title='bbox 232 1639 362 1675; x_wconf 89' lang='lat' dir='ltr'>Iovem</span> <span class='ocrx_word' id='word_1_215' title='bbox 399 1640 551 1684; x_wconf 87' lang='lat' dir='ltr'>questus</span> <span class='ocrx_word' id='word_1_216' title='bbox 589 1638 656 1685; x_wconf 89' lang='lat' dir='ltr'>sit;</span> <span class='ocrx_word' id='word_1_217' title='bbox 702 1642 752 1673; x_wconf 77' lang='lat' dir='ltr'>est</span> <span class='ocrx_word' id='word_1_218' title='bbox 789 1639 876 1673; x_wconf 77' lang='lat' dir='ltr'>milii</span> <span class='ocrx_word' id='word_1_219' title='bbox 912 1640 1015 1675; x_wconf 81' lang='lat' dir='ltr'>recte</span> <span class='ocrx_word' id='word_1_220' title='bbox 1054 1639 1203 1684; x_wconf 78' lang='lat' dir='ltr'>scripsit</span> <span class='ocrx_word' id='word_1_221' title='bbox 1241 1651 1325 1675; x_wconf 86' lang='lat' dir='ltr'>cum</span> <span class='ocrx_word' id='word_1_222' title='bbox 1363 1639 1588 1676; x_wconf 69' lang='lat' dir='ltr'>editionibus</span> <span class='ocrx_word' id='word_1_223' title='bbox 1627 1639 1723 1676; x_wconf 85' lang='lat' dir='ltr'>anti-</span> 
     </span>
     <span class='ocr_line' id='line_1_25' title="bbox 234 1697 515 1743; baseline -0.004 -10"><span class='ocrx_word' id='word_1_224' title='bbox 234 1698 315 1743; x_wconf 85' lang='lat' dir='ltr'>quis</span> <span class='ocrx_word' id='word_1_225' title='bbox 341 1697 515 1734; x_wconf 84' lang='lat' dir='ltr'>Schenkl.</span> 
     </span>
    </p>
   </div>
   <div class='ocr_carea' id='block_1_9' title="bbox 232 1769 1727 2588">
    <p class='ocr_par' dir='ltr' id='par_1_9' title="bbox 232 1769 1725 1925">
     <span class='ocr_line' id='line_1_26' title="bbox 327 1769 1724 1816; baseline 0.001 -12"><span class='ocrx_word' id='word_1_226' title='bbox 327 1769 408 1807; x_wconf 88' lang='grc'>509.</span> <span class='ocrx_word' id='word_1_227' title='bbox 457 1780 572 1814; x_wconf 78' lang='lat' dir='ltr'>nequa</span> <span class='ocrx_word' id='word_1_228' title='bbox 594 1769 687 1812; x_wconf 80' lang='lat' dir='ltr'>foret</span> <span class='ocrx_word' id='word_1_229' title='bbox 710 1780 838 1804; x_wconf 74' lang='lat' dir='ltr'>manus</span> <span class='ocrx_word' id='word_1_230' title='bbox 863 1770 986 1805; x_wconf 78' lang='lat' dir='ltr'>invida</span> <span class='ocrx_word' id='word_1_231' title='bbox 1009 1774 1095 1805; x_wconf 77' lang='lat' dir='ltr'>nato</span> <span class='ocrx_word' id='word_1_232' title='bbox 1122 1781 1205 1805; x_wconf 83' lang='lat' dir='ltr'>eum</span> <span class='ocrx_word' id='word_1_233' title='bbox 1231 1770 1398 1816; x_wconf 80' lang='lat' dir='ltr'>eleganti</span> <span class='ocrx_word' id='word_1_234' title='bbox 1433 1770 1622 1807; x_wconf 79' lang='lat' dir='ltr'>brevitate</span> <span class='ocrx_word' id='word_1_235' title='bbox 1647 1770 1724 1806; x_wconf 75' lang='lat' dir='ltr'>ffic-</span> 
     </span>
     <span class='ocr_line' id='line_1_27' title="bbox 232 1828 1725 1875; baseline 0.001 -11"><span class='ocrx_word' id='word_1_236' title='bbox 232 1830 313 1864; x_wconf 93' lang='lat' dir='ltr'>tum</span> <span class='ocrx_word' id='word_1_237' title='bbox 343 1841 411 1875; x_wconf 91' lang='lat' dir='ltr'>pro</span> <span class='ocrx_word' id='word_1_238' title='bbox 448 1840 490 1865; x_wconf 90' lang='lat' dir='ltr'>eo</span> <span class='ocrx_word' id='word_1_239' title='bbox 523 1829 622 1874; x_wconf 90' lang='lat' dir='ltr'>quod</span> <span class='ocrx_word' id='word_1_240' title='bbox 648 1830 714 1869; x_wconf 84' lang='lat' dir='ltr'>est,</span> <span class='ocrx_word' id='word_1_241' title='bbox 747 1828 876 1873; x_wconf 86' lang='lat' dir='ltr'>nequis</span> <span class='ocrx_word' id='word_1_242' title='bbox 903 1830 1059 1874; x_wconf 81' lang='lat' dir='ltr'>propter</span> <span class='ocrx_word' id='word_1_243' title='bbox 1090 1829 1272 1864; x_wconf 85' lang='lat' dir='ltr'>invidiam</span> <span class='ocrx_word' id='word_1_244' title='bbox 1302 1841 1454 1865; x_wconf 86' lang='lat' dir='ltr'>manum</span> <span class='ocrx_word' id='word_1_245' title='bbox 1492 1831 1531 1866; x_wconf 88' lang='lat' dir='ltr'>et</span> <span class='ocrx_word' id='word_1_246' title='bbox 1561 1829 1639 1865; x_wconf 84' lang='lat' dir='ltr'>vim</span> <span class='ocrx_word' id='word_1_247' title='bbox 1670 1830 1725 1865; x_wconf 89' lang='lat' dir='ltr'>in-</span> 
     </span>
     <span class='ocr_line' id='line_1_28' title="bbox 236 1888 481 1925; baseline 0.008 -2"><span class='ocrx_word' id='word_1_248' title='bbox 236 1888 354 1924; x_wconf 86' lang='lat' dir='ltr'>ferret</span> <span class='ocrx_word' id='word_1_249' title='bbox 379 1889 481 1925; x_wconf 76' lang='lat' dir='ltr'>nato.</span> 
     </span>
    </p>

    <p class='ocr_par' dir='ltr' id='par_1_10' title="bbox 233 1948 1727 2588">
     <span class='ocr_line' id='line_1_29' title="bbox 327 1948 1724 1994; baseline 0.001 -12"><span class='ocrx_word' id='word_1_250' title='bbox 327 1949 490 1992; x_wconf 89' lang='lat' dir='ltr'>improba</span> <span class='ocrx_word' id='word_1_251' title='bbox 517 1969 561 1974; x_wconf 80' lang='lat'>—</span> <span class='ocrx_word' id='word_1_252' title='bbox 587 1959 693 1994; x_wconf 78' lang='lat' dir='ltr'>arva3</span> <span class='ocrx_word' id='word_1_253' title='bbox 729 1948 923 1994; x_wconf 88' lang='lat' dir='ltr'>improbae</span> <span class='ocrx_word' id='word_1_254' title='bbox 950 1960 1078 1984; x_wconf 88' lang='lat' dir='ltr'>omnes</span> <span class='ocrx_word' id='word_1_255' title='bbox 1104 1959 1164 1984; x_wconf 86' lang='lat' dir='ltr'>res</span> <span class='ocrx_word' id='word_1_256' title='bbox 1191 1960 1212 1983; x_wconf 88' lang='lat' dir='ltr'>a</span> <span class='ocrx_word' id='word_1_257' title='bbox 1248 1949 1371 1994; x_wconf 84' lang='lat' dir='ltr'>poetis</span> <span class='ocrx_word' id='word_1_258' title='bbox 1409 1948 1590 1991; x_wconf 78' lang='lat' dir='ltr'>dicuntur,</span> <span class='ocrx_word' id='word_1_259' title='bbox 1629 1959 1724 1994; x_wconf 88' lang='lat' dir='ltr'>quae</span> 
     </span>
     <span class='ocr_line' id='line_1_30' title="bbox 236 2007 1725 2055; baseline 0.001 -13"><span class='ocrx_word' id='word_1_260' title='bbox 236 2007 389 2042; x_wconf 81' lang='lat' dir='ltr'>modum</span> <span class='ocrx_word' id='word_1_261' title='bbox 414 2007 609 2048; x_wconf 85' lang='lat' dir='ltr'>excedunt,</span> <span class='ocrx_word' id='word_1_262' title='bbox 638 2007 753 2043; x_wconf 89' lang='lat' dir='ltr'>etiam</span> <span class='ocrx_word' id='word_1_263' title='bbox 778 2007 856 2044; x_wconf 89' lang='lat' dir='ltr'>sine</span> <span class='ocrx_word' id='word_1_264' title='bbox 882 2008 959 2042; x_wconf 91' lang='lat' dir='ltr'>ulla</span> <span class='ocrx_word' id='word_1_265' title='bbox 984 2007 1273 2054; x_wconf 80' lang='lat' dir='ltr'>vituperationis</span> <span class='ocrx_word' id='word_1_266' title='bbox 1298 2008 1468 2055; x_wconf 79' lang='lat' dir='ltr'>notione3</span> <span class='ocrx_word' id='word_1_267' title='bbox 1501 2008 1617 2054; x_wconf 86' lang='lat' dir='ltr'>igitur</span> <span class='ocrx_word' id='word_1_268' title='bbox 1654 2009 1725 2044; x_wconf 85' lang='lat' dir='ltr'>hoc</span> 
     </span>
     <span class='ocr_line' id='line_1_31' title="bbox 233 2066 1723 2114; baseline 0.001 -13"><span class='ocrx_word' id='word_1_269' title='bbox 233 2066 316 2102; x_wconf 83' lang='lat' dir='ltr'>loco</span> <span class='ocrx_word' id='word_1_270' title='bbox 341 2066 422 2102; x_wconf 89' lang='lat' dir='ltr'>fere</span> <span class='ocrx_word' id='word_1_271' title='bbox 446 2066 547 2102; x_wconf 90' lang='lat' dir='ltr'>idem</span> <span class='ocrx_word' id='word_1_272' title='bbox 573 2068 687 2112; x_wconf 91' lang='lat' dir='ltr'>atque</span> <span class='ocrx_word' id='word_1_273' title='bbox 711 2066 909 2109; x_wconf 57' lang='lat' dir='ltr'>immensa,</span> <span class='ocrx_word' id='word_1_274' title='bbox 945 2067 1047 2103; x_wconf 86' lang='lat' dir='ltr'>idem</span> <span class='ocrx_word' id='word_1_275' title='bbox 1071 2067 1210 2113; x_wconf 89' lang='lat' dir='ltr'>legitur</span> <span class='ocrx_word' id='word_1_276' title='bbox 1234 2067 1282 2109; x_wconf 90' lang='grc' dir='ltr'>ΙΙ,</span> <span class='ocrx_word' id='word_1_277' title='bbox 1310 2068 1395 2111; x_wconf 83' lang='grc'>630;</span> <span class='ocrx_word' id='word_1_278' title='bbox 1434 2069 1586 2114; x_wconf 73' lang='lat' dir='ltr'>teymina</span> <span class='ocrx_word' id='word_1_279' title='bbox 1611 2068 1635 2106; x_wconf 78' lang='lat' dir='ltr'>i.</span> <span class='ocrx_word' id='word_1_280' title='bbox 1660 2067 1723 2113; x_wconf 88' lang='lat' dir='ltr'>VI,</span> 
     </span>
     <span class='ocr_line' id='line_1_32' title="bbox 235 2125 1722 2172; baseline 0.001 -12"><span class='ocrx_word' id='word_1_281' title='bbox 235 2125 319 2167; x_wconf 83' lang='lat'>702;</span> <span class='ocrx_word' id='word_1_282' title='bbox 347 2125 467 2161; x_wconf 86' lang='lat' dir='ltr'>Fama</span> <span class='ocrx_word' id='word_1_283' title='bbox 491 2125 533 2167; x_wconf 94' lang='lat' dir='ltr'>V,</span> <span class='ocrx_word' id='word_1_284' title='bbox 560 2126 622 2168; x_wconf 89' lang='grc'>82;</span> <span class='ocrx_word' id='word_1_285' title='bbox 649 2127 749 2162; x_wconf 82' lang='lat' dir='ltr'>labor</span> <span class='ocrx_word' id='word_1_286' title='bbox 773 2125 884 2171; x_wconf 88' lang='lat' dir='ltr'>Verg.</span> <span class='ocrx_word' id='word_1_287' title='bbox 913 2138 1040 2172; x_wconf 84' lang='lat' dir='ltr'>georg.</span> <span class='ocrx_word' id='word_1_288' title='bbox 1068 2126 1095 2168; x_wconf 89' lang='grc' dir='ltr'>Ι,</span> <span class='ocrx_word' id='word_1_289' title='bbox 1124 2127 1210 2169; x_wconf 89' lang='grc'>146;</span> <span class='ocrx_word' id='word_1_290' title='bbox 1238 2127 1383 2163; x_wconf 83' lang='lat' dir='ltr'>divitiae</span> <span class='ocrx_word' id='word_1_291' title='bbox 1407 2127 1496 2164; x_wconf 88' lang='lat' dir='ltr'>Hor.</span> <span class='ocrx_word' id='word_1_292' title='bbox 1523 2138 1552 2164; x_wconf 83' lang='lat'>0.</span> <span class='ocrx_word' id='word_1_293' title='bbox 1578 2126 1647 2169; x_wconf 89' lang='grc' dir='ltr'>ΙΠ,</span> <span class='ocrx_word' id='word_1_294' title='bbox 1666 2127 1722 2170; x_wconf 86' lang='grc'>24,</span> 
     </span>
     <span class='ocr_line' id='line_1_33' title="bbox 234 2185 1723 2232; baseline 0.002 -13"><span class='ocrx_word' id='word_1_295' title='bbox 234 2185 296 2227; x_wconf 89' lang='grc'>62;</span> <span class='ocrx_word' id='word_1_296' title='bbox 333 2196 414 2229; x_wconf 76' lang='lat' dir='ltr'>spes</span> <span class='ocrx_word' id='word_1_297' title='bbox 443 2186 519 2220; x_wconf 76' lang='lat' dir='ltr'>veri</span> <span class='ocrx_word' id='word_1_298' title='bbox 550 2185 636 2220; x_wconf 83' lang='lat' dir='ltr'>Luc.</span> <span class='ocrx_word' id='word_1_299' title='bbox 662 2186 705 2227; x_wconf 88' lang='lat' dir='ltr'>V,</span> <span class='ocrx_word' id='word_1_300' title='bbox 734 2185 816 2227; x_wconf 86' lang='lat'>130;</span> <span class='ocrx_word' id='word_1_301' title='bbox 856 2197 1000 2221; x_wconf 73' lang='lat' dir='ltr'>somnus</span> <span class='ocrx_word' id='word_1_302' title='bbox 1032 2186 1143 2224; x_wconf 89' lang='lat' dir='ltr'>Mart.</span> <span class='ocrx_word' id='word_1_303' title='bbox 1169 2186 1251 2228; x_wconf 87' lang='lat' dir='ltr'>XII,</span> <span class='ocrx_word' id='word_1_304' title='bbox 1280 2186 1334 2227; x_wconf 89' lang='grc'>18,</span> <span class='ocrx_word' id='word_1_305' title='bbox 1362 2186 1423 2229; x_wconf 77' lang='lat'>133</span> <span class='ocrx_word' id='word_1_306' title='bbox 1459 2186 1601 2232; x_wconf 74' lang='lat' dir='ltr'>friqora</span> <span class='ocrx_word' id='word_1_307' title='bbox 1625 2185 1723 2222; x_wconf 79' lang='lat' dir='ltr'>Stat.</span> 
     </span>
     <span class='ocr_line' id='line_1_34' title="bbox 235 2244 1725 2290; baseline 0.001 -10"><span class='ocrx_word' id='word_1_308' title='bbox 235 2244 313 2280; x_wconf 83' lang='lat' dir='ltr'>silv.</span> <span class='ocrx_word' id='word_1_309' title='bbox 340 2244 369 2290; x_wconf 83' lang='grc' dir='ltr'>Ι,</span> <span class='ocrx_word' id='word_1_310' title='bbox 396 2245 427 2286; x_wconf 85' lang='grc'>3,</span> <span class='ocrx_word' id='word_1_311' title='bbox 455 2244 499 2287; x_wconf 84' lang='grc'>7;</span> <span class='ocrx_word' id='word_1_312' title='bbox 523 2245 589 2287; x_wconf 79' lang='lat' dir='ltr'>flos</span> <span class='ocrx_word' id='word_1_313' title='bbox 614 2244 662 2286; x_wconf 92' lang='lat' dir='ltr'>II,</span> <span class='ocrx_word' id='word_1_314' title='bbox 691 2245 722 2285; x_wconf 90' lang='lat'>1,</span> <span class='ocrx_word' id='word_1_315' title='bbox 750 2245 834 2287; x_wconf 85' lang='lat'>107;</span> <span class='ocrx_word' id='word_1_316' title='bbox 860 2246 914 2280; x_wconf 84' lang='lat' dir='ltr'>sol</span> <span class='ocrx_word' id='word_1_317' title='bbox 938 2245 965 2287; x_wconf 82' lang='lat' dir='ltr'>I,</span> <span class='ocrx_word' id='word_1_318' title='bbox 992 2245 1026 2290; x_wconf 81' lang='lat'>5,</span> <span class='ocrx_word' id='word_1_319' title='bbox 1051 2245 1113 2286; x_wconf 90' lang='lat'>46;</span> <span class='ocrx_word' id='word_1_320' title='bbox 1139 2246 1229 2282; x_wconf 85' lang='lat' dir='ltr'>Ach.</span> <span class='ocrx_word' id='word_1_321' title='bbox 1257 2245 1304 2287; x_wconf 90' lang='grc' dir='ltr'>ΙΙ,</span> <span class='ocrx_word' id='word_1_322' title='bbox 1332 2246 1401 2281; x_wconf 90' lang='grc'>268</span> <span class='ocrx_word' id='word_1_323' title='bbox 1427 2246 1452 2282; x_wconf 86' lang='lat' dir='ltr'>i.</span> <span class='ocrx_word' id='word_1_324' title='bbox 1474 2246 1574 2290; x_wconf 79' lang='lat' dir='ltr'>felix,</span> <span class='ocrx_word' id='word_1_325' title='bbox 1591 2250 1725 2282; x_wconf 73' lang='lat' dir='ltr'>noster-</span> 
     </span>
     <span class='ocr_line' id='line_1_35' title="bbox 235 2304 1724 2351; baseline 0.002 -13"><span class='ocrx_word' id='word_1_326' title='bbox 235 2314 300 2349; x_wconf 76' lang='lat' dir='ltr'>que</span> <span class='ocrx_word' id='word_1_327' title='bbox 322 2304 399 2339; x_wconf 83' lang='lat' dir='ltr'>redi</span> <span class='ocrx_word' id='word_1_328' title='bbox 423 2326 469 2333; x_wconf 89' lang='lat'>-</span> <span class='ocrx_word' id='word_1_329' title='bbox 493 2305 598 2339; x_wconf 79' lang='lat' dir='ltr'>nimis</span> <span class='ocrx_word' id='word_1_330' title='bbox 622 2305 784 2348; x_wconf 85' lang='lat' dir='ltr'>improba</span> <span class='ocrx_word' id='word_1_331' title='bbox 803 2315 913 2348; x_wconf 77' lang='lat' dir='ltr'>poseo</span> <span class='ocrx_word' id='word_1_332' title='bbox 938 2304 964 2341; x_wconf 89' lang='lat' dir='ltr'>i.</span> <span class='ocrx_word' id='word_1_333' title='bbox 989 2315 1022 2342; x_wconf 84' lang='lat' dir='ltr'>e.</span> <span class='ocrx_word' id='word_1_334' title='bbox 1048 2305 1161 2340; x_wconf 87' lang='lat' dir='ltr'>nimia</span> <span class='ocrx_word' id='word_1_335' title='bbox 1197 2306 1284 2340; x_wconf 82' lang='lat' dir='ltr'>sunt</span> <span class='ocrx_word' id='word_1_336' title='bbox 1321 2316 1417 2350; x_wconf 86' lang='lat' dir='ltr'>quae</span> <span class='ocrx_word' id='word_1_337' title='bbox 1453 2316 1583 2351; x_wconf 83' lang='lat' dir='ltr'>posco;</span> <span class='ocrx_word' id='word_1_338' title='bbox 1610 2305 1724 2341; x_wconf 76' lang='lat' dir='ltr'>Theb.</span> 
     </span>
     <span class='ocr_line' id='line_1_36' title="bbox 234 2362 1724 2410; baseline 0.001 -12"><span class='ocrx_word' id='word_1_339' title='bbox 234 2362 296 2405; x_wconf 76' lang='lat' dir='ltr'>VI,</span> <span class='ocrx_word' id='word_1_340' title='bbox 329 2362 400 2398; x_wconf 89' lang='lat'>839</span> <span class='ocrx_word' id='word_1_341' title='bbox 437 2364 608 2398; x_wconf 80' lang='lat' dir='ltr'>homiuem</span> <span class='ocrx_word' id='word_1_342' title='bbox 644 2374 751 2408; x_wconf 79' lang='lat' dir='ltr'>super</span> <span class='ocrx_word' id='word_1_343' title='bbox 786 2364 968 2408; x_wconf 70' lang='lat' dir='ltr'>improbus</span> <span class='ocrx_word' id='word_1_344' title='bbox 1007 2365 1071 2410; x_wconf 84' lang='lat' dir='ltr'>(se.</span> <span class='ocrx_word' id='word_1_345' title='bbox 1109 2364 1368 2410; x_wconf 74' lang='lat' dir='ltr'>magnitudine</span> <span class='ocrx_word' id='word_1_346' title='bbox 1403 2364 1598 2409; x_wconf 77' lang='lat' dir='ltr'>immensa)</span> <span class='ocrx_word' id='word_1_347' title='bbox 1636 2366 1724 2407; x_wconf 52' lang='lat' dir='ltr'>eain</span> 
     </span>
     <span class='ocr_line' id='line_1_37' title="bbox 235 2422 1724 2470; baseline 0.001 -12"><span class='ocrx_word' id='word_1_348' title='bbox 235 2422 299 2460; x_wconf 86' lang='lat' dir='ltr'>Sil.</span> <span class='ocrx_word' id='word_1_349' title='bbox 324 2422 420 2464; x_wconf 90' lang='lat' dir='ltr'>XIV,</span> <span class='ocrx_word' id='word_1_350' title='bbox 447 2423 516 2458; x_wconf 84' lang='grc'>508</span> <span class='ocrx_word' id='word_1_351' title='bbox 540 2424 662 2467; x_wconf 77' lang='lat' dir='ltr'>spatia</span> <span class='ocrx_word' id='word_1_352' title='bbox 685 2424 847 2468; x_wconf 87' lang='lat' dir='ltr'>improba</span> <span class='ocrx_word' id='word_1_353' title='bbox 871 2425 996 2468; x_wconf 84' lang='lat' dir='ltr'>campi,</span> <span class='ocrx_word' id='word_1_354' title='bbox 1031 2424 1237 2469; x_wconf 78' lang='lat' dir='ltr'>similiaque</span> <span class='ocrx_word' id='word_1_355' title='bbox 1264 2424 1345 2459; x_wconf 86' lang='lat' dir='ltr'>aliis</span> <span class='ocrx_word' id='word_1_356' title='bbox 1370 2423 1460 2460; x_wconf 82' lang='lat' dir='ltr'>loeis</span> <span class='ocrx_word' id='word_1_357' title='bbox 1485 2435 1561 2459; x_wconf 88' lang='lat' dir='ltr'>non</span> <span class='ocrx_word' id='word_1_358' title='bbox 1584 2435 1724 2470; x_wconf 80' lang='lat' dir='ltr'>pau0a;</span> 
     </span>
     <span class='ocr_line' id='line_1_38' title="bbox 236 2482 1727 2527; baseline 0.001 -10"><span class='ocrx_word' id='word_1_359' title='bbox 236 2482 324 2527; x_wconf 91' lang='lat' dir='ltr'>quin</span> <span class='ocrx_word' id='word_1_360' title='bbox 349 2482 464 2518; x_wconf 87' lang='lat' dir='ltr'>etiam</span> <span class='ocrx_word' id='word_1_361' title='bbox 488 2493 666 2527; x_wconf 87' lang='lat' dir='ltr'>magnam</span> <span class='ocrx_word' id='word_1_362' title='bbox 690 2483 869 2518; x_wconf 89' lang='lat' dir='ltr'>virtutem</span> <span class='ocrx_word' id='word_1_363' title='bbox 893 2484 1089 2527; x_wconf 77' lang='lat' dir='ltr'>improbam</span> <span class='ocrx_word' id='word_1_364' title='bbox 1115 2483 1287 2519; x_wconf 83' lang='lat' dir='ltr'>dixerunt</span> <span class='ocrx_word' id='word_1_365' title='bbox 1313 2482 1407 2518; x_wconf 84' lang='lat' dir='ltr'>Stat.</span> <span class='ocrx_word' id='word_1_366' title='bbox 1435 2482 1552 2520; x_wconf 87' lang='lat' dir='ltr'>Theb.</span> <span class='ocrx_word' id='word_1_367' title='bbox 1575 2482 1637 2525; x_wconf 92' lang='lat' dir='ltr'>IV,</span> <span class='ocrx_word' id='word_1_368' title='bbox 1655 2482 1727 2519; x_wconf 87' lang='grc'>319</span> 
     </span>
     <span class='ocr_line' id='line_1_39' title="bbox 236 2541 1425 2588; baseline 0.002 -11"><span class='ocrx_word' id='word_1_369' title='bbox 236 2542 275 2577; x_wconf 82' lang='lat' dir='ltr'>et</span> <span class='ocrx_word' id='word_1_370' title='bbox 302 2541 447 2587; x_wconf 87' lang='lat' dir='ltr'>Coripp.</span> <span class='ocrx_word' id='word_1_371' title='bbox 474 2541 553 2578; x_wconf 84' lang='lat' dir='ltr'>Ioh.</span> <span class='ocrx_word' id='word_1_372' title='bbox 580 2541 639 2582; x_wconf 85' lang='lat' dir='ltr'>IV,</span> <span class='ocrx_word' id='word_1_373' title='bbox 668 2542 736 2576; x_wconf 86' lang='lat'>711</span> <span class='ocrx_word' id='word_1_374' title='bbox 768 2544 869 2587; x_wconf 89' lang='lat' dir='ltr'>(nam</span> <span class='ocrx_word' id='word_1_375' title='bbox 893 2543 920 2587; x_wconf 92' lang='grc'>1,</span> <span class='ocrx_word' id='word_1_376' title='bbox 947 2542 992 2577; x_wconf 87' lang='lat'>39</span> <span class='ocrx_word' id='word_1_377' title='bbox 1018 2542 1206 2578; x_wconf 87' lang='lat' dir='ltr'>sententia</span> <span class='ocrx_word' id='word_1_378' title='bbox 1233 2542 1306 2578; x_wconf 87' lang='lat' dir='ltr'>alia</span> <span class='ocrx_word' id='word_1_379' title='bbox 1342 2543 1425 2588; x_wconf 72' lang='lat' dir='ltr'>est).</span> 
     </span>
    </p>
   </div>
   <div class='ocr_carea' id='block_1_10' title="bbox 235 2613 1725 2718">
    <p class='ocr_par' dir='ltr' id='par_1_11' title="bbox 235 2613 1725 2718">
     <span class='ocr_line' id='line_1_40' title="bbox 330 2613 1725 2659; baseline 0.001 -11"><span class='ocrx_word' id='word_1_380' title='bbox 330 2613 412 2650; x_wconf 87' lang='lat'>512.</span> <span class='ocrx_word' id='word_1_381' title='bbox 460 2613 597 2648; x_wconf 75' lang='lat' dir='ltr'>vestri</span> <span class='ocrx_word' id='word_1_382' title='bbox 612 2614 762 2658; x_wconf 80' lang='lat' dir='ltr'>Pelopis,</span> <span class='ocrx_word' id='word_1_383' title='bbox 789 2613 875 2658; x_wconf 89' lang='lat' dir='ltr'>quia</span> <span class='ocrx_word' id='word_1_384' title='bbox 901 2613 1129 2658; x_wconf 85' lang='lat' dir='ltr'>aliquamdiu</span> <span class='ocrx_word' id='word_1_385' title='bbox 1152 2625 1246 2659; x_wconf 88' lang='lat' dir='ltr'>puer</span> <span class='ocrx_word' id='word_1_386' title='bbox 1271 2613 1310 2648; x_wconf 90' lang='lat' dir='ltr'>in</span> <span class='ocrx_word' id='word_1_387' title='bbox 1329 2613 1486 2659; x_wconf 84' lang='lat' dir='ltr'>Olympo</span> <span class='ocrx_word' id='word_1_388' title='bbox 1510 2613 1610 2650; x_wconf 85' lang='lat' dir='ltr'>inter</span> <span class='ocrx_word' id='word_1_389' title='bbox 1636 2613 1725 2650; x_wconf 78' lang='lat' dir='ltr'>deos</span> 
     </span>
     <span class='ocr_line' id='line_1_41' title="bbox 235 2671 1204 2718; baseline -0.001 -10"><span class='ocrx_word' id='word_1_390' title='bbox 235 2674 406 2708; x_wconf 86' lang='lat' dir='ltr'>versatus</span> <span class='ocrx_word' id='word_1_391' title='bbox 433 2673 531 2714; x_wconf 84' lang='lat' dir='ltr'>erat;</span> <span class='ocrx_word' id='word_1_392' title='bbox 557 2671 714 2708; x_wconf 86' lang='lat' dir='ltr'>Prelleri</span> <span class='ocrx_word' id='word_1_393' title='bbox 739 2673 856 2717; x_wconf 85' lang='lat' dir='ltr'>myth.</span> <span class='ocrx_word' id='word_1_394' title='bbox 883 2673 1007 2718; x_wconf 84' lang='lat' dir='ltr'>graec.</span> <span class='ocrx_word' id='word_1_395' title='bbox 1034 2672 1096 2714; x_wconf 81' lang='lat'>11⁸,</span> <span class='ocrx_word' id='word_1_396' title='bbox 1123 2673 1204 2707; x_wconf 85' lang='lat'>384.</span> 
     </span>
    </p>
   </div>
   <div class='ocr_carea' id='block_1_11' title="bbox 1586 589 1776 625">
    <p class='ocr_par' dir='ltr' id='par_1_12' title="bbox 1586 589 1776 625">
     <span class='ocr_line' id='line_1_42' title="bbox 1586 589 1776 625; baseline 0.005 -1"><span class='ocrx_word' id='word_1_397' title='bbox 1586 589 1660 619; x_wconf 52' lang='lat' dir='ltr'>‘’ff‘&#39;</span> <span class='ocrx_word' id='word_1_398' title='bbox 1722 595 1776 625; x_wconf 90' lang='grc'>510</span> 
     </span>
    </p>
   </div>
  </div>
 </body>
</html>
