1890 3100
600 244 987 284 ARGONAVTICON
1011 245 1168 301 LIBER⁴
1182 246 1266 281 VH.
1585 246 1673 290 519

337 367 524 406 Protinus
552 367 595 405 in
620 366 786 405 fluvium
812 366 1059 404 fumantibus
1089 365 1224 404 evolat
1252 365 1371 403 armis
1423 351 1427 353 .

285 498 407 535 intrat
435 497 549 549 equis
569 497 728 548 uritque
756 509 921 547 gravem
940 495 1152 533 sudoribus
1180 494 1376 540 Hebrum,

285 567 358 600 aut
382 562 500 613 niger
527 575 579 600 ex
606 562 730 599 antris
758 560 948 612 rutilique
977 573 1001 597 a
1028 559 1205 597 fulminis
1234 564 1350 596 aestu

286 640 376 665 cum
403 627 483 664 ruit
511 632 551 664 et
581 625 718 664 Siculo
746 625 916 676 respirat
942 625 985 662 in
1013 636 1190 676 aequore
1220 623 1411 675 Cyclops.

283 690 465 730 redditus
493 691 558 729 hic
586 690 750 728 tandem
778 690 988 741 sociosque
1018 687 1227 740 amplexus
1257 694 1425 727 ovantes

286 820 491 872 dignatum
519 832 608 866 nec,
640 820 674 857 si
701 819 788 871 ipse
818 818 894 856 sibi
920 824 1037 870 terga
1063 819 1222 869 ingerat
1249 817 1355 856 ultro

285 885 354 937 qui
380 885 545 936 pepigit,
574 884 674 922 velit
701 884 743 921 in
770 897 911 935 pacem
941 883 1204 935 dextramque
1232 884 1382 921 reverti

283 949 472 1001 amplius3
502 949 620 987 ambo
647 954 794 995 truces,
825 948 941 986 ambo
971 948 1206 986 abscessere
1234 947 1445 986 minantes.

173 1085 268 1121 Aen.
308 1084 372 1130 IX,
408 1084 495 1127 4913
535 1084 640 1129 Prop.
678 1084 709 1128 I,
748 1084 803 1120 17.
840 1083 879 1126 8;
923 1083 984 1119 Sil.
1023 1084 1067 1123 Π,
1105 1083 1195 1130 6473
1233 1082 1327 1118 Stat.
1355 1083 1471 1118 Theb.
1497 1082 1543 1123 ΙΙ,
1577 1082 1666 1127 461;

173 1143 263 1190 571;
289 1143 358 1185 HI,
385 1143 470 1185 134;
508 1143 572 1188 IV⁷
598 1143 685 1185 571;
722 1143 826 1184 VIII,
853 1143 938 1184 106;
977 1142 1060 1187 ΧΠ,
1085 1143 1149 1184 46;
1187 1142 1252 1184 94;
1286 1142 1371 1184 159;
1402 1142 1489 1184 212;
1519 1141 1669 1187 Coripp.

174 1202 256 1239 Ioh.
280 1202 343 1248 IV,
370 1202 474 1237 1010.

271 1261 351 1297 644.
398 1262 622 1304 Ῑιινηαπιῶαε
646 1282 692 1287 -—
717 1262 829 1296 armis
852 1273 901 1295 sc.
928 1261 1120 1306 sanguine.

271 1320 351 1355 646.
400 1322 543 1366 uritque
563 1327 707 1366 yravem
730 1320 921 1355 sudoribus
946 1320 1123 1361 Hebrum;
1173 1320 1284 1356 solita
1314 1319 1387 1354 sibi
1411 1319 1667 1365 superlatione

171 1381 291 1425 poeta
315 1379 365 1414 ad
388 1391 563 1425 magnum
590 1379 764 1415 ardorem
787 1391 939 1424 pugnae
970 1390 992 1414 a
1023 1379 1146 1415 Marte
1177 1379 1396 1415 commissae
1426 1378 1672 1414 indicandum

174 1442 294 1474 ustum
320 1449 401 1474 esse
424 1438 562 1474 flumen
587 1450 610 1473 a
634 1439 705 1474 deo
731 1438 832 1473 dicit.

267 1498 391 1543 yraois
413 1497 436 1531 i.
464 1508 494 1533 e.
520 1498 698 1542 gravatus
723 1497 919 1532 sudoribus
943 1497 1091 1532 Hebrus
1114 1508 1184 1542 per
1214 1497 1406 1543 prolepsin
1442 1496 1667 1532 nominatur.

242 1594 246 1598 ,
269 1555 350 1591 648.
399 1555 457 1591 De
482 1555 729 1591 collocatione
745 1567 823 1591 cum
849 1556 1117 1592 coniunctionis
1141 1556 1219 1594 vid.
1245 1556 1294 1591 ad
1317 1556 1347 1598 Ι,
1373 1556 1454 1591 623.

218 1603 229 1615 ’
266 1614 365 1657 furit
386 1614 483 1655 Vat..
508 1615 584 1650 ruit
607 1614 795 1657 Heinsius;
828 1615 876 1651 de
895 1614 1117 1661 Cyclopibus
1135 1615 1292 1650 fulmina
1309 1614 1580 1651 fabricantibus
1599 1614 1666 1650 cfr.

172 1674 227 1709 ad
250 1673 291 1716 1,-
306 1673 389 1711 583.

245 1733 328 1770 649.
374 1733 535 1769 redditus
557 1734 615 1768 hic
631 1733 770 1769 tandem
796 1745 846 1768 sc.
872 1733 1002 1775 sociis;
1028 1733 1209 1769 Koestlin.
1227 1733 1324 1769 Phil.
1342 1733 1399 1774 39,
1426 1733 1496 1768 452
1518 1732 1666 1768 confert

172 1792 286 1838 Verg.
311 1791 403 1828 Aen.
429 1792 492 1838 IX,
518 1792 586 1826 122
609 1792 763 1827 reddunt
785 1803 822 1827 se
845 1792 987 1828 totidem
1009 1793 1122 1835 facies
1146 1793 1168 1827 i.
1196 1804 1226 1828 e.
1255 1794 1453 1837 emergunt
1479 1803 1524 1827 ex
1555 1791 1663 1833 mari,

171 1849 215 1886 in
238 1849 340 1896 quod
362 1861 404 1886 se
427 1850 785 1895 praecipitaverant.

270 1909 351 1945 650.
394 1910 578 1954 promissa
601 1920 798 1954 reposcere:
826 1911 936 1955 Verg.
963 1912 1056 1945 Aen.
1082 1909 1164 1950 ΧΠ,
1192 1910 1225 1946 2.

270 1967 351 2004 652.
399 1969 440 2003 in
457 1978 583 2012 pacem
608 1968 834 2013 dmrmnque
856 1970 985 2003 reverti
1014 1968 1038 2002 i.
1065 1980 1095 2004 e.
1121 1969 1161 2003 in
1185 1968 1421 2009 societatem,
1449 1968 1654 2004 amicitiam

174 2026 311 2066 dextra
340 2027 432 2062 data
464 2027 765 2068 confirmandam,
804 2027 871 2062 cfr.
904 2027 1004 2062 inter
1040 2027 1115 2062 alia
1141 2027 1227 2063 Tac.
1254 2039 1340 2062 ann.
1364 2027 1414 2069 Π,
1442 2027 1488 2063 58
1517 2029 1664 2063 miserat

173 2085 419 2131 (Artabanus)
445 2086 636 2121 amicitiam
663 2090 696 2121 et
717 2086 844 2128 foedus
868 2090 1122 2121 memoraturus
1146 2090 1179 2121 et
1204 2097 1329 2130 cupere
1352 2087 1482 2122 novari
1505 2086 1663 2123 dabra-3.

284 431 526 479 Aesonides,
557 432 686 484 qualis
716 431 860 470 Getico
889 431 940 469 de
967 430 1136 482 pulvere
1163 430 1325 467 Mavors
1671 438 1730 469 645

283 755 395 794 haud
420 756 499 794 iam
526 754 762 793 mendacem
789 754 986 805 promissa
1012 766 1228 804 reposcere
1256 766 1395 804 regem
1670 773 1727 802 650
