<?xml version="1.0" encoding="UTF-8"?>
<!DOCTYPE html PUBLIC "-//W3C//DTD XHTML 1.0 Transitional//EN"
    "http://www.w3.org/TR/xhtml1/DTD/xhtml1-transitional.dtd">
<html xmlns="http://www.w3.org/1999/xhtml" xml:lang="en" lang="en">
 <head>
  <title>
</title>
<meta http-equiv="Content-Type" content="text/html;charset=utf-8" />
  <meta name='ocr-system' content='tesseract 3.04.00' />
  <meta name='ocr-capabilities' content='ocr_page ocr_carea ocr_par ocr_line ocrx_word'/>
</head>
<body>
  <div class='ocr_page' id='page_1' title='image "argonauticonlibr00valeuoft_0092.png"; bbox 0 0 1890 3100; ppageno 0'>
   <div class='ocr_carea' id='block_1_1' title="bbox 290 262 1261 310">
    <p class='ocr_par' dir='ltr' id='par_1_1' title="bbox 290 262 1261 310">
     <span class='ocr_line' id='line_1_1' title="bbox 290 262 1261 310; baseline -0.005 -7"><span class='ocrx_word' id='word_1_1' title='bbox 290 267 346 310; x_wconf 79' lang='lat'>82</span> <span class='ocrx_word' id='word_1_2' title='bbox 816 264 853 300; x_wconf 80' lang='lat' dir='ltr'>C.</span> <span class='ocrx_word' id='word_1_3' title='bbox 882 263 1061 299; x_wconf 78' lang='lat' dir='ltr'>VALERI</span> <span class='ocrx_word' id='word_1_4' title='bbox 1087 262 1261 299; x_wconf 86' lang='lat' dir='ltr'>FLACCI</span> 
     </span>
    </p>
   </div>
   <div class='ocr_carea' id='block_1_2' title="bbox 398 384 1469 502">
    <p class='ocr_par' dir='ltr' id='par_1_2' title="bbox 398 384 1469 502">
     <span class='ocr_line' id='line_1_2' title="bbox 398 384 1443 437; baseline -0.003 -14"><span class='ocrx_word' id='word_1_5' title='bbox 398 397 518 437; x_wconf 90' lang='lat' dir='ltr'>quem</span> <span class='ocrx_word' id='word_1_6' title='bbox 546 384 637 423; x_wconf 91' lang='lat' dir='ltr'>tulit</span> <span class='ocrx_word' id='word_1_7' title='bbox 666 385 813 432; x_wconf 89' lang='lat' dir='ltr'>Arene,</span> <span class='ocrx_word' id='word_1_8' title='bbox 849 384 976 435; x_wconf 83' lang='lat' dir='ltr'>possit</span> <span class='ocrx_word' id='word_1_9' title='bbox 1006 384 1073 435; x_wconf 89' lang='lat' dir='ltr'>qui</span> <span class='ocrx_word' id='word_1_10' title='bbox 1102 396 1286 434; x_wconf 79' lang='lat' dir='ltr'>rumpere</span> <span class='ocrx_word' id='word_1_11' title='bbox 1315 388 1443 421; x_wconf 87' lang='lat' dir='ltr'>terras</span> 
     </span>
     <span class='ocr_line' id='line_1_3' title="bbox 399 448 1469 502; baseline -0.002 -14"><span class='ocrx_word' id='word_1_12' title='bbox 399 455 440 488; x_wconf 89' lang='lat' dir='ltr'>ct</span> <span class='ocrx_word' id='word_1_13' title='bbox 469 450 599 502; x_wconf 85' lang='lat' dir='ltr'><strong>Styga</strong></span> <span class='ocrx_word' id='word_1_14' title='bbox 626 451 859 489; x_wconf 87' lang='lat' dir='ltr'>transmisso</span> <span class='ocrx_word' id='word_1_15' title='bbox 889 449 1051 487; x_wconf 84' lang='lat' dir='ltr'><strong>tacitam</strong></span> <span class='ocrx_word' id='word_1_16' title='bbox 1082 448 1332 500; x_wconf 81' lang='lat' dir='ltr'>deprendere</span> <span class='ocrx_word' id='word_1_17' title='bbox 1368 448 1469 486; x_wconf 82' lang='lat' dir='ltr'>visu.</span> 
     </span>
    </p>
   </div>
   <div class='ocr_carea' id='block_1_3' title="bbox 397 513 1837 564">
    <p class='ocr_par' dir='ltr' id='par_1_3' title="bbox 397 513 1837 564">
     <span class='ocr_line' id='line_1_4' title="bbox 397 513 1837 564; baseline -0.002 -12"><span class='ocrx_word' id='word_1_18' title='bbox 397 515 581 554; x_wconf 87' lang='lat' dir='ltr'>fluctibus</span> <span class='ocrx_word' id='word_1_19' title='bbox 612 528 634 554; x_wconf 89' lang='lat' dir='ltr'>e</span> <span class='ocrx_word' id='word_1_20' title='bbox 663 514 804 554; x_wconf 90' lang='lat' dir='ltr'>mediis</span> <span class='ocrx_word' id='word_1_21' title='bbox 834 520 961 552; x_wconf 87' lang='lat' dir='ltr'>terras</span> <span class='ocrx_word' id='word_1_22' title='bbox 998 513 1109 551; x_wconf 90' lang='lat' dir='ltr'>dabit</span> <span class='ocrx_word' id='word_1_23' title='bbox 1136 513 1205 551; x_wconf 91' lang='lat' dir='ltr'>ille</span> <span class='ocrx_word' id='word_1_24' title='bbox 1235 514 1425 564; x_wconf 83' lang='lat' dir='ltr'>magistro</span> <span class='ocrx_word' id='word_1_25' title='bbox 1782 534 1837 564; x_wconf 68' lang='lat'>435</span> 
     </span>
    </p>
   </div>
   <div class='ocr_carea' id='block_1_4' title="bbox 396 578 1614 830">
    <p class='ocr_par' dir='ltr' id='par_1_4' title="bbox 396 578 1629 830">
     <span class='ocr_line' id='line_1_5' title="bbox 399 578 1614 630; baseline -0.002 -11"><span class='ocrx_word' id='word_1_26' title='bbox 399 586 438 619; x_wconf 89' lang='lat' dir='ltr'>et</span> <span class='ocrx_word' id='word_1_27' title='bbox 467 580 578 619; x_wconf 89' lang='lat' dir='ltr'>dabit</span> <span class='ocrx_word' id='word_1_28' title='bbox 606 586 713 618; x_wconf 88' lang='lat' dir='ltr'>astra</span> <span class='ocrx_word' id='word_1_29' title='bbox 740 580 826 627; x_wconf 89' lang='lat' dir='ltr'>rati,</span> <span class='ocrx_word' id='word_1_30' title='bbox 865 592 1035 630; x_wconf 91' lang='lat' dir='ltr'>cumque</span> <span class='ocrx_word' id='word_1_31' title='bbox 1071 579 1237 617; x_wconf 83' lang='lat' dir='ltr'>aethera</span> <span class='ocrx_word' id='word_1_32' title='bbox 1264 579 1445 630; x_wconf 91' lang='lat' dir='ltr'>Iuppiter</span> <span class='ocrx_word' id='word_1_33' title='bbox 1473 578 1614 617; x_wconf 90' lang='lat' dir='ltr'>umbra</span> 
     </span>
     <span class='ocr_line' id='line_1_6' title="bbox 396 645 1373 699; baseline -0.003 -14"><span class='ocrx_word' id='word_1_34' title='bbox 396 646 626 699; x_wconf 84' lang='lat' dir='ltr'>perdiderit,</span> <span class='ocrx_word' id='word_1_35' title='bbox 658 646 766 684; x_wconf 85' lang='lat' dir='ltr'>solus</span> <span class='ocrx_word' id='word_1_36' title='bbox 794 645 979 684; x_wconf 84' lang='lat' dir='ltr'><strong>transibit</strong></span> <span class='ocrx_word' id='word_1_37' title='bbox 1006 645 1145 683; x_wconf 87' lang='lat' dir='ltr'>nubila</span> <span class='ocrx_word' id='word_1_38' title='bbox 1173 645 1373 696; x_wconf 76' lang='lat' dir='ltr'>Lynceus.</span> 
     </span>
     <span class='ocr_line' id='line_1_7' title="bbox 400 709 1386 764; baseline -0.001 -14"><span class='ocrx_word' id='word_1_39' title='bbox 400 713 495 764; x_wconf 90' lang='lat' dir='ltr'>quin</span> <span class='ocrx_word' id='word_1_40' title='bbox 526 717 566 750; x_wconf 89' lang='lat' dir='ltr'>et</span> <span class='ocrx_word' id='word_1_41' title='bbox 596 711 818 763; x_wconf 83' lang='lat' dir='ltr'>Cecropiae</span> <span class='ocrx_word' id='word_1_42' title='bbox 847 710 980 763; x_wconf 89' lang='lat' dir='ltr'>proles</span> <span class='ocrx_word' id='word_1_43' title='bbox 1015 715 1133 749; x_wconf 88' lang='lat' dir='ltr'>vacat</span> <span class='ocrx_word' id='word_1_44' title='bbox 1163 709 1386 761; x_wconf 83' lang='lat' dir='ltr'>Orithyiae,</span> 
     </span>
     <span class='ocr_line' id='line_1_8' title="bbox 397 775 1553 830; baseline -0.002 -15"><span class='ocrx_word' id='word_1_45' title='bbox 397 782 595 829; x_wconf 90' lang='lat' dir='ltr'>temperet</span> <span class='ocrx_word' id='word_1_46' title='bbox 624 782 668 814; x_wconf 88' lang='lat' dir='ltr'>ut</span> <span class='ocrx_word' id='word_1_47' title='bbox 696 776 887 815; x_wconf 88' lang='lat' dir='ltr'>tremulos</span> <span class='ocrx_word' id='word_1_48' title='bbox 919 777 1039 815; x_wconf 82' lang='lat' dir='ltr'>Zetes</span> <span class='ocrx_word' id='word_1_49' title='bbox 1068 776 1273 827; x_wconf 87' lang='lat' dir='ltr'>fraterque</span> <span class='ocrx_word' id='word_1_50' title='bbox 1309 775 1553 830; x_wconf 26' lang='lat' dir='ltr'>ceruchos-..14</span> 
     </span>
    </p>
   </div>
   <div class='ocr_carea' id='block_1_5' title="bbox 1673 740 1772 773">
    <p class='ocr_par' dir='ltr' id='par_1_5' title="bbox 1673 740 1772 773">
     <span class='ocr_line' id='line_1_9' title="bbox 1673 740 1772 773; baseline 0 -6"><span class='ocrx_word' id='word_1_51' title='bbox 1673 764 1677 767; x_wconf 85' lang='lat'>.</span> <span class='ocrx_word' id='word_1_52' title='bbox 1694 740 1772 773; x_wconf 41' lang='lat' dir='ltr'>‘fxv‘</span> 
     </span>
    </p>
   </div>
   <div class='ocr_carea' id='block_1_6' title="bbox 398 829 1839 894">
    <p class='ocr_par' dir='ltr' id='par_1_6' title="bbox 398 829 1839 894">
     <span class='ocr_line' id='line_1_10' title="bbox 398 829 1839 894; baseline -0.003 -13"><span class='ocrx_word' id='word_1_53' title='bbox 398 856 474 881; x_wconf 90' lang='lat' dir='ltr'>nec</span> <span class='ocrx_word' id='word_1_54' title='bbox 502 855 598 880; x_wconf 90' lang='lat' dir='ltr'>vero</span> <span class='ocrx_word' id='word_1_55' title='bbox 630 841 829 894; x_wconf 87' lang='lat' dir='ltr'>Odrysius</span> <span class='ocrx_word' id='word_1_56' title='bbox 858 842 1040 880; x_wconf 83' lang='lat' dir='ltr'>transtris</span> <span class='ocrx_word' id='word_1_57' title='bbox 1070 840 1314 893; x_wconf 88' lang='lat' dir='ltr'>impenditur</span> <span class='ocrx_word' id='word_1_58' title='bbox 1343 829 1531 892; x_wconf 79' lang='lat' dir='ltr'>Orpheus</span> <span class='ocrx_word' id='word_1_59' title='bbox 1786 860 1839 889; x_wconf 84' lang='lat'>470</span> 
     </span>
    </p>
   </div>
   <div class='ocr_carea' id='block_1_7' title="bbox 291 947 576 952">
    <p class='ocr_par' dir='ltr' id='par_1_7' title="bbox 291 947 576 952">
     <span class='ocr_line' id='line_1_11' title="bbox 291 947 576 952; baseline 0 0"><span class='ocrx_word' id='word_1_60' title='bbox 291 947 576 952; x_wconf 95' lang='lat' dir='ltr'> </span> 
     </span>
    </p>
   </div>
   <div class='ocr_carea' id='block_1_8' title="bbox 292 1006 1786 1591">
    <p class='ocr_par' dir='ltr' id='par_1_8' title="bbox 292 1006 1786 1471">
     <span class='ocr_line' id='line_1_12' title="bbox 411 1006 1785 1054; baseline -0.002 -10"><span class='ocrx_word' id='word_1_61' title='bbox 411 1009 491 1045; x_wconf 85' lang='lat'>463.</span> <span class='ocrx_word' id='word_1_62' title='bbox 541 1021 642 1054; x_wconf 78' lang='lat' dir='ltr'>quem</span> <span class='ocrx_word' id='word_1_63' title='bbox 678 1009 760 1044; x_wconf 78' lang='lat' dir='ltr'>tulit</span> <span class='ocrx_word' id='word_1_64' title='bbox 790 1009 909 1044; x_wconf 80' lang='lat' dir='ltr'>Arene</span> <span class='ocrx_word' id='word_1_65' title='bbox 917 1022 924 1051; x_wconf 91' lang='lat'>;</span> <span class='ocrx_word' id='word_1_66' title='bbox 963 1008 1087 1044; x_wconf 88' lang='lat' dir='ltr'>Arene</span> <span class='ocrx_word' id='word_1_67' title='bbox 1127 1008 1264 1054; x_wconf 89' lang='lat' dir='ltr'>oppido</span> <span class='ocrx_word' id='word_1_68' title='bbox 1303 1007 1478 1043; x_wconf 88' lang='lat' dir='ltr'>oriundos</span> <span class='ocrx_word' id='word_1_69' title='bbox 1518 1007 1655 1042; x_wconf 87' lang='lat' dir='ltr'>fratres</span> <span class='ocrx_word' id='word_1_70' title='bbox 1694 1006 1785 1041; x_wconf 84' lang='lat' dir='ltr'>dicit</span> 
     </span>
     <span class='ocr_line' id='line_1_13' title="bbox 293 1066 1785 1115; baseline -0.003 -11"><span class='ocrx_word' id='word_1_71' title='bbox 293 1069 510 1115; x_wconf 87' lang='lat' dir='ltr'>Apollonius</span> <span class='ocrx_word' id='word_1_72' title='bbox 536 1069 565 1110; x_wconf 91' lang='grc' dir='ltr'>Ι,</span> <span class='ocrx_word' id='word_1_73' title='bbox 595 1069 673 1109; x_wconf 80' lang='lat'>152,</span> <span class='ocrx_word' id='word_1_74' title='bbox 707 1069 944 1114; x_wconf 77' lang='lat' dir='ltr'>Pherecydes</span> <span class='ocrx_word' id='word_1_75' title='bbox 970 1069 1069 1104; x_wconf 86' lang='lat' dir='ltr'>teste</span> <span class='ocrx_word' id='word_1_76' title='bbox 1096 1068 1298 1103; x_wconf 80' lang='lat' dir='ltr'>scholiasta</span> <span class='ocrx_word' id='word_1_77' title='bbox 1325 1066 1440 1103; x_wconf 88' lang='lat' dir='ltr'>etiam</span> <span class='ocrx_word' id='word_1_78' title='bbox 1469 1067 1632 1102; x_wconf 90' lang='lat' dir='ltr'>matrem</span> <span class='ocrx_word' id='word_1_79' title='bbox 1657 1077 1785 1101; x_wconf 92' lang='lat' dir='ltr'>eorum</span> 
     </span>
     <span class='ocr_line' id='line_1_14' title="bbox 292 1125 1783 1169; baseline -0.002 -6"><span class='ocrx_word' id='word_1_80' title='bbox 292 1129 442 1164; x_wconf 90' lang='lat' dir='ltr'>Arenen</span> <span class='ocrx_word' id='word_1_81' title='bbox 474 1128 588 1164; x_wconf 90' lang='lat' dir='ltr'>fuisse</span> <span class='ocrx_word' id='word_1_82' title='bbox 630 1128 853 1169; x_wconf 75' lang='lat' dir='ltr'>tradiderat,</span> <span class='ocrx_word' id='word_1_83' title='bbox 898 1127 961 1162; x_wconf 78' lang='lat' dir='ltr'>alii</span> <span class='ocrx_word' id='word_1_84' title='bbox 999 1128 1127 1163; x_wconf 86' lang='lat' dir='ltr'>autem</span> <span class='ocrx_word' id='word_1_85' title='bbox 1165 1127 1267 1162; x_wconf 85' lang='lat' dir='ltr'>aliud</span> <span class='ocrx_word' id='word_1_86' title='bbox 1308 1137 1445 1162; x_wconf 89' lang='lat' dir='ltr'>nomen</span> <span class='ocrx_word' id='word_1_87' title='bbox 1482 1125 1517 1162; x_wconf 90' lang='lat' dir='ltr'>ei</span> <span class='ocrx_word' id='word_1_88' title='bbox 1551 1125 1783 1166; x_wconf 86' lang='lat' dir='ltr'>indiderant;</span> 
     </span>
     <span class='ocr_line' id='line_1_15' title="bbox 292 1184 1785 1233; baseline -0.001 -11"><span class='ocrx_word' id='word_1_89' title='bbox 292 1188 387 1233; x_wconf 87' lang='lat' dir='ltr'>Hyg.</span> <span class='ocrx_word' id='word_1_90' title='bbox 431 1188 508 1225; x_wconf 86' lang='lat' dir='ltr'>fab.</span> <span class='ocrx_word' id='word_1_91' title='bbox 552 1188 596 1222; x_wconf 88' lang='lat'>14</span> <span class='ocrx_word' id='word_1_92' title='bbox 638 1188 757 1223; x_wconf 88' lang='lat' dir='ltr'>habet</span> <span class='ocrx_word' id='word_1_93' title='bbox 797 1187 958 1223; x_wconf 90' lang='lat' dir='ltr'>Arenen.</span> <span class='ocrx_word' id='word_1_94' title='bbox 1003 1187 1178 1222; x_wconf 83' lang='lat' dir='ltr'>Ceterum</span> <span class='ocrx_word' id='word_1_95' title='bbox 1202 1187 1317 1232; x_wconf 89' lang='lat' dir='ltr'>poeta</span> <span class='ocrx_word' id='word_1_96' title='bbox 1341 1185 1614 1222; x_wconf 76' lang='lat' dir='ltr'>Alexandrinus</span> <span class='ocrx_word' id='word_1_97' title='bbox 1639 1184 1785 1220; x_wconf 88' lang='lat' dir='ltr'>ratione</span> 
     </span>
     <span class='ocr_line' id='line_1_16' title="bbox 293 1244 1786 1293; baseline -0.001 -11"><span class='ocrx_word' id='word_1_98' title='bbox 293 1247 445 1283; x_wconf 89' lang='lat' dir='ltr'>minime</span> <span class='ocrx_word' id='word_1_99' title='bbox 470 1247 621 1293; x_wconf 88' lang='lat' dir='ltr'>poetica</span> <span class='ocrx_word' id='word_1_100' title='bbox 654 1247 700 1283; x_wconf 92' lang='lat' dir='ltr'>de</span> <span class='ocrx_word' id='word_1_101' title='bbox 735 1247 815 1283; x_wconf 88' lang='lat' dir='ltr'>acie</span> <span class='ocrx_word' id='word_1_102' title='bbox 842 1246 1033 1282; x_wconf 79' lang='lat' dir='ltr'>oculorum</span> <span class='ocrx_word' id='word_1_103' title='bbox 1058 1245 1197 1291; x_wconf 83' lang='lat' dir='ltr'>Lyncei</span> <span class='ocrx_word' id='word_1_104' title='bbox 1222 1246 1314 1281; x_wconf 86' lang='lat' dir='ltr'>haec</span> <span class='ocrx_word' id='word_1_105' title='bbox 1340 1245 1433 1281; x_wconf 84' lang='lat' dir='ltr'>dicit</span> <span class='ocrx_word' id='word_1_106' title='bbox 1457 1245 1482 1282; x_wconf 91' lang='lat'>1.</span> <span class='ocrx_word' id='word_1_107' title='bbox 1506 1245 1548 1280; x_wconf 89' lang='lat' dir='ltr'>l.:</span> <span class='ocrx_word' id='word_1_108' title='bbox 1574 1247 1723 1290; x_wconf 75' lang='grc' dir='ltr'>Λυγκεὺς</span> <span class='ocrx_word' id='word_1_109' title='bbox 1748 1244 1786 1280; x_wconf 87' lang='grc' dir='ltr'>δὲ</span> 
     </span>
     <span class='ocr_line' id='line_1_17' title="bbox 293 1300 1785 1353; baseline -0.003 -10"><span class='ocrx_word' id='word_1_110' title='bbox 293 1308 349 1343; x_wconf 84' lang='grc' dir='ltr'>καὶ</span> <span class='ocrx_word' id='word_1_111' title='bbox 382 1308 548 1351; x_wconf 81' lang='grc' dir='ltr'>ὀξυτάτοις</span> <span class='ocrx_word' id='word_1_112' title='bbox 584 1305 742 1343; x_wconf 80' lang='grc' dir='ltr'>ἐκέκαστο</span> <span class='ocrx_word' id='word_1_113' title='bbox 775 1303 950 1353; x_wconf 61' lang='grc' dir='ltr'>Ὀμμασιν</span> <span class='ocrx_word' id='word_1_114' title='bbox 988 1307 1022 1342; x_wconf 78' lang='grc' dir='ltr'>εἰ</span> <span class='ocrx_word' id='word_1_115' title='bbox 1058 1304 1220 1351; x_wconf 80' lang='grc' dir='ltr'>ἐτεὸνγε</span> <span class='ocrx_word' id='word_1_116' title='bbox 1257 1301 1369 1342; x_wconf 77' lang='grc' dir='ltr'>πέλει</span> <span class='ocrx_word' id='word_1_117' title='bbox 1404 1303 1507 1351; x_wconf 81' lang='grc' dir='ltr'><strong>κλέος,</strong></span> <span class='ocrx_word' id='word_1_118' title='bbox 1544 1300 1645 1350; x_wconf 79' lang='grc' dir='ltr'>ἀνέρα</span> <span class='ocrx_word' id='word_1_119' title='bbox 1681 1307 1785 1340; x_wconf 76' lang='grc' dir='ltr'>κεῖνον</span> 
     </span>
     <span class='ocr_line' id='line_1_18' title="bbox 294 1363 1784 1413; baseline -0.003 -10"><span class='ocrx_word' id='word_1_120' title='bbox 294 1366 447 1412; x_wconf 80' lang='grc' dir='ltr'>Ῥηιδίως</span> <span class='ocrx_word' id='word_1_121' title='bbox 476 1368 532 1403; x_wconf 82' lang='grc' dir='ltr'>καὶ</span> <span class='ocrx_word' id='word_1_122' title='bbox 561 1363 655 1412; x_wconf 62' lang='grc' dir='ltr'>νέρθε</span> <span class='ocrx_word' id='word_1_123' title='bbox 686 1369 773 1403; x_wconf 79' lang='grc' dir='ltr'>κατὰ</span> <span class='ocrx_word' id='word_1_124' title='bbox 803 1366 925 1413; x_wconf 63' lang='grc' dir='ltr'>χθονὸς</span> <span class='ocrx_word' id='word_1_125' title='bbox 956 1367 1168 1412; x_wconf 63' lang='grc' dir='ltr'>αὐγάζεσθαι.</span> <span class='ocrx_word' id='word_1_126' title='bbox 1219 1365 1275 1401; x_wconf 91' lang='lat' dir='ltr'>De</span> <span class='ocrx_word' id='word_1_127' title='bbox 1305 1376 1345 1401; x_wconf 92' lang='lat' dir='ltr'>re</span> <span class='ocrx_word' id='word_1_128' title='bbox 1377 1364 1442 1400; x_wconf 89' lang='lat' dir='ltr'>cfr.</span> <span class='ocrx_word' id='word_1_129' title='bbox 1473 1363 1633 1400; x_wconf 84' lang='lat' dir='ltr'>Prelleri</span> <span class='ocrx_word' id='word_1_130' title='bbox 1666 1363 1784 1408; x_wconf 86' lang='lat' dir='ltr'>myth.</span> 
     </span>
     <span class='ocr_line' id='line_1_19' title="bbox 295 1425 525 1471; baseline 0.004 -10"><span class='ocrx_word' id='word_1_131' title='bbox 295 1438 349 1471; x_wconf 84' lang='lat' dir='ltr'>gr.</span> <span class='ocrx_word' id='word_1_132' title='bbox 378 1425 441 1467; x_wconf 86' lang='lat'>11³,</span> <span class='ocrx_word' id='word_1_133' title='bbox 469 1425 525 1463; x_wconf 82' lang='lat'>95.</span> 
     </span>
    </p>

    <p class='ocr_par' dir='ltr' id='par_1_9' title="bbox 294 1483 1786 1591">
     <span class='ocr_line' id='line_1_20' title="bbox 389 1483 1786 1530; baseline -0.003 -10"><span class='ocrx_word' id='word_1_134' title='bbox 389 1496 552 1530; x_wconf 76' lang='lat' dir='ltr'>rumpere</span> <span class='ocrx_word' id='word_1_135' title='bbox 578 1490 692 1521; x_wconf 77' lang='lat' dir='ltr'>terras</span> <span class='ocrx_word' id='word_1_136' title='bbox 726 1485 749 1521; x_wconf 88' lang='lat' dir='ltr'>i.</span> <span class='ocrx_word' id='word_1_137' title='bbox 778 1497 809 1522; x_wconf 92' lang='lat' dir='ltr'>e.</span> <span class='ocrx_word' id='word_1_138' title='bbox 842 1485 922 1521; x_wconf 83' lang='lat' dir='ltr'>visu</span> <span class='ocrx_word' id='word_1_139' title='bbox 947 1486 1068 1521; x_wconf 80' lang='lat' dir='ltr'>terras</span> <span class='ocrx_word' id='word_1_140' title='bbox 1095 1484 1200 1530; x_wconf 81' lang='lat' dir='ltr'>quasi</span> <span class='ocrx_word' id='word_1_141' title='bbox 1225 1484 1414 1529; x_wconf 82' lang='lat' dir='ltr'>frangere,</span> <span class='ocrx_word' id='word_1_142' title='bbox 1452 1484 1496 1518; x_wconf 87' lang='lat' dir='ltr'>ut</span> <span class='ocrx_word' id='word_1_143' title='bbox 1526 1483 1786 1528; x_wconf 83' lang='lat' dir='ltr'>transpectum</span> 
     </span>
     <span class='ocr_line' id='line_1_21' title="bbox 294 1545 517 1591; baseline 0 -11"><span class='ocrx_word' id='word_1_144' title='bbox 294 1545 517 1591; x_wconf 87' lang='lat' dir='ltr'>praebeant.</span> 
     </span>
    </p>
   </div>
   <div class='ocr_carea' id='block_1_9' title="bbox 290 1625 1790 1911">
    <p class='ocr_par' dir='ltr' id='par_1_10' title="bbox 290 1625 1790 1911">
     <span class='ocr_line' id='line_1_22' title="bbox 389 1625 1786 1672; baseline -0.001 -10"><span class='ocrx_word' id='word_1_145' title='bbox 389 1628 470 1663; x_wconf 87' lang='lat'>464.</span> <span class='ocrx_word' id='word_1_146' title='bbox 522 1628 735 1672; x_wconf 79' lang='lat' dir='ltr'>deprendere</span> <span class='ocrx_word' id='word_1_147' title='bbox 766 1629 855 1669; x_wconf 63' lang='lat' dir='ltr'>vim,</span> <span class='ocrx_word' id='word_1_148' title='bbox 895 1627 1067 1663; x_wconf 87' lang='lat' dir='ltr'>similiter</span> <span class='ocrx_word' id='word_1_149' title='bbox 1099 1627 1195 1662; x_wconf 86' lang='lat' dir='ltr'>Stat.</span> <span class='ocrx_word' id='word_1_150' title='bbox 1221 1627 1312 1662; x_wconf 90' lang='lat' dir='ltr'>Ach.</span> <span class='ocrx_word' id='word_1_151' title='bbox 1339 1627 1367 1669; x_wconf 89' lang='lat' dir='ltr'>I,</span> <span class='ocrx_word' id='word_1_152' title='bbox 1395 1626 1465 1662; x_wconf 85' lang='lat'>518</span> <span class='ocrx_word' id='word_1_153' title='bbox 1503 1626 1550 1662; x_wconf 93' lang='lat' dir='ltr'>de</span> <span class='ocrx_word' id='word_1_154' title='bbox 1587 1626 1676 1662; x_wconf 85' lang='lat' dir='ltr'>vate</span> <span class='ocrx_word' id='word_1_155' title='bbox 1704 1625 1786 1661; x_wconf 88' lang='lat' dir='ltr'>Cal-</span> 
     </span>
     <span class='ocr_line' id='line_1_23' title="bbox 297 1685 1789 1733; baseline -0.002 -10"><span class='ocrx_word' id='word_1_156' title='bbox 297 1688 434 1723; x_wconf 89' lang='lat' dir='ltr'>chante</span> <span class='ocrx_word' id='word_1_157' title='bbox 460 1687 596 1723; x_wconf 84' lang='lat' dir='ltr'>furoris</span> <span class='ocrx_word' id='word_1_158' title='bbox 623 1687 739 1723; x_wconf 81' lang='lat' dir='ltr'>divini</span> <span class='ocrx_word' id='word_1_159' title='bbox 763 1687 876 1733; x_wconf 89' lang='lat' dir='ltr'>pleno</span> <span class='ocrx_word' id='word_1_160' title='bbox 892 1699 987 1722; x_wconf 83' lang='lat' dir='ltr'>nune</span> <span class='ocrx_word' id='word_1_161' title='bbox 1015 1698 1183 1732; x_wconf 80' lang='lat' dir='ltr'>superum</span> <span class='ocrx_word' id='word_1_162' title='bbox 1207 1697 1355 1732; x_wconf 71' lang='lat' dir='ltr'>maynos</span> <span class='ocrx_word' id='word_1_163' title='bbox 1379 1685 1564 1731; x_wconf 75' lang='lat' dir='ltr'>deprendit</span> <span class='ocrx_word' id='word_1_164' title='bbox 1586 1685 1627 1721; x_wconf 86' lang='lat' dir='ltr'>in</span> <span class='ocrx_word' id='word_1_165' title='bbox 1651 1685 1789 1720; x_wconf 79' lang='lat' dir='ltr'>aethere</span> 
     </span>
     <span class='ocr_line' id='line_1_24' title="bbox 296 1745 1787 1791; baseline -0.001 -9"><span class='ocrx_word' id='word_1_166' title='bbox 296 1751 428 1789; x_wconf 75' lang='lat' dir='ltr'>coetus3</span> <span class='ocrx_word' id='word_1_167' title='bbox 471 1746 597 1783; x_wconf 88' lang='lat' dir='ltr'>Claud.</span> <span class='ocrx_word' id='word_1_168' title='bbox 626 1747 673 1782; x_wconf 90' lang='lat' dir='ltr'>de</span> <span class='ocrx_word' id='word_1_169' title='bbox 698 1747 799 1783; x_wconf 88' lang='lat' dir='ltr'>bello</span> <span class='ocrx_word' id='word_1_170' title='bbox 824 1747 917 1782; x_wconf 92' lang='lat' dir='ltr'>Poll.</span> <span class='ocrx_word' id='word_1_171' title='bbox 946 1746 1015 1781; x_wconf 88' lang='grc'>100</span> <span class='ocrx_word' id='word_1_172' title='bbox 1040 1758 1141 1791; x_wconf 82' lang='lat' dir='ltr'>seqq.</span> <span class='ocrx_word' id='word_1_173' title='bbox 1174 1747 1305 1791; x_wconf 82' lang='lat' dir='ltr'>procul</span> <span class='ocrx_word' id='word_1_174' title='bbox 1337 1749 1457 1781; x_wconf 81' lang='lat' dir='ltr'>arceat</span> <span class='ocrx_word' id='word_1_175' title='bbox 1487 1746 1583 1781; x_wconf 70' lang='lat' dir='ltr'>altus</span> <span class='ocrx_word' id='word_1_176' title='bbox 1608 1745 1787 1790; x_wconf 80' lang='lat' dir='ltr'>Iuppiter,</span> 
     </span>
     <span class='ocr_line' id='line_1_25' title="bbox 296 1805 1790 1852; baseline -0.001 -11"><span class='ocrx_word' id='word_1_177' title='bbox 296 1810 337 1841; x_wconf 80' lang='lat' dir='ltr'>at</span> <span class='ocrx_word' id='word_1_178' title='bbox 366 1806 514 1842; x_wconf 80' lang='lat' dir='ltr'>delubra</span> <span class='ocrx_word' id='word_1_179' title='bbox 548 1806 689 1841; x_wconf 82' lang='lat' dir='ltr'>Numae</span> <span class='ocrx_word' id='word_1_180' title='bbox 719 1806 901 1851; x_wconf 73' lang='lat' dir='ltr'>sedemque</span> <span class='ocrx_word' id='word_1_181' title='bbox 926 1805 1070 1852; x_wconf 71' lang='lat' dir='ltr'>Quirini</span> <span class='ocrx_word' id='word_1_182' title='bbox 1093 1806 1292 1841; x_wconf 79' lang='lat' dir='ltr'>Barbam&#39;es</span> <span class='ocrx_word' id='word_1_183' title='bbox 1323 1805 1435 1841; x_wconf 81' lang='lat' dir='ltr'>oeulis</span> <span class='ocrx_word' id='word_1_184' title='bbox 1464 1806 1589 1841; x_wconf 73' lang='lat' dir='ltr'>saltem</span> <span class='ocrx_word' id='word_1_185' title='bbox 1619 1809 1790 1841; x_wconf 83' lang='lat' dir='ltr'>temerare</span> 
     </span>
     <span class='ocr_line' id='line_1_26' title="bbox 290 1866 1361 1911; baseline -0.001 -10"><span class='ocrx_word' id='word_1_186' title='bbox 290 1867 462 1911; x_wconf 75' lang='lat' dir='ltr'>profanis</span> <span class='ocrx_word' id='word_1_187' title='bbox 488 1867 611 1902; x_wconf 79' lang='lat' dir='ltr'>Possit</span> <span class='ocrx_word' id='word_1_188' title='bbox 637 1870 669 1901; x_wconf 82' lang='lat' dir='ltr'>et</span> <span class='ocrx_word' id='word_1_189' title='bbox 694 1877 865 1902; x_wconf 84' lang='lat' dir='ltr'>arcanam</span> <span class='ocrx_word' id='word_1_190' title='bbox 891 1866 985 1901; x_wconf 77' lang='lat' dir='ltr'>tanti</span> <span class='ocrx_word' id='word_1_191' title='bbox 1010 1866 1224 1910; x_wconf 79' lang='lat' dir='ltr'>deprendere</span> <span class='ocrx_word' id='word_1_192' title='bbox 1248 1866 1361 1911; x_wconf 79' lang='lat' dir='ltr'>reyni.</span> 
     </span>
    </p>
   </div>
   <div class='ocr_carea' id='block_1_10' title="bbox 297 1947 1790 2232">
    <p class='ocr_par' dir='ltr' id='par_1_11' title="bbox 297 1947 1790 2232">
     <span class='ocr_line' id='line_1_27' title="bbox 391 1947 1789 1995; baseline -0.001 -11"><span class='ocrx_word' id='word_1_193' title='bbox 391 1949 472 1986; x_wconf 85' lang='lat'>465.</span> <span class='ocrx_word' id='word_1_194' title='bbox 522 1954 638 1985; x_wconf 83' lang='lat' dir='ltr'>terras</span> <span class='ocrx_word' id='word_1_195' title='bbox 679 1950 792 1991; x_wconf 78' lang='lat' dir='ltr'>dabit3</span> <span class='ocrx_word' id='word_1_196' title='bbox 835 1950 1021 1985; x_wconf 89' lang='lat' dir='ltr'>monstrat</span> <span class='ocrx_word' id='word_1_197' title='bbox 1058 1949 1227 1994; x_wconf 84' lang='lat' dir='ltr'>Lynceus</span> <span class='ocrx_word' id='word_1_198' title='bbox 1268 1950 1407 1990; x_wconf 90' lang='lat' dir='ltr'>terras,</span> <span class='ocrx_word' id='word_1_199' title='bbox 1451 1949 1655 1994; x_wconf 84' lang='lat' dir='ltr'>antequam</span> <span class='ocrx_word' id='word_1_200' title='bbox 1693 1947 1789 1995; x_wconf 86' lang='lat' dir='ltr'>quis-</span> 
     </span>
     <span class='ocr_line' id='line_1_28' title="bbox 298 2007 1790 2055; baseline -0.001 -11"><span class='ocrx_word' id='word_1_201' title='bbox 298 2021 409 2054; x_wconf 89' lang='lat' dir='ltr'>quam</span> <span class='ocrx_word' id='word_1_202' title='bbox 440 2009 533 2044; x_wconf 86' lang='lat' dir='ltr'>alius</span> <span class='ocrx_word' id='word_1_203' title='bbox 560 2020 622 2045; x_wconf 86' lang='lat' dir='ltr'>eas</span> <span class='ocrx_word' id='word_1_204' title='bbox 650 2009 865 2055; x_wconf 87' lang='lat' dir='ltr'>conspicere</span> <span class='ocrx_word' id='word_1_205' title='bbox 897 2009 1016 2054; x_wconf 87' lang='lat' dir='ltr'>possit</span> <span class='ocrx_word' id='word_1_206' title='bbox 1042 2010 1080 2044; x_wconf 91' lang='lat' dir='ltr'>et</span> <span class='ocrx_word' id='word_1_207' title='bbox 1113 2010 1216 2043; x_wconf 87' lang='lat' dir='ltr'>astra</span> <span class='ocrx_word' id='word_1_208' title='bbox 1241 2008 1356 2051; x_wconf 80' lang='lat' dir='ltr'>videt,</span> <span class='ocrx_word' id='word_1_209' title='bbox 1390 2019 1618 2053; x_wconf 88' lang='lat' dir='ltr'>quamquam</span> <span class='ocrx_word' id='word_1_210' title='bbox 1643 2007 1790 2044; x_wconf 88' lang='lat' dir='ltr'>caelum</span> 
     </span>
     <span class='ocr_line' id='line_1_29' title="bbox 297 2067 1789 2114; baseline -0.001 -11"><span class='ocrx_word' id='word_1_211' title='bbox 297 2069 458 2104; x_wconf 85' lang='lat' dir='ltr'>nubibus</span> <span class='ocrx_word' id='word_1_212' title='bbox 497 2069 690 2105; x_wconf 89' lang='lat' dir='ltr'>obtectum</span> <span class='ocrx_word' id='word_1_213' title='bbox 729 2069 795 2105; x_wconf 90' lang='lat' dir='ltr'>est.</span> <span class='ocrx_word' id='word_1_214' title='bbox 845 2068 930 2104; x_wconf 89' lang='lat' dir='ltr'>Non</span> <span class='ocrx_word' id='word_1_215' title='bbox 963 2080 1113 2114; x_wconf 89' lang='lat' dir='ltr'>prorsus</span> <span class='ocrx_word' id='word_1_216' title='bbox 1150 2068 1283 2103; x_wconf 88' lang='lat' dir='ltr'>eadem</span> <span class='ocrx_word' id='word_1_217' title='bbox 1325 2067 1478 2103; x_wconf 89' lang='lat' dir='ltr'>notione</span> <span class='ocrx_word' id='word_1_218' title='bbox 1515 2067 1695 2113; x_wconf 85' lang='lat' dir='ltr'>scriptum</span> <span class='ocrx_word' id='word_1_219' title='bbox 1732 2068 1789 2103; x_wconf 81' lang='lat' dir='ltr'>est</span> 
     </span>
     <span class='ocr_line' id='line_1_30' title="bbox 298 2126 1790 2173; baseline -0.001 -10"><span class='ocrx_word' id='word_1_220' title='bbox 298 2128 366 2169; x_wconf 75' lang='lat'>111,</span> <span class='ocrx_word' id='word_1_221' title='bbox 393 2128 479 2162; x_wconf 84' lang='lat'>484:</span> <span class='ocrx_word' id='word_1_222' title='bbox 512 2138 666 2173; x_wconf 77' lang='lat' dir='ltr'>quosque</span> <span class='ocrx_word' id='word_1_223' title='bbox 692 2128 802 2163; x_wconf 79' lang='lat' dir='ltr'>dabat</span> <span class='ocrx_word' id='word_1_224' title='bbox 827 2128 938 2163; x_wconf 82' lang='lat' dir='ltr'>densa</span> <span class='ocrx_word' id='word_1_225' title='bbox 962 2128 1062 2163; x_wconf 79' lang='lat' dir='ltr'>trabe</span> <span class='ocrx_word' id='word_1_226' title='bbox 1087 2126 1212 2173; x_wconf 73' lang='lat' dir='ltr'>Mysia</span> <span class='ocrx_word' id='word_1_227' title='bbox 1236 2130 1378 2169; x_wconf 78' lang='lat' dir='ltr'>montes,</span> <span class='ocrx_word' id='word_1_228' title='bbox 1406 2126 1469 2162; x_wconf 83' lang='lat' dir='ltr'>vel</span> <span class='ocrx_word' id='word_1_229' title='bbox 1492 2126 1650 2163; x_wconf 85' lang='lat' dir='ltr'>verbum</span> <span class='ocrx_word' id='word_1_230' title='bbox 1674 2126 1790 2162; x_wconf 82' lang='lat' dir='ltr'>dandi</span> 
     </span>
     <span class='ocr_line' id='line_1_31' title="bbox 300 2187 1598 2232; baseline -0.002 -9"><span class='ocrx_word' id='word_1_231' title='bbox 300 2187 368 2224; x_wconf 88' lang='lat' dir='ltr'>Ov.</span> <span class='ocrx_word' id='word_1_232' title='bbox 393 2189 483 2224; x_wconf 86' lang='lat' dir='ltr'>met.</span> <span class='ocrx_word' id='word_1_233' title='bbox 509 2188 610 2228; x_wconf 91' lang='lat' dir='ltr'>XIII,</span> <span class='ocrx_word' id='word_1_234' title='bbox 637 2187 705 2222; x_wconf 77' lang='lat'>221</span> <span class='ocrx_word' id='word_1_235' title='bbox 733 2191 813 2231; x_wconf 84' lang='lat' dir='ltr'>(cur</span> <span class='ocrx_word' id='word_1_236' title='bbox 837 2190 927 2232; x_wconf 90' lang='lat' dir='ltr'>non)</span> <span class='ocrx_word' id='word_1_237' title='bbox 954 2188 1028 2232; x_wconf 83' lang='lat' dir='ltr'>dat,</span> <span class='ocrx_word' id='word_1_238' title='bbox 1054 2187 1150 2232; x_wconf 79' lang='lat' dir='ltr'>quod</span> <span class='ocrx_word' id='word_1_239' title='bbox 1172 2198 1267 2232; x_wconf 76' lang='lat' dir='ltr'>vaya</span> <span class='ocrx_word' id='word_1_240' title='bbox 1290 2187 1396 2222; x_wconf 83' lang='lat' dir='ltr'>tarba</span> <span class='ocrx_word' id='word_1_241' title='bbox 1419 2190 1598 2231; x_wconf 76' lang='lat' dir='ltr'>sequatar.</span> 
     </span>
    </p>
   </div>
   <div class='ocr_carea' id='block_1_11' title="bbox 297 2269 1791 2436">
    <p class='ocr_par' dir='ltr' id='par_1_12' title="bbox 297 2269 1791 2436">
     <span class='ocr_line' id='line_1_32' title="bbox 393 2269 1790 2316; baseline 0 -11"><span class='ocrx_word' id='word_1_242' title='bbox 393 2271 479 2308; x_wconf 86' lang='lat'>466.</span> <span class='ocrx_word' id='word_1_243' title='bbox 529 2272 672 2306; x_wconf 77' lang='lat' dir='ltr'>aethera</span> <span class='ocrx_word' id='word_1_244' title='bbox 716 2291 758 2297; x_wconf 92' lang='lat'><strong>—</strong></span> <span class='ocrx_word' id='word_1_245' title='bbox 795 2271 997 2316; x_wconf 74' lang='lat' dir='ltr'>perdiderit</span> <span class='ocrx_word' id='word_1_246' title='bbox 1038 2282 1088 2308; x_wconf 87' lang='lat' dir='ltr'>sc.</span> <span class='ocrx_word' id='word_1_247' title='bbox 1130 2270 1370 2316; x_wconf 87' lang='lat' dir='ltr'>splendorem</span> <span class='ocrx_word' id='word_1_248' title='bbox 1412 2270 1586 2311; x_wconf 87' lang='lat' dir='ltr'>aetheris,</span> <span class='ocrx_word' id='word_1_249' title='bbox 1630 2269 1682 2305; x_wconf 89' lang='lat' dir='ltr'>sic</span> <span class='ocrx_word' id='word_1_250' title='bbox 1719 2270 1790 2306; x_wconf 85' lang='lat'>449</span> 
     </span>
     <span class='ocr_line' id='line_1_33' title="bbox 299 2329 1791 2376; baseline -0.001 -10"><span class='ocrx_word' id='word_1_251' title='bbox 299 2331 430 2376; x_wconf 78' lang='lat' dir='ltr'>crines,-</span> <span class='ocrx_word' id='word_1_252' title='bbox 454 2331 648 2365; x_wconf 89' lang='lat' dir='ltr'>Burmann</span> <span class='ocrx_word' id='word_1_253' title='bbox 673 2330 820 2366; x_wconf 88' lang='lat' dir='ltr'>confert</span> <span class='ocrx_word' id='word_1_254' title='bbox 837 2330 933 2367; x_wconf 87' lang='lat' dir='ltr'>Stat.</span> <span class='ocrx_word' id='word_1_255' title='bbox 951 2331 1069 2368; x_wconf 89' lang='lat' dir='ltr'>Theb.</span> <span class='ocrx_word' id='word_1_256' title='bbox 1091 2330 1172 2371; x_wconf 81' lang='lat' dir='ltr'>XII,</span> <span class='ocrx_word' id='word_1_257' title='bbox 1194 2330 1263 2365; x_wconf 82' lang='lat'>692</span> <span class='ocrx_word' id='word_1_258' title='bbox 1283 2331 1432 2375; x_wconf 80' lang='lat' dir='ltr'>pulvere</span> <span class='ocrx_word' id='word_1_259' title='bbox 1459 2340 1580 2365; x_wconf 75' lang='lat' dir='ltr'>crasso</span> <span class='ocrx_word' id='word_1_260' title='bbox 1596 2350 1642 2356; x_wconf 95' lang='lat'>--</span> <span class='ocrx_word' id='word_1_261' title='bbox 1664 2329 1791 2376; x_wconf 79' lang='lat' dir='ltr'>Tyrios</span> 
     </span>
     <span class='ocr_line' id='line_1_34' title="bbox 297 2390 901 2436; baseline 0.002 -12"><span class='ocrx_word' id='word_1_262' title='bbox 297 2390 384 2436; x_wconf 74' lang='lat' dir='ltr'>iuya</span> <span class='ocrx_word' id='word_1_263' title='bbox 402 2390 552 2434; x_wconf 87' lang='lat' dir='ltr'>perdere</span> <span class='ocrx_word' id='word_1_264' title='bbox 576 2394 713 2425; x_wconf 80' lang='lat' dir='ltr'>montes</span> <span class='ocrx_word' id='word_1_265' title='bbox 748 2390 901 2435; x_wconf 72' lang='lat' dir='ltr'>Aspicit.</span> 
     </span>
    </p>
   </div>
   <div class='ocr_carea' id='block_1_12' title="bbox 301 2471 1788 2637">
    <p class='ocr_par' dir='ltr' id='par_1_13' title="bbox 301 2471 1788 2637">
     <span class='ocr_line' id='line_1_35' title="bbox 393 2471 1788 2519; baseline 0.001 -12"><span class='ocrx_word' id='word_1_266' title='bbox 393 2473 474 2509; x_wconf 88' lang='lat'>468.</span> <span class='ocrx_word' id='word_1_267' title='bbox 524 2473 593 2508; x_wconf 90' lang='lat' dir='ltr'>Hic</span> <span class='ocrx_word' id='word_1_268' title='bbox 618 2484 746 2508; x_wconf 86' lang='lat' dir='ltr'>versus</span> <span class='ocrx_word' id='word_1_269' title='bbox 773 2473 871 2509; x_wconf 87' lang='lat' dir='ltr'>solus</span> <span class='ocrx_word' id='word_1_270' title='bbox 903 2474 969 2514; x_wconf 78' lang='lat' dir='ltr'>est,</span> <span class='ocrx_word' id='word_1_271' title='bbox 998 2473 1059 2518; x_wconf 91' lang='lat' dir='ltr'>qui</span> <span class='ocrx_word' id='word_1_272' title='bbox 1085 2473 1293 2519; x_wconf 86' lang='lat' dir='ltr'>spondeum</span> <span class='ocrx_word' id='word_1_273' title='bbox 1318 2473 1436 2508; x_wconf 88' lang='lat' dir='ltr'>habet</span> <span class='ocrx_word' id='word_1_274' title='bbox 1460 2472 1499 2507; x_wconf 87' lang='lat' dir='ltr'>in</span> <span class='ocrx_word' id='word_1_275' title='bbox 1525 2471 1655 2518; x_wconf 85' lang='lat' dir='ltr'>quinto</span> <span class='ocrx_word' id='word_1_276' title='bbox 1680 2472 1788 2518; x_wconf 87' lang='lat' dir='ltr'>pede,</span> 
     </span>
     <span class='ocr_line' id='line_1_36' title="bbox 301 2532 1481 2578; baseline -0.002 -10"><span class='ocrx_word' id='word_1_277' title='bbox 301 2533 342 2568; x_wconf 87' lang='lat' dir='ltr'>at</span> <span class='ocrx_word' id='word_1_278' title='bbox 364 2533 520 2578; x_wconf 85' lang='lat' dir='ltr'>propter</span> <span class='ocrx_word' id='word_1_279' title='bbox 545 2543 682 2567; x_wconf 86' lang='lat' dir='ltr'>nomen</span> <span class='ocrx_word' id='word_1_280' title='bbox 706 2532 899 2578; x_wconf 88' lang='lat' dir='ltr'>proprium</span> <span class='ocrx_word' id='word_1_281' title='bbox 925 2532 1109 2568; x_wconf 82' lang='lat' dir='ltr'>Graecum</span> <span class='ocrx_word' id='word_1_282' title='bbox 1135 2532 1247 2568; x_wconf 86' lang='lat' dir='ltr'>facile</span> <span class='ocrx_word' id='word_1_283' title='bbox 1274 2533 1481 2568; x_wconf 84' lang='lat' dir='ltr'>excusatur.</span> 
     </span>
     <span class='ocr_line' id='line_1_37' title="bbox 395 2590 1495 2637; baseline 0 -11"><span class='ocrx_word' id='word_1_284' title='bbox 395 2592 501 2628; x_wconf 86' lang='lat' dir='ltr'>Zetes</span> <span class='ocrx_word' id='word_1_285' title='bbox 530 2591 724 2636; x_wconf 86' lang='lat' dir='ltr'>Calaisque</span> <span class='ocrx_word' id='word_1_286' title='bbox 751 2591 816 2626; x_wconf 86' lang='lat' dir='ltr'>filii</span> <span class='ocrx_word' id='word_1_287' title='bbox 840 2591 986 2627; x_wconf 89' lang='lat' dir='ltr'>Boreae</span> <span class='ocrx_word' id='word_1_288' title='bbox 1015 2593 1054 2627; x_wconf 87' lang='lat' dir='ltr'>et</span> <span class='ocrx_word' id='word_1_289' title='bbox 1081 2591 1275 2637; x_wconf 85' lang='lat' dir='ltr'>Orithyiae</span> <span class='ocrx_word' id='word_1_290' title='bbox 1300 2590 1495 2627; x_wconf 86' lang='lat' dir='ltr'>notissimi.</span> 
     </span>
    </p>
   </div>
   <div class='ocr_carea' id='block_1_13' title="bbox 302 2675 1788 2781">
    <p class='ocr_par' dir='ltr' id='par_1_14' title="bbox 302 2675 1788 2781">
     <span class='ocr_line' id='line_1_38' title="bbox 395 2675 1788 2721; baseline 0 -11"><span class='ocrx_word' id='word_1_291' title='bbox 395 2676 475 2712; x_wconf 88' lang='grc'>469.</span> <span class='ocrx_word' id='word_1_292' title='bbox 525 2675 664 2710; x_wconf 79' lang='lat' dir='ltr'>eeruehi</span> <span class='ocrx_word' id='word_1_293' title='bbox 707 2676 794 2710; x_wconf 86' lang='lat' dir='ltr'>sunt</span> <span class='ocrx_word' id='word_1_294' title='bbox 843 2676 1020 2711; x_wconf 88' lang='lat' dir='ltr'>rudentes</span> <span class='ocrx_word' id='word_1_295' title='bbox 1063 2675 1210 2721; x_wconf 84' lang='lat' dir='ltr'>alligati</span> <span class='ocrx_word' id='word_1_296' title='bbox 1252 2675 1300 2710; x_wconf 87' lang='lat' dir='ltr'>ad</span> <span class='ocrx_word' id='word_1_297' title='bbox 1342 2686 1480 2711; x_wconf 88' lang='lat' dir='ltr'>cornua</span> <span class='ocrx_word' id='word_1_298' title='bbox 1523 2675 1788 2716; x_wconf 85' lang='lat' dir='ltr'>antennarum,</span> 
     </span>
     <span class='ocr_line' id='line_1_39' title="bbox 302 2735 764 2781; baseline 0 -10"><span class='ocrx_word' id='word_1_299' title='bbox 302 2735 433 2781; x_wconf 86' lang='lat' dir='ltr'>quibus</span> <span class='ocrx_word' id='word_1_300' title='bbox 464 2735 549 2771; x_wconf 85' lang='lat' dir='ltr'>vela</span> <span class='ocrx_word' id='word_1_301' title='bbox 574 2735 764 2771; x_wconf 85' lang='lat' dir='ltr'>tenentur.</span> 
     </span>
    </p>
   </div>
   <div class='ocr_carea' id='block_1_14' title="bbox 1872 2639 1890 2675">
    <p class='ocr_par' dir='ltr' id='par_1_15' title="bbox 1872 2639 1890 2675">
     <span class='ocr_line' id='line_1_40' title="bbox 1872 2639 1890 2675; baseline 0 0"><span class='ocrx_word' id='word_1_302' title='bbox 1872 2639 1890 2675; x_wconf 41' lang='grc' dir='ltr'>ν’*</span> 
     </span>
    </p>
   </div>
  </div>
 </body>
</html>
