1890 3100
582 204 970 242 ARGONAVTICON
994 203 1140 239 LIBER
1166 203 1225 238 IV.
1552 203 1637 246 321

262 325 475 377 adgnoscit
502 325 654 363 Bacchi
680 325 821 363 latices
850 323 1058 375 adgnoscit
1088 328 1128 361 et
1155 321 1302 360 undam

262 396 304 429 et
331 404 436 429 nova
464 404 545 428 non
573 389 742 442 pavidae
772 390 936 427 miratur
963 387 1111 439 gaudia
1138 400 1315 425 mensae.

262 456 369 494 hunc
397 456 466 494 ubi
493 456 684 494 reclinem
714 456 847 494 stratis
876 460 917 493 et
944 467 1044 505 pace
1072 453 1273 491 fruentem
1643 459 1697 488 535

263 521 406 572 aspicit
434 535 481 559 ac
509 521 654 572 longae
684 519 897 558 ducentem
927 518 1075 557 oblivia
1102 531 1270 570 poenae,

261 586 410 624 talibus
441 585 619 638 appellat
647 584 897 637 supplexque
926 584 983 622 ita
1010 584 1115 622 fatur
1143 583 1282 621 Iason:

265 656 381 697 ‘vota‚
413 664 550 697 senex,
579 650 760 702 perfecta
787 650 877 696 tibi3
908 663 1014 687 nunc
1044 662 1107 687 me
1138 662 1298 701 quoque
1329 647 1432 686 euris

264 717 373 768 eripe
404 722 444 754 et
473 716 524 754 ad
551 721 708 754 nostros
738 716 913 754 animum
941 720 1132 753 converte
1159 714 1330 752 labores.

265 782 391 819 omnis
421 781 551 819 adhuc
580 794 665 819 sors
694 780 802 819 laeta
831 779 1003 833 quidem,
1033 793 1109 818 nec
1136 780 1298 817 numine
1326 792 1430 816 vano
1644 778 1700 807 540

266 846 400 898 (siqua
427 846 527 885 fides
556 859 676 885 curae
706 849 911 898 superum)
939 850 1094 884 tantum
1123 858 1274 897 aequor
1303 843 1430 882 adorti

265 910 484 958 tendimus3
514 911 602 962 ipsa
629 911 726 949 mihi
754 924 930 963 puppem
957 910 1065 949 Iovis
1095 910 1244 962 optima
1271 909 1404 961 proles

265 976 446 1023 instituit,
479 975 590 1014 dedit
619 982 659 1014 et
688 976 817 1014 socios
848 975 1036 1014 Saturnia
1064 988 1194 1026 reges.

268 1040 394 1080 fidere
421 1054 535 1079 mens
565 1040 638 1079 sed
666 1047 803 1079 nostra
830 1041 980 1093 nequit,
1012 1046 1286 1092 quantumque
1317 1039 1558 1092 propinquat

269 1107 412 1145 Phasis
443 1113 483 1145 et
510 1106 580 1144 ille
609 1119 774 1158 operum
804 1119 980 1144 summus
1010 1106 1134 1151 labor,
1163 1106 1240 1144 hoc
1268 1106 1395 1157 magis
1427 1110 1579 1156 angunt
1651 1111 1705 1141 545

268 1172 458 1222 proxima,
489 1185 564 1210 nec
592 1177 706 1210 vates
738 1177 798 1209 sat
826 1171 905 1209 iam
934 1171 1030 1209 mihi
1057 1171 1224 1222 Mopsus
1255 1175 1295 1208 et
1324 1169 1490 1208 Idmon‘.

266 1236 334 1274 ille
365 1236 508 1275 ducem
537 1249 613 1275 nec
640 1236 745 1274 ferre
774 1249 917 1288 preces
945 1249 1021 1274 nec
1050 1235 1184 1274 dicere
1213 1249 1355 1287 passus

267 1301 448 1352 amplius,
478 1301 542 1339 hic
571 1300 731 1339 demum
759 1300 879 1338 vittas
908 1300 1144 1352 laurumque
1175 1300 1349 1352 capessit

252 1416 334 1460 533.
385 1425 620 1471 (adgnoscit)
646 1425 773 1460 vinum
799 1426 839 1460 et
864 1436 1001 1471 aquam
1024 1436 1168 1470 puram,
1206 1435 1302 1470 quae
1340 1425 1454 1460 antea
1492 1424 1647 1460 foedata

159 1483 221 1519 vix
244 1483 285 1518 id
310 1494 392 1520 esse
417 1485 681 1529 apparuerant'
707 1484 909 1520 Burmann.

255 1543 335 1579 534.
382 1543 520 1589 qaudia
543 1554 699 1587 mensam
728 1543 873 1589 Coripp.
901 1543 948 1579 de
973 1543 1074 1581 laud.
1100 1543 1191 1579 Iust.
1217 1543 1286 1585 ΙΠ,
1315 1543 1394 1579 134.

255 1602 337 1639 536.
386 1603 567 1638 ducentem
591 1603 721 1638 oblivia
738 1603 884 1645 dicitur,
906 1604 948 1638 ut
964 1604 1086 1639 υιήαπι
1104 1603 1239 1648 pocula
1257 1603 1305 1639 al.
1336 1603 1488 1645 ducere;
1516 1603 1649 1639 eadem

160 1661 298 1697 locutio
322 1661 516 1698 invenitur
540 1662 628 1698 Hor.
655 1664 725 1698 sat.
751 1662 799 1703 Π,
826 1663 858 1703 6,
886 1662 948 1704 61;
986 1663 1092 1699 Paul.
1117 1662 1200 1698 Nol.
1227 1662 1326 1707 XIX,
1351 1662 1438 1705 4553
1477 1662 1655 1703 XXVIII,

162 1720 250 1762 232;
276 1720 380 1756 aliud
405 1722 463 1757 est
482 1722 578 1766 quod
598 1721 710 1766 Verg.
737 1722 831 1756 dixit
854 1722 1007 1767 propria
1032 1722 1221 1758 sententia
1247 1722 1341 1758 Aen.
1366 1721 1427 1763 VL
1455 1722 1524 1757 715
1550 1723 1656 1767 lmzya

161 1781 295 1817 oblivia
312 1784 447 1826 potam
483 1781 530 1816 de
557 1780 619 1821 eis.
658 1781 721 1825 qui
759 1792 811 1818 ex„
828 1781 947 1817 Lethe
973 1781 1123 1817 flumine
1161 1781 1306 1822 bibunt,
1336 1782 1374 1817 et
1399 1793 1524 1816 rursus
1551 1781 1652 1816 aliud

165 1839 267 1886 apud
290 1839 398 1876 Paul.
424 1839 506 1875 Nol.
533 1839 628 1881 XVI,
655 1840 725 1874 218
751 1840 870 1885 (deus)
896 1841 1063 1876 humanis
1087 1841 1218 1876 ducens
1242 1840 1376 1876 oblivia
1400 1841 1513 1876 rebus.

263 1899 344 1935 537.
393 1899 503 1944 Apud
539 1899 661 1945 Apoll.
687 1899 741 1941 Π,
789 1899 859 1934 309
902 1911 1003 1945 seqq.
1045 1902 1178 1945 sponte
1222 1900 1385 1935 Phineus
1427 1900 1656 1945 Argonautis

167 1957 295 1993 futura
307 1958 547 2003 vaticinatur,
566 1959 768 2004 antequam
786 1959 981 1995 Boreadae
1001 1959 1078 1995 eius
1096 1959 1246 1995 domum
1262 1970 1387 1994 rursus
1415 1960 1652 1995 advenerunt

167 2016 241 2052 vid.
266 2016 317 2058 Π,
344 2017 428 2052 428.

260 2076 343 2112 541.
391 2077 425 2112 εἰ
450 2087 522 2122 qua
544 2077 634 2119 fides
658 2088 764 2112 curae
787 2088 973 2122 superum:
1009 2077 1103 2112 mira
1141 2077 1317 2113 videntur
1341 2079 1436 2113 haec
1462 2078 1580 2114 verba
1607 2078 1653 2113 ab

167 2134 300 2172 Iasone
345 2135 496 2181 quidem
539 2136 688 2181 prolata
703 2166 711 2180 ‚
761 2148 805 2172 ex
846 2137 1100 2172 Romanorum
1151 2137 1274 2182 potius
1316 2139 1444 2173 mente
1486 2139 1657 2183 tempore

172 2193 312 2231 Valerii
349 2195 554 2231 viventium
594 2195 696 2231 dicta
733 2197 835 2243 sunt;
875 2195 942 2232 cfr.
980 2196 1100 2242 Mopsi
1138 2196 1236 2231 vatis
1276 2196 1561 2242 explicationem
1586 2196 1656 2238 ΙΙΙ,

173 2253 244 2289 378
268 2265 367 2300 seqq.

264 2324 399 2359 aequor
423 2314 552 2355 adoni,
580 2314 647 2350 cfr.
674 2314 722 2356 Π,
749 2314 829 2350 375.

265 2372 344 2408 544.
393 2377 565 2418 quantum
587 2374 833 2418 propinquant
858 2395 902 2400 —
927 2374 992 2410 hoc
1010 2376 1125 2420 magis
1143 2379 1297 2420 anyunt:
1314 2375 1386 2410 vid..
1415 2375 1463 2409 ad
1483 2374 1510 2415 L
1530 2375 1607 2409 741.

267 2431 348 2468 546.
396 2431 480 2468 Non
507 2432 669 2468 feliciter
692 2444 752 2468 res
778 2433 889 2469 cessit
914 2433 1085 2474 Valerio,
1125 2445 1208 2469 eum
1245 2434 1420 2470 Iasonem
1455 2436 1657 2479 propterea

173 2488 222 2525 de
246 2489 380 2526 futuris
399 2491 580 2527 Phineum
597 2492 853 2528 consulentem
878 2492 980 2533 facit,
1007 2494 1106 2538 quod
1131 2493 1260 2539 Mopso
1288 2495 1327 2528 et
1344 2493 1492 2529 Idmoni
1509 2492 1657 2534 diffidit,

175 2547 276 2584 cuins
301 2548 537 2586 diffidentiae
562 2550 666 2586 nulla
692 2553 774 2586 erat
799 2563 922 2588 causa.

267 2608 349 2645 547.
394 2609 490 2652 ferre
509 2621 642 2654 preces,
669 2611 736 2647 cfr.
766 2611 815 2645 ad
839 2611 887 2651 Π,
915 2611 995 2647 282.

273 2667 351 2703 548.
400 2669 457 2703 hic
482 2669 625 2710 deinum,
653 2682 699 2707 sc.
726 2673 812 2716 post
836 2671 990 2716 longum
1015 2671 1263 2706 intervallum.
