1890 3100
565 201 949 239 ARGONAVTICON
973 201 1121 236 LIBER
1145 201 1196 236 Π.
1578 203 1661 244 141

296 329 337 362 et
363 322 528 361 maculis
556 322 724 360 suffecta
749 333 875 371 genas
901 320 1120 370 pinumque
1149 325 1357 357 sonantem
1471 332 1474 334 ·
1670 333 1724 362 105

294 387 511 438 virginibus
541 386 695 437 Stygiis
722 385 957 436 nigramque
986 383 1186 421 simillima
1211 383 1370 434 pallam.

346 449 803 504 Iamquerdiesaderat,
833 449 1013 487 Thracas
1043 462 1121 500 qno
1148 447 1310 486 fudetat
1337 448 1455 486 armis

298 517 392 569 dux?
405 516 547 555 Lemni
572 528 727 567 puppes
754 515 865 552 tenui
893 519 1108 552 contexere
1137 526 1266 551 canna

295 574 415 620 ausus
431 572 484 620 „et
499 576 672 619 'inducto
702 585 851 618 cratem
879 578 1099 617 defendere
1126 584 1253 628 tergo.

295 647 402 686 laeta
428 645 526 684 mari
554 651 638 684 tum
665 645 783 696 signa
810 643 945 690 refert,
974 643 1197 695 plenasque
1225 642 1440 680 movebant
1671 651 1726 679 110

193 770 343 805 Gratiae
364 769 463 804 zonis
487 769 736 814 (properent);
763 767 844 802 Tib.
870 766 900 808 Ι,
927 767 959 807 6,
985 766 1032 801 39
1062 777 1137 811 seq.
1164 770 1238 800 tum
1260 766 1390 811 procul
1419 766 1544 801 absitis
1573 766 1667 809 quis-

191 829 271 873 quis
293 829 379 864 colis
402 832 479 863 arte
502 828 649 872 capillos
664 827 717 862 Et
738 828 821 870 fluit
845 827 956 869 effuso
973 826 1031 861 cui
1054 830 1138 871 toya
1155 826 1240 860 lava
1262 826 1362 867 sium
1382 825 1476 870 eleg.
1492 824 1533 859 in
1548 824 1667 860 Maec.

190 887 237 922 59
261 891 294 922 et
317 888 382 923 tibi
403 898 526 922 securo
550 887 691 922 tunicae
711 887 845 929 flu-‘scre
868 887 1019 927 solutae;
1053 884 1139 921 Sen.
1166 884 1255 920 Oed.
1280 884 1351 919 422
1376 895 1452 929 seq.
1478 884 1559 919 inde
1594 887 1669 918 tam

190 947 309 983 molles
325 947 494 991 placuere
517 946 632 981 cultus
656 945 707 980 Et
730 948 833 981 sinas
857 946 932 980 laxi
942 945 1158 989 fluidamque
1173 955 1304 989 syrma.
1332 943 1569 979 Contrarium
1604 943 1668 978 de—

190 1005 365 1041 scribitur
399 1004 490 1040 Stat.
524 1005 641 1040 Theb.
672 1004 753 1046 XII,
781 1004 865 1046 108,
896 1004 961 1038 ubi
996 1004 1112 1049 poeta
1147 1004 1278 1038 narrat
1315 1003 1425 1038 orbas
1461 1002 1667 1046 viduasque

189 1064 278 1099 viris
318 1065 406 1100 ante
440 1065 570 1110 portas
606 1064 816 1099 Thebarum
856 1062 1066 1098 interfectis
1115 1062 1310 1097 advenisse
1352 1062 1401 1096 ad
1439 1061 1669 1107 propinquos

189 1123 442 1169 plangendos:
461 1134 536 1168 par
559 1123 703 1158 habitus
726 1123 877 1157 cunctis:
905 1122 1027 1157 deiecti
1051 1123 1090 1157 in
1118 1125 1268 1166 pectora
1291 1122 1415 1162 crines,
1442 1121 1668 1164 Accinctique

189 1183 302 1218 sanas.
351 1182 510 1217 sidereus
533 1181 761 1217 adiectivum
785 1181 986 1216 adhibetur
1011 1181 1061 1215 ad
1086 1180 1287 1216 candorem
1312 1180 1475 1227 corporis
1499 1179 1667 1214 indican-

191 1241 280 1276 dum
302 1242 347 1276 ut
369 1240 431 1282 IV,
460 1241 543 1283 190;
569 1241 655 1285 331;
681 1240 747 1276 Ov.
771 1242 861 1276 met.
886 1240 1062 1282 XL4453
1089 1239 1185 1275 Stat.
1210 1238 1303 1275 silv.
1316 1239 1345 1281 Ι,
1372 1240 1404 1280 2,
1433 1240 1517 1281 141,
1549 1239 1599 1280 Π,
1634 1240 1666 1280 1,

190 1300 254 1345 42;
278 1299 371 1336 Ach.
396 1299 444 1341 U,
470 1300 556 1346 135;
580 1299 698 1335 Theb.
723 1299 752 1341 I,
780 1300 864 1341 577;
890 1299 932 1339 V,
959 1299 1047 1340 613;
1074 1299 1185 1334 Mart.
1211 1299 1275 1344 IX,
1301 1298 1359 1345 36,
1385 1299 1446 1340 10;
1473 1298 1515 1339 X,
1542 1298 1598 1342 66,
1626 1299 1665 1340 73

194 1357 278 1394 Sen.
305 1358 395 1394 Oed.
420 1358 507 1401 410;
537 1358 665 1396 Claud.
691 1358 738 1394 de
762 1359 866 1403 nupt.
893 1358 987 1394 Hon.
1020 1358 1112 1400 252;
1138 1357 1258 1392 laudis
1284 1357 1361 1393 Ser.
1387 1357 1473 1399 219;
1513 1357 1665 1403 epithal.

190 1418 214 1452 3
222 1431 233 1462 ;
259 1417 307 1453 de
322 1418 420 1464 rapt.
436 1417 537 1454 Pros.
563 1417 631 1458 HI,
660 1417 744 1459 178;
769 1418 871 1452 sidus
893 1417 988 1462 legis
1012 1429 1081 1462 pro
1106 1416 1385 1462 pulchritudine
1412 1416 1554 1451 dictum
1571 1415 1666 1452 Stat.

191 1476 270 1512 silv.
297 1467 373 1517 111,
389 1477 423 1518 4,
449 1476 512 1518 26;
538 1476 655 1512 Theb.
680 1476 731 1514 H.
758 1475 837 1511 159.

248 1530 252 1532 “
286 1535 365 1571 105.
408 1535 604 1580 pinumque
634 1536 1059 1577 sonantem-simiaimm
1101 1534 1335 1570 accusativus
1374 1535 1519 1570 Graeco
1566 1546 1672 1570 more

193 1605 239 1630 ex
269 1593 455 1630 adiectivo
491 1594 659 1639 pendens
694 1594 913 1639 plerumque
950 1594 1146 1639 significat,
1183 1594 1215 1629 si
1252 1594 1299 1629 de
1336 1594 1486 1629 homine
1523 1594 1669 1635 dicitur,

190 1653 340 1698 partem
362 1652 477 1699 ipsius
501 1653 670 1695 hominis,
696 1654 739 1687 ut
762 1654 862 1688 nuda
883 1664 985 1698 yenu,
1012 1665 1051 1688 οε
1070 1664 1273 1697 mnerosque
1297 1653 1360 1688 deo
1384 1653 1519 1694 similas,
1545 1653 1674 1688 similis

190 1722 315 1750 vocem.
341 1713 498 1747 animum
521 1713 632 1754 miti&
657 1712 728 1747 hoc
752 1712 836 1748 loco
859 1712 1005 1757 longius
1029 1723 1247 1757 progressus
1274 1714 1331 1748 est
1354 1713 1480 1757 poeta.

278 1772 393 1818 pinus
427 1782 561 1806 sonans
597 1771 782 1816 significat
820 1771 943 1807 facem
972 1771 1132 1816 pineam,
1178 1782 1273 1816 quae
1310 1783 1393 1806 cum
1424 1772 1668 1807 vehementer

191 1829 370 1871 vibratur,
396 1830 558 1866 sonitum
583 1830 671 1871 edit,
710 1830 776 1865 cfr.
801 1829 845 1872 V,
871 1830 917 1865 33
947 1831 1099 1874 rapidae
1131 1841 1279 1865 sonuere
1309 1830 1428 1872 faces;
1457 1831 1571 1874 pinus
1599 1842 1669 1875 pro

192 1888 276 1925 face
300 1889 446 1935 saepius
470 1888 667 1931 invenitur,
692 1891 736 1924 ut
759 1889 869 1934 Verg.
895 1890 986 1925 Aen.
1012 1889 1095 1931 VH,
1122 1889 1208 1931 397;
1234 1889 1299 1930 IX,
1328 1889 1390 1936 72;
1415 1888 1479 1926 Sil.
1504 1889 1547 1930 X,
1581 1888 1668 1931 54&

192 1947 288 1988 XIV,
313 1948 400 1990 303;
433 1948 522 1990 420;
550 1947 679 1984 Claud.
716 1948 763 1984 de
799 1950 895 1994 rapt.
933 1948 1035 1984 Pros.
1061 1949 1090 1989 I,
1127 1949 1191 1990 40;
1229 1949 1338 1984 Prud
1376 1949 1566 1994 psychom.
1603 1948 1668 1990 43;

193 2006 333 2042 Orient.
359 2018 540 2043 common.
563 2007 592 2048 I,
621 2007 700 2044 135.

285 2065 364 2103 107.
411 2065 471 2101 Ab
498 2066 654 2101 audacia
678 2066 818 2102 Valerii
842 2078 917 2102 non
942 2066 1104 2102 alienum
1130 2068 1197 2107 est,
1231 2067 1330 2111 quod
1354 2067 1493 2112 legitur
1517 2067 1557 2101 in
1580 2066 1666 2103 Vat.

194 2124 354 2160 'floraco-3
382 2126 462 2170 qui
490 2125 636 2167 t'udcrat
660 2126 785 2167 armi&
817 2125 884 2161 sed
909 2125 939 2160 si
972 2126 1027 2160 ita
1062 2126 1265 2171 scribimus,
1300 2126 1433 2162 ducem
1458 2126 1588 2161 Lemni
1619 2126 1668 2161 ad

191 2183 354 2219 reditum
391 2184 541 2220 demum
576 2195 720 2230 puppes
758 2184 990 2220 contexuisse
1019 2185 1208 2230 putandus
1246 2186 1312 2225 est,
1352 2185 1450 2230 quod
1486 2185 1665 2230 ineptum.

192 2241 355 2278 Schenkl
380 2243 446 2286 (sic
471 2243 547 2278 iam
572 2245 660 2278 ante
686 2254 770 2278 eum
794 2243 974 2279 Maserius
1000 2246 1039 2279 et
1066 2243 1232 2289 Caussin)
1267 2246 1408 2290 puncto
1431 2246 1518 2289 post
1543 2245 1667 2279 aderat

189 2301 312 2347 posito
335 2302 396 2347 qui
420 2302 469 2337 ad
485 2302 605 2337 ducem
620 2302 783 2347 rettulit,
801 2304 842 2337 at
860 2303 930 2338 hoc
942 2303 1095 2348 probari
1111 2303 1167 2337 ita
1184 2303 1333 2338 demum
1348 2305 1486 2348 posset,
1505 2303 1535 2338 si
1553 2311 1666 2338 antea

190 2359 239 2396 de
261 2362 373 2396 nocte
397 2361 538 2396 dictum
563 2363 670 2401 esset,
696 2361 757 2396 vel
782 2363 885 2397 certa
909 2361 988 2397 dies
1012 2362 1088 2396 iam
1106 2366 1406 2398 commemorata.
1424 2362 1564 2407 Recepi
1582 2374 1666 2397 con-

190 2417 373 2455 iecturam
395 2419 609 2465 Burmanni,
636 2420 682 2455 de
707 2420 1069 2466 plusquamperfecto
1095 2421 1162 2457 cfr.
1187 2421 1307 2457 Plaut.
1333 2421 1414 2457 Aul.
1440 2421 1498 2457 33.

288 2477 366 2515 108.
414 2477 595 2520 Quoniam
618 2478 720 2524 Argo
750 2479 908 2524 primam
933 2479 1047 2515 fuisse
1078 2491 1214 2516 navem
1237 2480 1375 2515 iustam
1400 2491 1445 2516 ex
1471 2480 1666 2515 arboribus

193 2535 335 2572 factam
359 2548 442 2572 cum
465 2537 544 2572 aliis
572 2537 695 2583 poetis
724 2537 893 2574 Valerius
923 2539 1090 2579 tradidit,
1117 2539 1188 2574 sibi
1222 2539 1391 2574 constitit
1411 2540 1482 2574 hoc
1506 2539 1598 2579 loco,
1624 2541 1666 2574 ut

193 2594 336 2631 diceet
357 2596 425 2631 has
448 2607 591 2642 puppes
618 2607 662 2632 ex
687 2597 762 2632 alia
786 2597 945 2633 materia
983 2597 1104 2633 factas
1137 2610 1226 2639 esse,
1261 2599 1388 2643 quales
1422 2600 1530 2634 erant
1566 2598 1667 2642 apud

192 2653 372 2689 barbaras
396 2654 577 2700 nationes,
604 2657 668 2692 cfr.
695 2655 780 2692 Luc.
806 2656 856 2691 IV
859 2684 867 2697 ,
895 2657 963 2692 130
987 2668 1088 2702 seqq.
