1890 3100
229 216 312 259 106
753 214 789 250 C.
817 214 997 250 VALERI
1022 215 1197 251 FLACCI

334 345 555 397 quadrifida
582 346 695 384 trabe
724 346 810 385 tela
837 347 945 386 Iovis
975 354 1193 400 contraque
1221 349 1354 387 ruenti

333 416 402 448 aut
430 411 566 449 Athon
596 417 665 449 aut
692 411 919 463 Rhodopen
947 418 1127 452 maestae
1156 426 1320 452 nemora
1350 413 1475 452 ardua
1503 414 1622 453 Pisae

333 476 514 514 aemulus
545 482 585 515 et
612 477 779 515 miseros
808 478 895 528 ipse
924 483 1059 516 ureret
1086 477 1217 517 Elidis
1247 492 1376 530 agros.
1716 486 1772 515 665

331 541 407 580 hac
434 542 581 593 pelago
610 542 709 580 libat
736 542 878 580 latices
910 548 950 580 et
978 542 1124 581 talibus
1153 543 1255 582 infit:

327 606 395 654 tdi,
428 606 571 659 quibus
600 607 797 646 undarum
825 609 1157 661 tempestatisque
1187 622 1355 648 sonorae

224 748 294 783 220
319 750 467 784 ινίεαὶσα
489 749 659 792 fulmina3
701 749 828 787 Claud.
853 750 973 795 praef.
999 750 1038 785 in
1063 750 1124 785 III
1151 762 1248 787 cons.
1274 750 1368 788 Hon.
1397 752 1441 786 14
1466 752 1535 787 tela
1560 752 1716 794 trisulea;

224 809 361 845 Auson.
387 808 491 853 idyll.
517 809 581 850 XI,
609 809 631 843 9
647 809 797 844 trisulca
811 809 981 852 fulmiua3
1008 810 1160 846 Anthol.
1179 810 1245 846 lat.
1264 811 1343 853 211,
1363 811 1407 846 87
1426 811 1468 847 Β.
1488 812 1718 856 terqemz'num

224 869 343 910 telum3
383 867 492 903 Drac.
530 868 586 903 ed.
614 868 655 906 Β.
683 868 744 910 IV,
771 868 793 903 5
817 869 952 911 fulmen
985 870 1185 912 trisulcum;
1224 870 1366 905 Paulin.
1396 882 1426 906 c.
1455 870 1499 912 X,
1527 871 1596 905 121
1623 871 1717 916 tynis

224 927 385 970 trifida&
424 927 602 963 Dracont.
641 927 761 964 satisf.
799 928 869 963 278
904 929 1049 971 flamma
1086 930 1245 966 trisulca.
1295 930 1346 964 At
1382 929 1535 966 minime
1570 929 1626 965 ita
1656 941 1716 965 res

226 986 396 1022 constitit
427 987 527 1032 apud
555 987 728 1032 artifices,
765 987 804 1022 in
851 999 1007 1032 quorum
1046 988 1220 1034 operibus
1259 988 1533 1025 diversissimae
1572 989 1716 1025 formae

225 1046 511 1091 conspiciuntur,
540 1047 578 1081 et
603 1057 716 1092 saepe
743 1046 893 1091 quidem
919 1047 966 1082 ab
992 1048 1152 1093 utraque
1176 1049 1286 1093 parte
1311 1048 1429 1084 habet
1446 1048 1589 1084 fulmen
1607 1060 1713 1094 quos-

224 1106 310 1140 dam
337 1105 441 1151 quasi
466 1117 599 1147 ramos,
639 1105 718 1141 fere
744 1117 890 1151 semper
914 1106 1050 1152 impari
1074 1118 1239 1149 numero,
1277 1107 1495 1152 plerumque
1521 1119 1611 1143 sane
1635 1109 1714 1143 tres

224 1165 271 1199 ab
289 1166 448 1209 utraque
465 1165 586 1210 parte,
612 1165 679 1200 sed
696 1164 811 1200 etiam
829 1165 990 1210 quinque
1015 1166 1053 1201 et
1070 1166 1216 1211 septem
1233 1166 1295 1202 vel
1311 1167 1389 1202 tres
1408 1167 1447 1202 et
1474 1166 1635 1212 quinque
1652 1167 1714 1203 vel

224 1224 385 1268 quinque
402 1223 588 1269 utrimque
601 1224 662 1259 vel
673 1225 819 1270 septem
832 1224 1020 1272 utrimque
1034 1225 1095 1261 vel
1106 1226 1252 1271 septem
1265 1226 1325 1262 vel
1340 1227 1418 1262 tres
1434 1226 1482 1261 ab
1497 1227 1618 1263 altera
1629 1227 1714 1262 tan-

222 1285 315 1327 tum,
332 1295 406 1319 uno
425 1283 508 1319 loco
527 1283 628 1329 apud
643 1283 815 1320 Gerhard
833 1284 1007 1320 auserles.
1026 1284 1189 1323 Vasenb.
1203 1286 1222 1321 I
1235 1284 1327 1321 Tab.
1342 1286 1362 1320 7
1381 1285 1526 1321 fulmen
1543 1286 1591 1321 ab
1610 1287 1713 1322 utra-

226 1353 298 1389 que
314 1343 425 1388 parte
440 1343 532 1378 duos
543 1354 666 1378 ramos
684 1343 811 1385 habet,
832 1344 932 1390 quod
944 1343 1063 1389 possit
1076 1344 1210 1380 haberi
1224 1344 1486 1391 quadrifidum.
1513 1344 1615 1388 Quae
1630 1357 1714 1381 cum

221 1402 277 1437 ita
291 1402 375 1444 sint,
393 1413 482 1438 sane
498 1402 613 1438 etiam
625 1404 779 1448 praeter
794 1403 975 1438 artificum
993 1403 1301 1440 consuetudinem
1311 1404 1563 1451 quadrifidum
1572 1405 1715 1441 fulmen

223 1473 245 1496 a
263 1461 414 1497 Valerio
442 1461 583 1496 dictum
608 1461 777 1504 videtur;
804 1462 871 1498 sed
897 1474 982 1498 eum
999 1463 1167 1498 consulto
1184 1464 1276 1508 puto
1297 1475 1319 1498 a
1336 1463 1480 1499 tradita
1497 1464 1714 1500 narratione

223 1520 445 1562 discessisse,
473 1522 516 1555 ut
541 1521 771 1556 dementiam
797 1520 983 1557 Salmonei
1010 1521 1206 1568 indicaret,
1233 1522 1297 1569 qui
1322 1535 1397 1558 non
1422 1523 1513 1558 satis
1538 1523 1715 1560 habuerit

221 1579 416 1615 trisulcum
452 1580 476 1614 J
479 1580 557 1615 ovis
589 1580 733 1616 fulmen
763 1580 914 1623 imitari,
947 1581 1014 1616 sed
1045 1581 1195 1626 gravius
1221 1581 1340 1617 telum
1370 1582 1492 1618 iacere
1518 1582 1589 1618 sibi
1613 1582 1713 1618 visus

222 1639 282 1674 sit.
318 1638 492 1675 Ceterum
520 1639 631 1675 etiam
651 1639 836 1685 Vergilius
862 1640 901 1675 in
927 1640 1178 1686 descriptione
1206 1652 1343 1687 operae
1372 1641 1574 1688 Cyclopum
1598 1642 1713 1677 fabri-

223 1699 343 1734 cando
369 1699 523 1734 fulmine
551 1700 819 1745 occupatorum
847 1700 938 1736 Aen.
965 1700 1065 1742 VIII,
1096 1700 1167 1735 428
1206 1712 1288 1737 eam
1321 1700 1393 1736 sibi
1418 1701 1576 1747 sumpsit
1599 1701 1714 1738 licen-

221 1758 326 1804 tiam,
365 1759 408 1792 ut
444 1769 519 1793 non
556 1759 634 1794 tres
671 1759 806 1801 radios,
845 1759 912 1795 sed
950 1761 1084 1806 quater
1113 1761 1240 1796 ternos
1277 1760 1355 1796 telo
1387 1759 1485 1796 Iovis
1516 1761 1713 1797 tribueret.

222 1818 280 1852 Ad
305 1817 536 1852 irridendam
574 1817 762 1854 Salmonei
793 1818 978 1854 insaniam
1003 1818 1170 1864 pertinet
1202 1819 1314 1855 etiam
1346 1819 1465 1855 trabis
1491 1820 1715 1856 vocabulum

223 1888 313 1912 vero
339 1876 438 1912 Iovis
470 1876 618 1912 fulmini
643 1889 733 1913 sane
759 1889 834 1913 non
860 1879 1002 1924 aptum,

318 1948 398 1984 663.
448 1952 571 1983 ruente
596 1948 692 1989 Vat„
730 1950 850 1985 ruenti
876 1949 1062 1993 Heinsius3
1099 1950 1248 1986 dativus
1272 1951 1416 1997 pendet
1445 1951 1494 1987 ab
1527 1951 1712 1988 adiectivo

223 2008 400 2050 aemulus;
427 2007 530 2043 notio
556 2008 663 2044 verbi
690 2009 823 2044 eadem
849 2010 907 2044 est
932 2011 1046 2056 atque
1070 2009 1156 2045 Hor.
1185 2022 1215 2045 c.
1241 2010 1270 2051 Ι,
1299 2010 1353 2052 16,
1382 2011 1426 2045 12
1451 2021 1514 2046 nec
1538 2012 1717 2048 tremendo

223 2067 389 2111 Iuppiter
413 2067 490 2111 ipse
519 2079 626 2102 ruens
658 2069 821 2109 tumultu,
858 2068 925 2104 cfr.
957 2080 1068 2115 supra
1098 2081 1131 2104 v.
1159 2069 1240 2108 616.
1289 2074 1414 2105 contra
1436 2070 1666 2116 praepositio
1693 2082 1718 2106 a

223 2138 288 2161 suo
316 2137 403 2161 casu
430 2126 621 2162 divellitur
658 2128 700 2162 ut
734 2128 838 2162 iuxta
873 2127 916 2174 V,
943 2128 1028 2174 187;
1068 2129 1160 2164 iuter
1184 2130 1227 2171 V,
1263 2129 1348 2172 375;
1387 2129 1488 2172 VIII,
1527 2130 1608 2172 227,
1647 2129 1715 2167 cfr.

223 2185 370 2220 Kuehn.
397 2197 553 2230 gramm.
579 2186 645 2221 lat.
672 2186 720 2228 H,
749 2186 770 2233 ξ
797 2187 867 2222 313
892 2200 928 2232 g.
970 2187 1086 2223 Athos
1116 2188 1155 2223 et
1185 2187 1358 2233 Rhodope
1391 2188 1618 2224 coniunctim
1649 2201 1715 2225 no-

222 2244 416 2279 minantur
442 2245 645 2280 secundum
667 2245 778 2291 Verg.
805 2257 933 2292 georg.
960 2246 989 2288 I,
1018 2247 1095 2285 132.
1146 2247 1204 2283 Ne
1229 2248 1324 2284 haec
1350 2248 1502 2295 quidem
1526 2248 1715 2284 sententia

223 2303 393 2339 irrisione
436 2303 623 2340 Salmonei
660 2306 774 2347 caret,
814 2317 897 2340 cum
934 2306 1103 2341 Valerius
1142 2307 1244 2342 dicat
1282 2307 1469 2343 aemulum
1504 2307 1614 2349 Iovis,
1651 2308 1717 2355 qui

225 2362 424 2398 altissimos
449 2366 593 2398 montes
619 2363 775 2400 fulmine
800 2366 947 2410 tangat,
974 2377 1129 2401 nemora
1155 2367 1193 2402 et
1219 2378 1328 2412 agros
1355 2366 1478 2412 campi
1501 2366 1713 2404 incendere.

318 2433 398 2468 665.
449 2435 524 2478 ipse
549 2434 570 2469 i.
600 2446 631 2470 e.
657 2434 737 2480 ipse
764 2435 934 2471 dominus
966 2448 1049 2472 suos
1083 2437 1253 2473 incendit
1285 2448 1404 2483 agros.
1455 2437 1512 2474 De
1537 2438 1716 2484 superbia

223 2493 295 2528 hac
321 2492 510 2528 Salmonei
535 2493 663 2529 Iovem
697 2494 881 2529 imitantis
914 2495 979 2529 cfr.
1006 2495 1175 2541 Apollod.
1202 2496 1230 2542 I,
1257 2495 1288 2538 9,
1316 2497 1355 2538 7;
1393 2496 1505 2542 Verg.
1531 2496 1623 2533 Aen.
1649 2497 1715 2541 VI,

224 2552 293 2587 585
319 2563 396 2599 seq.
424 2564 507 2588 cum
533 2551 660 2588 Servio
669 2566 677 2595 ;
702 2553 797 2598 Hyg.
824 2553 900 2590 fab.
926 2554 987 2597 61;
1014 2554 1112 2589 Man.
1141 2556 1279 2592 astron.
1304 2556 1347 2602 V,
1372 2555 1417 2590 91
1443 2566 1546 2603 seqq.

321 2623 399 2658 667.
451 2625 733 2669 tempestatisque
756 2635 915 2667 sonorae,
935 2625 1046 2681 Verg.
1064 2626 1156 2662 Aen.
1175 2627 1204 2672 Ι,
1222 2626 1284 2669 53;
1311 2626 1376 2661 cfr.
1395 2627 1596 2672 praeterea
1620 2628 1714 2664 Aen.

224 2682 291 2723 III,
319 2683 404 2731 528;
433 2683 475 2724 V,
503 2683 584 2721 235.
