1890 3100
565 182 953 219 ARGoNAVTIcoN
980 181 1127 216 LIBER
1152 181 1194 215 v.
1536 182 1624 225 393

248 317 335 342 cras
363 305 470 342 acies
499 309 619 356 atque
647 303 717 341 illa
745 302 889 341 ducum
918 316 1006 341 cras
1033 315 1160 353 regna
1186 300 1342 339 videbis

248 369 420 415 dissona,
450 369 650 408 saxiferae
678 374 815 420 surgat
843 368 986 420 quibus
1014 367 1142 405 imber
1168 366 1363 413 habenae,

248 447 351 486 quae
378 434 508 473 iaculo
537 448 636 486 gens
665 440 759 485 apta
784 434 878 480 levi,
907 446 1010 485 quae
1038 433 1146 483 picta
1171 431 1369 483 pharetris

245 500 412 538 venerit.
467 500 653 551 ingentes
682 499 812 537 animo
840 499 919 536 iam
946 498 1129 549 prospice
1158 509 1331 546 campos,
1623 507 1679 536 ⁶10

246 570 367 616 atque
395 565 499 603 hanc
527 563 675 616 alipedi
700 564 928 616 pulsantem
955 575 1122 613 corpora
1150 575 1268 600 curru

244 630 465 680 Euryalen,
495 629 638 682 quibus
667 628 843 667 exsultet
868 628 1065 666 Mavortia
1092 628 1232 665 turmis

245 700 286 733 et
314 701 505 747 quantum
533 694 639 734 elata
665 693 800 732 valeat
826 693 980 745 peltata
1007 693 1148 738 securi,

245 773 338 798 cara
363 760 460 798 mihi
488 766 528 798 et
555 772 672 798 veras
700 760 805 798 inter
831 772 912 796 non
939 758 1079 796 ultima
1105 757 1244 796 natas’.

242 825 350 863 fatur
376 831 418 863 et
445 824 610 863 occiduo
638 825 738 863 libat
765 830 919 863 cratera
946 824 1113 875 parenti.
1619 840 1676 870 615

230 967 311 1004 607.
357 978 469 1012 reyna
496 988 544 994 -—
562 967 728 1011 dissorm;
751 967 979 1012 plerumque,
1005 965 1076 1000 nisi
1101 965 1227 1011 agitur
1254 965 1301 1001 de
1331 965 1455 1001 sonitu
1481 964 1619 1011 aliquo,

136 1025 288 1061 additur
312 1026 509 1071 ablativus,
540 1026 644 1062 velut
668 1026 807 1072 lingua,
838 1037 1017 1070 sermone,
1042 1025 1217 1066 moribus,
1244 1024 1347 1060 cultu
1371 1024 1427 1062 al..
1454 1024 1520 1060 sed.
1544 1023 1618 1059 vid.

134 1085 247 1120 etiam
274 1085 362 1123 Luc.
386 1086 469 1124 VII.
495 1086 581 1127 272;
609 1097 654 1121 ex
680 1085 731 1121 eis
758 1096 852 1130 quae
884 1086 1087 1129 sequuntur
1111 1085 1280 1129 apparet,
1313 1084 1385 1119 hoc
1408 1083 1491 1119 loco
1517 1083 1619 1118 dicta

134 1154 213 1180 esse
237 1155 356 1189 regna
381 1145 531 1180 dissona
555 1145 667 1179 variis
694 1156 882 1180 armorum
904 1143 1118 1189 generibus:
1145 1143 1262 1178 funda
1286 1142 1406 1178 iaculo
1432 1154 1532 1178 arcu.

227 1215 338 1249 reyna
361 1204 501 1239 audaci.
519 1204 745 1249 metonymia
771 1203 944 1239 dicuntur
967 1214 1035 1248 pro
1059 1202 1189 1238 incolis
1213 1214 1414 1247 regnorum
1438 1202 1499 1237 vel
1522 1201 1618 1237 mili-

132 1262 234 1297 tibus
269 1274 411 1308 regum.
448 1263 501 1298 sic
538 1264 653 1299 etiam
678 1262 740 1300 Sil.
777 1263 806 1303 Ι,
843 1263 922 1297 461.
950 1263 1047 1297 crine
1083 1266 1125 1297 ut
1152 1262 1363 1305 flammifero
1394 1265 1500 1296 terret
1534 1261 1618 1304 fera

132 1332 244 1367 reyna
267 1326 433 1367 cometes,-
457 1322 524 1358 cfr.
549 1322 597 1363 H,
623 1322 714 1364 499;
740 1322 835 1363 XVI,
863 1321 942 1358 199.

226 1393 306 1429 608.
354 1393 687 1429 habeminterdum
699 1394 849 1439 ponitur
859 1393 1073 1439 profunda:
1092 1391 1427 1437 Luc.1n,710;si].
1439 1392 1614 1438 L315;V,

133 1451 219 1495 193;
242 1453 334 1489 Stat.
348 1454 438 1488 Ach.
450 1453 499 1492 Π,
510 1453 600 1495 420;
613 1453 761 1498 proprie
776 1455 834 1488 est
845 1453 967 1488 lorum
978 1452 1135 1488 fundae:
1152 1452 1262 1497 Verg.
1273 1451 1431 1492 AemIX,
1445 1451 1533 1493 587;
1549 1451 1613 1497 XI,

131 1511 218 1554 579;
236 1511 331 1547 Stat.
349 1512 466 1548 Theb.
484 1512 527 1558 X,
542 1512 624 1548 857.
649 1512 727 1548 Nec
744 1512 865 1547 minus
881 1514 972 1547 nota
987 1511 1225 1556 metonymia,
1250 1522 1324 1558 qua
1338 1512 1450 1546 imber
1473 1511 1611 1547 dicitur

130 1581 199 1616 pro
222 1571 349 1607 ‘densa
382 1571 620 1607 multitudine
650 1572 812 1607 telorum
844 1571 1066 1616 sagittarum
1098 1582 1281 1611 saxorum,
1315 1570 1390 1607 vid.
1425 1570 1488 1611 VI,
1524 1570 1612 1613 685;

127 1629 386 1672 fama-simber-
397 1631 488 1666 Eun.
504 1642 587 1667 ann.
601 1631 669 1665 201
685 1631 725 1666 B.
734 1647 743 1678 3
759 1631 867 1676 Verg.
881 1632 972 1666 Aen.
986 1630 1073 1671 ΧΠ,
1086 1630 1173 1671 284;
1192 1629 1338 1675 Coripp.
1354 1631 1432 1666 1011.
1445 1629 1498 1664 IV
1498 1658 1507 1671 .
1523 1630 1611 1672 746;

128 1689 240 1724 imber
264 1693 371 1724 atrox
403 1688 499 1726 Stat.
526 1689 641 1726 Theb.
668 1690 710 1731 X,
750 1690 835 1731 542;
870 1690 1196 1732 fusum-hastilibus
1227 1689 1370 1724 imbrem
1402 1689 1529 1724 Claud.
1564 1690 1614 1726 de

131 1746 232 1784 laud.
258 1747 340 1784 Stil.
365 1748 394 1792 Ι,
418 1749 505 1789 352;
542 1749 585 1787 11.
610 1749 676 1785 lat.
713 1749 799 1791 359;
838 1750 995 1794 laffidum
1033 1750 1142 1784 imber
1165 1749 1273 1794 Apul.
1298 1750 1387 1784 met.
1412 1748 1517 1794 VIII,
1545 1749 1610 1791 18;

126 1817 258 1842 smus
280 1807 390 1842 imber
418 1808 566 1844 Phocae
591 1807 656 1844 vit.
683 1809 793 1854 Verg.
820 1809 882 1851 79;
920 1808 1030 1844 Prud.
1055 1809 1247 1854 psychom.
1280 1808 1367 1853 1733
1404 1808 1533 1853 per-ist.
1559 1808 1609 1849 Π,

128 1865 208 1900 371.
247 1865 381 1901 Similis
405 1867 591 1902 interdum
630 1869 687 1903 est
723 1868 825 1903 notio
850 1868 961 1903 nimbi
984 1868 1046 1904 vel
1070 1869 1194 1903 hiemis
1219 1868 1305 1903 Luc.
1339 1867 1389 1909 Π,
1416 1867 1505 1909 501;
1545 1867 1609 1913 IV,

131 1924 219 1971 7763
257 1924 353 1960 Stat.
379 1925 497 1962 Theb.
523 1926 565 1972 V,
589 1926 676 1967 385;
702 1926 803 1972 VIII,
827 1927 923 1973 4124

219 1996 301 2032 609.
350 2008 440 2042 quae
470 1998 571 2041 picta
600 1999 784 2042 pharetris
819 2000 966 2039 venerit;
1005 1999 1140 2034 audaci
1165 1998 1330 2042 enallage
1368 1997 1472 2034 notio
1503 1998 1603 2044 picti„

129 2066 226 2100 quae
242 2058 392 2101 spectat
408 2057 458 2091 ad
473 2058 680 2102 pharetras,
706 2058 890 2092 translata
907 2060 966 2093 est
985 2058 1030 2092 ad
1049 2069 1122 2095 eos.
1150 2058 1213 2102 qui
1229 2059 1426 2103 pharetras
1443 2059 1607 2103 gestant,

124 2113 192 2150 sed
215 2114 292 2150 iam
317 2115 501 2160 Vergilius
527 2127 636 2151 ausus
662 2123 717 2152 est
741 2117 864 2152 dicere
889 2118 981 2152 Aen.
1007 2116 1069 2157 IX.
1110 2117 1177 2151 162
1202 2118 1338 2152 centeni
1361 2128 1528 2163 quemque
1550 2128 1604 2153 se-

124 2177 284 2218 quamur
307 2175 538 2219 Purpurei
562 2176 680 2211 cristis
703 2177 854 2211 iuvenes.

221 2244 302 2281 612.
351 2246 517 2282 Valerius
542 2246 726 2291 Euryalae
763 2259 909 2282 currum
946 2247 1080 2282 tribuit
1115 2250 1159 2282 ut
1182 2248 1346 2293 reginae,
1373 2248 1440 2283 cfr.
1468 2248 1518 2283 ad
1543 2249 1607 2289 VI,

123 2302 211 2346 370;
248 2304 416 2350 reginam
452 2307 579 2341 autem
616 2317 701 2341 eam
738 2317 818 2342 esse
855 2308 894 2342 et
925 2318 971 2342 ex
1001 2307 1071 2342 hoc
1095 2307 1178 2342 loco
1204 2309 1244 2342 et
1270 2318 1315 2343 ex
1340 2308 1402 2353 VI,
1429 2307 1500 2342 370
1524 2308 1608 2344 coll„

123 2361 194 2398 378
218 2366 397 2410 apparet,
423 2365 471 2400 de
494 2365 633 2409 alipede
656 2376 764 2400 curru
789 2365 856 2400 cfr.
882 2366 931 2400 ad
956 2377 988 2401 v.
1017 2365 1096 2402 183.

217 2434 297 2471 612.
348 2435 551 2472 Mavortia:
575 2436 637 2477 IV,
664 2436 744 2471 602.

153 2498 157 2501 ’
217 2506 298 2543 613.
341 2508 497 2551 peltata:
523 2508 566 2547 v,
594 2507 671 2542 135.

216 2577 297 2614 614.
344 2589 446 2614 veras
480 2579 574 2614 inter
605 2590 676 2615 non
699 2580 825 2615 alama
847 2584 972 2616 natas.-
1008 2581 1030 2615 i.
1058 2592 1089 2617 e.
1116 2592 1234 2626 aeque
1260 2592 1346 2616 cara
1371 2581 1463 2616 mihi
1488 2583 1602 2626 atque

123 2633 228 2680 ipsae
252 2636 362 2674 filiae.
