1890 3100
606 211 996 249 ARGONAVTICON
1020 210 1167 247 LIBER
1190 210 1294 246 Vm.
1578 210 1663 254 531

287 332 421 372 vellus
451 332 558 371 habe
587 338 628 371 et
654 332 799 371 nostris
829 331 961 384 siquid
989 343 1120 383 super,
1149 330 1298 382 accipe,
1327 328 1498 380 templis.

290 397 364 437 sed
391 397 487 450 quid
515 411 592 449 ego
621 410 861 450 quemquam
887 396 1093 436 immeritis
1120 396 1260 434 incuso
1290 392 1507 447 querellis?

292 463 383 515 ipsa
409 462 512 514 fugit
538 468 731 515 tantoque
758 462 905 514 (nefas)
933 462 1022 514 ipsa
1050 460 1164 499 ardet
1191 471 1337 498 amore.

288 528 366 566 hoc
395 533 492 575 erat,
521 527 673 575 infelix,
705 526 891 579 (redeunt
916 539 1010 565 nam
1038 524 1197 577 singula
1222 526 1363 575 menti)
1666 538 1721 570 χω

287 606 339 631 ex
369 606 447 645 quo
475 592 702 632 Thessalici
730 592 938 631 subierunt
966 619 1293 631 ........

292 657 400 710 quod
426 657 563 697 nullae
589 662 644 705 te,
673 662 779 704 nata,
809 656 944 708 dapes,
972 669 1054 694 non
1080 654 1166 693 ulla
1190 654 1383 693 iuvabant

287 727 481 775 tempora.
511 735 591 760 non
618 721 726 760 ullus
753 721 826 760 tibi
851 726 937 760 tum
965 720 1085 768 color,
1114 732 1316 772 aegraque
1343 718 1469 758 verba

290 793 550 839 errantesque
579 799 707 838 genae
737 791 857 838 atque
887 786 1020 825 aliena
1046 785 1116 824 ah!
1145 784 1294 836 gaudia
1318 784 1434 823 vultu

291 864 450 904 semper
478 857 602 890 erant.
659 865 730 890 cur
755 856 868 890 tanta
894 851 991 889 mihi
1018 863 1099 889 non
1126 849 1283 903 prodita
1308 849 1446 902 pestis,
1666 862 1720 891 165

288 921 333 955 ut
361 930 488 968 gener
512 916 738 955 Aesonides
766 922 903 955 nostra
932 915 1158 954 consideret
1186 915 1279 954 aula.

287 994 363 1020 nec
390 981 514 1020 talem
541 987 725 1034 paterere
752 980 915 1033 fugam?
944 994 1151 1020 commune
1179 980 1323 1019 fuisset

287 1051 360 1084 aut
389 1052 497 1086 certe
524 1060 630 1085 nunc
659 1060 775 1085 omne
803 1046 931 1100 nefas,
959 1046 1107 1085 iremus
1137 1051 1178 1085 et
1205 1045 1346 1084 ambae

286 1112 328 1150 in
357 1125 628 1164 quascumque
655 1112 760 1159 vias3
789 1112 938 1164 pariter
964 1112 1127 1164 petiisse
1154 1111 1310 1149 iuvaret

275 1253 356 1293 159.
404 1254 487 1299 ipsa
509 1253 605 1299 suqit
627 1253 651 1290 i.
678 1265 709 1289 e.
736 1265 804 1288 sua
827 1254 972 1298 sponte.

273 1313 352 1348 160.
402 1314 469 1349 1100
493 1317 571 1348 erat
593 1334 639 1340 -
665 1313 773 1358 quod:
799 1313 910 1358 Verg.
936 1312 1027 1348 Aen.
1054 1312 1102 1354 Π,
1128 1312 1208 1347 664.

270 1372 351 1408 161.
398 1372 491 1408 Post
506 1372 689 1408 subiet-unt
706 1371 801 1407 falso
820 1382 864 1407 ex
877 1382 988 1407 versu
1003 1371 1172 1417 proximo
1189 1372 1412 1417 repetuntur
1427 1383 1513 1407 nam
1523 1373 1666 1418 sinyula

176 1432 217 1467 in
242 1431 346 1474 Vat.;
371 1430 470 1467 inter
495 1431 568 1466 alia
590 1430 784 1476 proposuit
808 1430 980 1466 Heinsius
1006 1431 1112 1466 litora
1135 1432 1231 1466 remi.

272 1490 352 1526 163.
401 1493 560 1535 tempora
583 1489 645 1524 vix
682 1500 823 1532 sanum,
861 1488 929 1525 sed
966 1489 1131 1524 nondum
1156 1490 1356 1534 repertum,
1389 1490 1488 1535 quod
1511 1491 1665 1536 probari

171 1549 302 1596 possit.

242 1602 245 1604 ’
269 1608 351 1645 164.
401 1612 627 1653 errantesque
648 1618 775 1654 qerme3
813 1618 934 1653 genae
972 1608 1043 1643 hoc
1067 1607 1150 1644 loco
1174 1619 1250 1644 11011
1273 1610 1429 1654 possunt
1452 1621 1528 1645 non
1552 1609 1665 1655 signi-

173 1668 290 1704 ficare
318 1667 454 1710 oculos,
492 1668 605 1712 atque
632 1666 746 1703 etiam
778 1666 968 1702 interdum
1005 1667 1103 1712 apud
1140 1667 1232 1702 alios
1267 1669 1401 1713 poetas
1438 1669 1532 1704 haec
1557 1669 1664 1704 huius

179 1726 407 1763 substantivi
429 1725 533 1762 notio
558 1725 758 1771 reperitur:
801 1725 868 1762 Ov.
892 1726 970 1761 her.
998 1725 1096 1767 XIX,
1123 1725 1193 1761 206
1217 1727 1405 1762 restiterim
1427 1727 1513 1770 fiatis
1536 1728 1576 1763 in
1599 1732 1666 1763 tua

176 1786 334 1822 membra
366 1785 482 1831 genis:
525 1796 569 1821 ex
593 1785 701 1821 Pont.
727 1785 774 1822 H.
800 1785 833 1826 8,
859 1785 905 1820 66
940 1789 972 1821 et
1003 1786 1134 1830 patiar
1155 1786 1264 1828 fossis
1289 1786 1404 1821 lumen
1428 1788 1526 1822 abire
1547 1789 1663 1833 yenis;

174 1844 286 1891 Prop.
310 1843 380 1890 111,
406 1844 462 1885 12,
489 1844 535 1879 26
566 1848 880 1890 muscaeque-tuae
903 1855 1002 1891 mox,
1043 1845 1266 1891 Polypum,
1301 1856 1430 1891 yerme3
1469 1846 1532 1888 IV,
1558 1847 1591 1888 5,
1618 1847 1664 1882 16

176 1904 357 1940 con-icam
392 1903 584 1939 immerita-s
620 1905 712 1939 emit
747 1914 865 1949 unque
899 1915 1025 1949 qma&
1073 1907 1154 1942 Sen.
1195 1904 1355 1941 Phaedr.
1395 1904 1465 1940 992
1502 1906 1665 1952 riqatque

172 1963 318 1999 maestis
341 1963 521 2008 lugubrem
545 1963 678 1998 vultum
700 1964 809 2008 genis.

267 2022 384 2057 alieno
422 2021 558 2067 qmadia
595 2022 696 2057 vultu
735 2021 832 2067 vat„
878 2022 977 2067 quod
1016 2022 1158 2058 frustra
1197 2024 1434 2069 temptarunt
1476 2024 1662 2071 explicare

173 2081 256 2118 0011.
281 2081 372 2119 Hor.
396 2082 468 2118 sat.
492 2080 542 2122 Π,
567 2081 600 2122 3,
628 2080 672 2115 72
699 2082 738 2117 et
761 2068 867 2116 Hom.
896 2081 965 2118 Od.
990 2081 1068 2123 XX,
1106 2081 1188 2126 347,
1228 2093 1339 2127 quare
1378 2082 1509 2129 scripsi
1544 2085 1664 2120 aliena

180 2141 250 2176 ah!
270 2140 416 2186 qaudia.

269 2199 348 2234 167.
392 2203 558 2245 paterere
579 2199 718 2245 fuqam:
771 2198 898 2234 Claud.
938 2200 989 2236 de
1025 2200 1126 2236 bello
1151 2200 1243 2237 Poll.
1269 2201 1340 2236 525
1376 2205 1409 2237 te
1426 2203 1557 2247 patiar
1578 2213 1662 2238 ειια-

174 2258 274 2296 dante
295 2259 429 2305 fugam.
479 2269 658 2295 commune
678 2259 807 2302 fumet
833 2282 878 2288 —
902 2271 998 2295 nunc
1021 2270 1122 2296 omne
1144 2260 1247 2303 nefas
1271 2261 1294 2297 i.
1322 2272 1353 2299 e.
1378 2262 1450 2298 hoc
1480 2263 1661 2309 tempore,

174 2329 248 2363 quo
273 2317 395 2364 fugin
433 2329 580 2354 causam
604 2318 774 2353 mutandi
801 2318 974 2364 equidem
998 2330 1073 2354 11011
1097 2319 1218 2356 video.

268 2376 326 2413 De
351 2377 596 2413 collocatione
623 2381 686 2413 aut
709 2377 917 2423 particulae
943 2377 1010 2415 cfr.
1036 2378 1086 2414 ad
1109 2378 1159 2421 H,
1186 2379 1266 2416 181.

268 2435 384 2471 Nimis
422 2437 539 2482 auget
574 2438 783 2472 maternum
824 2447 990 2473 amorem
1014 2436 1194 2479 Valerius,
1234 2450 1317 2474 cum
1354 2439 1543 2476 dicentem
1568 2440 1662 2476 facit

174 2495 337 2531 matrem
360 2505 400 2531 se
424 2506 500 2530 una
521 2506 608 2531 cum
632 2495 709 2530 filia
733 2494 939 2541 fugituram
963 2495 1089 2542 fuisse,
1127 2497 1193 2532 sed
1228 2509 1304 2533 non
1340 2498 1460 2544 magis
1485 2499 1555 2535 hoc
1578 2499 1661 2535 loco

111 2593 121 2601 ,
177 2552 442 2590 offendendum
467 2565 577 2600 quam
601 2565 675 2589 non
697 2554 827 2600 paucis
852 2554 944 2597 aliis,
969 2555 1034 2590 ubi
1058 2556 1328 2602 superlationes
1352 2569 1427 2593 non
1451 2558 1661 2594 laudabiles

182 2611 438 2658 repen-inmun
476 2612 558 2649 dico
582 2615 738 2659 propter
761 2613 992 2659 Wagnerum
1018 2616 1056 2650 et
1082 2614 1286 2657 Thilonem,
1325 2616 1387 2661 qui
1412 2617 1459 2653 de
1483 2617 1554 2653 1100
1578 2617 1660 2653 1000

176 2669 271 2706 dixit
293 2671 409 2717 praef.
434 2683 471 2718 p.
496 2671 629 2709 XXXI.

1374 2734 1419 2769 34
