1890 3100
225 239 311 282 338
750 236 788 272 e.
816 235 995 270 VALERI
1021 234 1195 270 FLAeel

333 363 453 409 atque
485 357 595 395 celer
622 362 750 394 terras
780 369 998 407 regemque
1029 355 1203 407 exquirit
1231 355 1387 393 Echion

334 422 441 461 dicta
470 423 617 468 ferens,
648 422 775 460 lectos
806 421 927 470 (fama
957 427 1017 459 est
1048 421 1080 459 si
1109 421 1278 458 nominis
1308 421 1511 472 umquam)
1721 434 1775 463 '135

330 488 582 526 Haemoniae
613 486 784 525 subiisse
814 487 932 533 viros,
964 486 1031 524 det
1060 486 1177 523 litora
1205 486 1335 524 fessis.

334 553 576 605 adproperat
605 553 739 604 Lycus
770 552 915 591 auditis
945 552 1118 590 laetatus
1150 551 1326 597 Achivis,

335 633 381 657 ac
412 619 530 657 simul
559 618 795 657 Aesoniden
826 630 1064 669 omnemque
1094 618 1135 655 in
1163 617 1276 667 regia
1304 616 1459 662 turbam

332 690 442 723 tecta
469 685 592 722 trahit
620 683 738 722 modo
767 683 978 734 Bebryciis
1007 683 1186 734 praefixa
1214 682 1401 733 tropaeis,

333 750 439 788 mitis
470 755 510 789 et
539 750 581 788 in
608 749 750 788 mediis
782 749 924 787 effatur
952 748 1050 786 talia
1080 748 1215 787 Grais:
1724 753 1778 783 740

334 815 452 854 ‘haud
482 821 635 853 temere
667 820 745 853 est:
775 815 858 852 fato
889 813 1025 852 divum
1053 827 1143 851 reor
1172 813 1222 852 ad
1252 827 1342 851 mea
1370 818 1508 851 vectos

332 881 451 919 litora
480 894 563 928 vos,
596 880 730 918 odium
762 879 905 931 quibus
936 885 1056 930 atque
1087 878 1228 917 eadem
1258 879 1316 916 ira
1343 878 1512 916 furentis

333 946 561 997 Bebryciae
593 959 797 997 saevaque
828 958 946 996 pares
977 944 1026 982 de
1057 949 1178 995 gente
1206 944 1408 995 triumphi.

334 1018 445 1050 certa
472 1011 572 1050 fides
604 1012 757 1057 animis,
788 1010 895 1048 idem
926 1010 1069 1063 quibus
1099 1009 1238 1047 incidit
1265 1009 1403 1047 hostis.

332 1091 405 1115 nos
437 1090 608 1129 quoque,
640 1090 714 1114 nos
749 1076 961 1126 Amycum,
992 1081 1103 1113 tanto
1132 1074 1271 1126 procul
1302 1074 1397 1112 orbe
1426 1074 1580 1119 remoti,
1726 1088 1780 1117 745

333 1143 530 1182 sensimus
561 1149 601 1181 et
631 1143 765 1180 saevis
799 1141 925 1179 frater
953 1141 1050 1179 mihi
1078 1141 1191 1178 fusus
1221 1140 1393 1178 harenis.

333 1209 439 1247 ultor
469 1222 556 1259 ego,
589 1214 709 1259 atque
739 1207 840 1245 illuc
872 1207 1024 1244 cunctis
1055 1219 1248 1244 accensus
1278 1206 1319 1243 in
1348 1206 1466 1244 armis

338 1280 433 1312 tunc
466 1274 640 1320 aderam,
671 1287 759 1311 cum
790 1286 862 1310 vos
894 1272 1034 1310 mediis
1065 1277 1254 1310 contenta
1282 1271 1468 1309 ferebant

333 1339 426 1378 vela
455 1339 580 1379 fretis.
638 1338 754 1377 illum
785 1339 826 1376 in
856 1338 967 1376 sanie
996 1337 1171 1389 taboque
1201 1337 1354 1375 recenti

337 1405 508 1443 vidimus
540 1418 742 1457 aequoreo
775 1404 942 1442 similem
972 1417 1044 1454 per
1072 1403 1188 1440 litora
1217 1407 1406 1440 monstro.
1729 1414 1782 1444 750

325 1525 478 1559 advertit
510 1524 650 1568 puppis
688 1523 849 1564 hareni-35
890 1522 970 1557 aliis
1010 1521 1098 1558 locis
1131 1521 1266 1566 puppis
1293 1520 1483 1555 adverti
1510 1520 1568 1556 vel
1591 1521 1728 1555 nautae

228 1584 384 1630 puppim
399 1584 595 1619 advertere
613 1582 797 1625 dicuntur,
813 1584 851 1617 et
866 1581 917 1616 sic
933 1581 1012 1616 sine
1027 1581 1137 1616 dubio
1149 1580 1260 1615 etiam
1271 1580 1522 1625 explicandum
1530 1579 1726 1620 Luo.V111‚

232 1644 300 1678 567
312 1645 464 1688 (aestus)
479 1644 541 1688 qni
557 1646 646 1677 vetet
659 1646 823 1677 emer-nde
836 1642 941 1676 terris
958 1641 1139 1676 advertere
1152 1641 1280 1675 classes
1295 1651 1342 1675 sc.
1361 1640 1506 1680 nautas,
1527 1639 1566 1674 et
1578 1638 1728 1674 audien-

229 1703 295 1738 dus
335 1705 392 1738 est
431 1714 539 1738 accus
577 1713 700 1737 navem
727 1701 788 1736 Sil.
815 1701 844 1743 Ι,
878 1701 947 1736 288
974 1701 1126 1745 prof'uyi
1160 1700 1305 1734 ducente
1332 1699 1427 1734 Noto
1461 1699 1639 1733 advertere
1673 1708 1728 1733 eo-

231 1763 312 1798 loni.
358 1763 431 1798 Sed
450 1763 580 1798 notum
600 1763 656 1797 est
673 1761 847 1796 vertendi
865 1760 971 1796 verbi
989 1761 1125 1795 formas
1144 1759 1282 1794 activas
1307 1759 1464 1804 perfecti
1488 1757 1665 1803 temporis
1690 1758 1730 1793 et

233 1821 415 1868 imprimis
442 1822 726 1866 compositorum
765 1807 912 1865 saepius
950 1831 1015 1865 pro
1053 1819 1210 1864 passivis
1236 1818 1294 1853 vel
1320 1817 1539 1853 medialibus
1564 1816 1661 1863 poni,
1686 1817 1730 1851 ut

231 1883 394 1918 omittam
403 1884 603 1916 reverteret
615 1881 783 1915 devm-tor.
795 1891 885 1924 quae
903 1891 920 1914 s
932 1891 952 1914 0
963 1880 969 1913 Ι
982 1891 1000 1914 e
1009 1891 1030 1913 n
1041 1880 1058 1913 t
1070 1878 1109 1913 in
1116 1879 1279 1924 perfecto
1287 1877 1410 1913 formis
1417 1877 1542 1913 activis
1551 1876 1728 1912 declinari.

326 1941 405 1976 734.
457 1941 608 1985 Echion,
635 1939 698 1975 cfr.
725 1940 755 1984 Ι,
781 1939 862 1975 440.

327 2000 408 2036 735.
461 2002 566 2046 Vei-g.
591 2000 683 2035 Aen.
711 1999 815 2044 V111,
844 1998 927 2035 119:
955 1999 1019 2044 ΠΙ,
1045 1997 1102 2035 85.

328 2060 408 2097 739.
459 2061 559 2105 reyia
585 2081 626 2085 —
650 2059 817 2103 praefixa
844 2059 1019 2102 tropaeis;
1071 2057 1116 2092 de
1151 2069 1188 2092 re
1222 2058 1284 2092 cfr.
1312 2056 1379 2092 Ov.
1404 2057 1490 2091 met.
1517 2054 1619 2096 VIII,
1648 2054 1728 2090 154.

137 2156 141 2164 ‚
328 2120 409 2157 745.
461 2124 562 2155 tanto
582 2120 714 2164 procul
738 2120 819 2154 orbe
843 2119 986 2159 remoti;
1013 2118 1100 2153 haec
1125 2117 1236 2152 verba
1259 2127 1340 2151 cum
1372 2115 1509 2160 Lycum
1542 2114 1729 2150 dicentem

0 2169 111 2248 :⁹:⁶2
131 2164 323 2248 ;{j;}facit
347 2179 524 2225 Valerius,
551 2179 771 2214 obliviscitur
794 2189 865 2213 non
889 2178 1089 2212 Romanum
1116 2176 1177 2211 vel
1215 2176 1389 2211 Graecum
1425 2175 1583 2219 aliquem
1620 2174 1727 2220 loqui,

0 2287 10 2293 ..
22 2239 294 2300 ‚‹.³1·›112„;„e'‹⁸³d
314 2250 434 2284 regem
454 2240 549 2274 haud
561 2238 616 2274 ita
635 2238 758 2283 procul
775 2250 795 2273 a
812 2238 990 2282 Bebrycia
1010 2237 1254 2277 habitante1n3
1280 2245 1427 2280 prorsus
1447 2235 1571 2271 eadem
1589 2234 1727 2269 ratione

195 2294 385 2336 fremotae
419 2298 539 2333 Gades
565 2298 736 2332 dicuntur
762 2298 806 2332 ab
832 2297 986 2332 Horatio
1012 2308 1039 2331 c.
1068 2296 1118 2341 II,
1145 2296 1178 2334 2,
1206 2295 1261 2330 10.

178 2339 197 2354 ὓ

330 2357 411 2393 746.
460 2359 649 2392 sensimus:
676 2357 781 2401 Verg.
817 2356 909 2392 Aen.
935 2356 1017 2390 VII.
1045 2355 1115 2390 434
1140 2355 1272 2390 sentiat
1306 2353 1488 2398 (Latinus)
1522 2356 1555 2387 et
1586 2352 1729 2387 tandem

237 2417 397 2454 mnam
422 2418 631 2461 experiatur
655 2416 694 2450 in
722 2416 844 2451 armis.

325 2477 453 2521 frater,
481 2476 623 2514 Otreus,
651 2476 694 2510 de
720 2486 792 2520 quo
818 2485 927 2519 supra
953 2474 1019 2508 161
1046 2485 1147 2519 seqq.

330 2535 409 2571 748.
462 2534 668 2573 contendere
693 2534 772 2569 vela
797 2533 886 2568 dicit
911 2534 980 2568 hoe
1005 2533 1080 2568 ioco
1108 2532 1275 2568 Valerius
1301 2543 1362 2576 pro
1388 2542 1431 2566 eo
1457 2531 1550 2576 quod
1578 2531 1636 2566 est
1654 2533 1728 2564 ten-

234 2584 314 2630 dere
349 2595 500 2640 praeter
539 2593 856 2634 consuetudinem
884 2593 947 2627 sed
985 2592 1055 2627 alia
1082 2594 1179 2627 certe
1206 2591 1336 2626 similia
1362 2591 1600 2636 reperiuntur.
1627 2590 1728 2625 velut

232 2654 364 2697 funem.
392 2665 526 2698 arcum,
551 2654 622 2688 tela
646 2653 690 2689 al.
717 2652 934 2688 contendere.
977 2690 980 2693 ,
1243 2646 1253 2653 ”
1461 2647 1463 2649 ’

331 2714 411 2749 750.
455 2724 525 2758 per
550 2714 658 2748 litora
685 2713 867 2758 (stratum)
911 2711 994 2746 dicit
1021 2712 1135 2755 Lycus
1167 2722 1206 2746 se
1237 2710 1369 2745 vidisse
1395 2712 1577 2754 Amycum
1601 2708 1648 2744 ad
1672 2707 1727 2743 in-
