1890 3100
0 2247 13 2260 l*

0 2264 10 2295 l,

0 2300 10 2311 ι

0 2316 10 2367 ἓ

553 258 938 295 ARGONAVTICON
962 257 1107 292 LIBER
1132 257 1195 293 VI.
1436 307 1440 310 .
1524 258 1609 301 403

237 380 372 419 ditior:
400 385 563 418 aeterno
592 391 831 430 quamquam
858 378 1034 416 Maeotia
1059 376 1186 428 pubes

238 445 366 484 Marte
395 444 521 491 cadat,
550 444 688 495 pingui
715 455 930 494 nmquam
955 447 1091 479 tamen
1118 441 1241 479 ubere
1271 440 1385 486 desit,

241 509 347 562 quod
374 510 553 560 geminas
582 514 723 555 arctos,
752 519 1018 558 magnumque
1046 505 1154 558 quod
1179 505 1344 556 impleat
1371 518 1554 556 anguem.

241 588 336 626 ergo
366 574 487 613 duces
516 574 715 625 solasque,
744 571 857 618 deae,
885 571 982 609 mihi
1008 571 1176 622 promite
1205 577 1359 622 gentes.

293 639 457 677 Miserat
485 638 682 684 ardentes,
710 650 804 675 mox
829 637 915 688 ipse
945 641 1116 683 secutus,
1146 635 1298 674 Alanos

134 769 373 815 simplicitate
409 768 580 813 idemque
606 766 793 812 elegantia
817 766 970 811 insignis
996 767 1146 802 decem
1170 766 1242 800 sibi
1265 765 1410 810 linguas
1437 767 1544 810 optat
1569 764 1609 799 Ii.

133 828 183 870 IL
209 828 295 870 489;
333 827 517 863 rhetorica
552 826 815 871 superlatione.
853 825 920 860 sed
954 836 998 860 ea
1032 828 1156 860 tamen
1188 825 1376 869 elegantia
1400 826 1612 870 temperata

134 887 319 932 Vergilius
341 898 468 932 georg.
494 885 543 926 Π,
572 885 635 931 43;
659 888 748 920 Aen.
767 884 828 928 VI,
853 884 923 918 625
948 885 986 919 et
1011 884 1077 919 Ov.
1102 885 1189 920 met.
1215 883 1318 925 VIII,
1346 884 1413 919 532
1434 885 1614 919 centum

136 947 249 992 abque
273 945 346 982 iam
373 947 461 981 ante
485 945 551 981 hos
576 944 725 979 Hostius
751 943 823 989 frg.
848 944 870 978 5
895 943 955 985 B.;
983 955 1044 979 eos
1062 943 1140 979 fere
1162 945 1365 988 sequuntur
1387 943 1612 988 posteriores

133 1007 271 1051 poetae
294 1005 418 1041 lafini:
457 1003 518 1040 Sil.
543 1003 607 1045 IV,
641 1003 725 1045 52&
761 1002 886 1038 Claud.
914 1003 960 1037 de
985 1002 1083 1039 laud.
1110 1001 1194 1041 Stil,
1222 1001 1269 1043 IL
1296 1002 1382 1049 185;
1420 1002 1457 1036 in
1483 1002 1610 1047 Olybr.

137 1077 234 1101 cons.
259 1065 322 1107 55;
348 1065 395 1100 de
419 1063 472 1099 VI
496 1075 592 1099 cons.
619 1062 712 1100 Hon.
737 1062 823 1104 436;
850 1061 973 1098 SeduL
999 1062 1123 1109 pasch.
1150 1073 1180 1098 c.
1205 1061 1234 1102 Ι,
1260 1061 1322 1103 83;
1356 1061 1483 1096 Alcim.
1511 1061 1612 1098 Avit.

135 1123 205 1166 111,
231 1124 317 1166 3343
343 1123 445 1159 Paul.
470 1123 537 1158 vit.
554 1122 664 1158 Mart.
682 1121 743 1161 VI,
770 1121 856 1163 337;
882 1121 981 1157 Pers.
1008 1122 1077 1157 sat.
1092 1122 1134 1161 V,
1163 1122 1183 1155 1
1207 1121 1347 1156 vatibus
1370 1122 1427 1156 hic
1450 1132 1525 1156 mos
1552 1125 1612 1163 est,

137 1187 275 1219 centum
310 1182 381 1218 sibi
410 1193 555 1227 poscere
591 1192 701 1225 voces,
741 1180 884 1216 Centum
921 1191 985 1216 ora
1022 1184 1054 1215 et
1078 1180 1219 1226 linquas
1242 1184 1366 1225 optare
1389 1181 1428 1215 in
1452 1181 1611 1215 carmina

137 1246 291 1286 ceritum3
316 1241 391 1276 iam
421 1241 560 1286 longius
585 1251 799 1286 progressus
824 1239 991 1274 Valerius
1015 1239 1128 1274 nimio
1154 1239 1316 1284 augendi
1341 1239 1463 1275 studio
1488 1239 1615 1275 mille

138 1301 212 1336 sibi
237 1302 345 1346 optat
370 1301 407 1336 et
437 1299 489 1335 sic
513 1299 626 1336 Prisc.
658 1300 701 1334 de
732 1298 827 1334 laud.
853 1298 984 1333 Anast.
1011 1298 1065 1338 13,
1100 1298 1219 1333 multo
1254 1298 1368 1333 etiam
1392 1298 1510 1344 magis
1535 1310 1613 1333 rem

139 1361 254 1405 auget
277 1359 380 1396 Paul.
406 1358 484 1394 Nol.
512 1370 541 1393 c.
567 1358 622 1399 32,
657 1357 679 1392 9
716 1368 875 1407 oraque
910 1358 1026 1392 mille
1056 1357 1175 1399 forent
1198 1359 1395 1392 centenis
1418 1369 1614 1402 persona

136 1420 305 1464 linquis
329 1429 360 1453 e.
387 1429 421 1462 q.
453 1429 498 1459 s.;
537 1428 682 1452 omnem
712 1416 863 1452 modum
895 1418 1016 1451 autem
1050 1415 1198 1451 excedit
1221 1416 1443 1452 Dracontius
1475 1416 1521 1452 de
1547 1418 1614 1452 deo

136 1478 206 1519 111,
224 1477 294 1513 354
315 1488 435 1522 seqq.:
460 1487 533 1512 mm
556 1478 589 1511 si
611 1476 698 1511 mihi
719 1475 837 1518 ferrea
853 1486 922 1511 vox
938 1477 995 1520 sit,
1022 1474 1096 1510 Ora
1113 1479 1166 1511 tot
1190 1480 1381 1521 exsurgant
1396 1480 1480 1520 quot
1496 1476 1614 1511 dentes

137 1537 275 1572 ossam
311 1535 428 1571 albem
451 1536 528 1570 Aut
550 1536 638 1570 mihi
660 1535 734 1570 sint
756 1536 898 1580 linquae
922 1538 1072 1579 quantos
1096 1538 1204 1579 caput
1232 1546 1332 1570 omne
1356 1535 1502 1580 capillos
1527 1535 1612 1570 Pec-

138 1594 238 1640 tinet,
262 1595 403 1640 wplebo
427 1605 609 1629 numerum
633 1595 710 1629 sine
731 1594 861 1636 fraude
883 1594 1027 1636 fidelem.

234 1665 291 1701 39.
341 1670 480 1701 aeterno
505 1676 714 1710 quamquam
739 1664 900 1700 Maeotia
918 1665 1032 1709 pubes
1055 1663 1176 1700 Marte
1199 1665 1319 1700 cadat:
1359 1665 1612 1701 coniunctivus

134 1725 241 1761 vadat
278 1736 353 1760 non
388 1724 529 1770 pendet
571 1736 593 1759 a
637 1724 894 1760 coniunctione
930 1735 1155 1769 quamquam,
1183 1735 1278 1759 cum
1313 1724 1481 1760 Valerius
1519 1725 1613 1760 nolit

136 1795 290 1820 narrare
316 1783 415 1829 quod
438 1795 479 1819 re
503 1794 591 1819 vera
615 1783 692 1823 fiat,
718 1783 794 1823 sed,
820 1784 862 1817 ut
888 1794 932 1818 ex
948 1784 1031 1819 tota
1056 1783 1243 1819 sententia
1269 1786 1434 1829 apparet,
1462 1783 1610 1829 aliquid,

137 1843 236 1890 quod
272 1843 353 1879 fieri
387 1842 515 1888 possit,
554 1843 716 1877 sumat:
754 1842 880 1887 itaque
905 1841 994 1877 desit
1023 1842 1150 1887 scripsi
1178 1854 1246 1888 pro
1279 1854 1322 1878 eo
1355 1843 1453 1888 quod
1484 1845 1541 1878 est
1574 1843 1612 1878 in

136 1901 224 1938 Vat.
250 1902 343 1945 defit.

230 1972 289 2009 40.
335 1973 485 2018 ‚aminis
509 1973 617 2008 arctis
649 1973 686 2007 et
716 1983 830 2017 unque
862 1971 962 2017 regio
987 1972 1283 2017 septentrionalis
1308 1972 1508 2016 indicatum
1547 1974 1611 2009 cfr.

135 2031 244 2077 Verg.
270 2042 396 2077 georg.
423 2031 452 2072 Ι,
478 2031 563 2073 244;
600 2030 666 2066 Ov.
691 2032 779 2066 met.
804 2030 853 2071 Π,
882 2031 965 2073 173;
1000 2030 1069 2072 ΠΙ,
1095 2031 1151 2065 45.
1203 2031 1258 2066 De
1282 2043 1419 2077 magno
1445 2032 1612 2076 gentium

137 2090 285 2126 illarum
308 2101 462 2126 numero
487 2089 555 2126 cfr.
581 2089 703 2125 Strab.
729 2089 791 2130 XL
817 2090 850 2129 2,
879 2089 936 2134 163
964 2090 1056 2124 Plin.
1083 2092 1160 2126 nat.
1186 2091 1270 2126 hist.
1296 2090 1358 2134 VI,
1386 2091 1440 2127 15.

230 2162 288 2197 41.
335 2162 431 2197 solas
456 2183 500 2188 —
523 2165 641 2207 qentes
671 2161 693 2197 i.
727 2172 756 2196 e.
794 2161 874 2196 sola
910 2161 1060 2196 nomina
1096 2161 1270 2207 gentium,
1309 2174 1383 2198 non
1419 2174 1612 2198 numerum

136 2220 307 2261 militum,
335 2219 401 2259 cfr.
426 2233 460 2255 v.
486 2221 542 2257 36.

230 2291 288 2327 42.
336 2291 418 2326 Iam
436 2291 602 2336 sequitur
618 2291 848 2327 enumeratio
865 2291 1042 2326 sociorum
1059 2291 1204 2332 Persae,
1230 2303 1304 2337 qua
1321 2292 1428 2328 affert
1445 2293 1610 2329 Valerius

139 2350 269 2386 ordine
294 2351 399 2386 certo
422 2362 495 2386 non
521 2350 720 2395 diligenter
745 2350 943 2385 observato
967 2351 1117 2386 nomina
1141 2351 1211 2386 sibi
1237 2353 1325 2387 nota
1343 2352 1510 2396 gentium
1526 2352 1610 2398 Scy-

139 2409 326 2444 thicarum
350 2409 438 2445 inde
469 2410 516 2444 ab
541 2409 709 2454 Europae
735 2409 942 2454 regionibus
969 2421 1084 2455 usque
1109 2410 1154 2445 ad
1182 2422 1284 2446 mare
1312 2410 1478 2456 Caspium
1506 2412 1609 2447 habi-

138 2468 301 2503 tantium
325 2468 449 2503 mixtis
474 2467 657 2513 nonnullis
683 2467 892 2503 nationibus
919 2479 940 2503 a
964 2469 1057 2504 mari
1084 2468 1215 2514 Caspio
1242 2470 1289 2504 ad
1313 2469 1460 2505 Indiam
1484 2482 1611 2506 versus

140 2525 393 2562 incolentibus.

235 2597 355 2637 Alani,
379 2597 480 2632 haud
503 2597 632 2643 procul
653 2597 699 2632 ab
717 2597 820 2633 ostiis
838 2597 924 2633 Istri
941 2599 1040 2644 apud
1057 2599 1150 2634 Plin.
1168 2599 1230 2639 IV,
1250 2599 1312 2641 80;
1339 2600 1457 2634 Amm.
1484 2602 1612 2636 contra

142 2654 273 2696 XXXI,
298 2656 330 2696 2.
357 2657 402 2691 13
426 2667 488 2692 eos
512 2658 616 2691 trans
641 2656 796 2691 Tanaim
821 2657 1010 2693 habitasse
1035 2658 1133 2697 dicit.
1160 2658 1226 2694 cfr.
1245 2659 1380 2695 Lucan.
1396 2659 1497 2700 VIIL
1523 2659 1609 2700 2233

139 2713 239 2749 Suet.
267 2714 400 2750 Domit.
427 2726 457 2751 c.
482 2716 521 2757 2;
547 2716 664 2750 Amm.
691 2715 828 2760 xxm,
853 2716 886 2757 5,
919 2716 977 2757 16,
1010 2717 1074 2752 ubi
1099 2717 1317 2753 Parthorum
1351 2720 1388 2752 et
1413 2718 1610 2754 Persarum

1330 2778 1376 2812 26
1469 2790 1471 2792 ·

1628 518 1665 547 40
