1890 3100
270 215 357 259 420
798 213 835 249 C.
862 212 1043 248 VALERI
1069 212 1244 248 FLACCI

379 346 453 371 nec
481 338 597 385 pater
625 332 852 372 horrentem
881 333 1055 371 colubris
1084 333 1279 384 vultuque
1307 332 1556 372 tremendam
1766 349 1821 379 175

379 398 608 449 Gorgoneo.
664 411 741 437 nee
769 398 991 437 semineces
1021 397 1235 436 ostendere
1265 398 1395 436 crines

377 470 535 515 tempus
565 463 695 502 adhuc
724 464 951 516 primasque
982 464 1074 501 sinit
1103 476 1339 502 concurrere
1368 476 1536 515 pugnas.

377 529 534 581 impulit
561 529 635 568 hos
665 518 813 568 eontra
830 530 991 568 Mavors
1019 535 1135 581 pater
1163 534 1204 567 et
1233 528 1339 567 mala
1365 528 1437 567 leti

380 593 540 634 Gaudia
566 594 869 646 'Esiphoneque
898 600 1018 646 eaput
1045 607 1117 646 per
1144 593 1283 632 nubila
1309 593 1458 632 tollens

379 659 431 698 ad
459 659 631 698 sonitum
659 659 748 698 litui
776 659 990 712 mediaque
1019 659 1214 697 altissima
1240 671 1377 710 pugna
1766 669 1822 700 180

378 724 549 763 necdum
578 725 687 763 clara
716 725 860 776 quibus
891 738 981 763 sese
1010 725 1126 776 Fuga
1153 724 1354 763 mentibus
1384 722 1517 762 addat.

272 837 511 872 transitivam
547 837 690 873 habent
726 837 831 872 velut
868 841 1052 882 aegrotare
1088 837 1255 872 anhelare
1292 837 1550 872 conterminare
1575 836 1621 871 al.
1650 837 1766 884 atque

274 897 388 932 etiam
415 908 471 942 ea,
495 897 534 931 in
560 896 694 943 quibus
719 896 890 932 notiones
921 895 1122 931 transitiva
1148 897 1187 931 et
1210 895 1450 931 intransitiva
1475 894 1555 932 fere
1580 895 1770 942 pariter

271 956 311 991 in
335 968 403 991 usu
429 956 593 996 fuerunt,
631 957 674 990 ut
699 955 831 990 durare
852 955 1034 999 festinare,
1074 955 1235 1002 denique
1262 966 1322 998 ea,
1350 966 1447 1002 quae
1472 955 1656 1001 saepius
1683 967 1768 991 cum

273 1015 427 1052 notione
464 1015 706 1050 intransitiva
742 1015 884 1060 scripta
921 1014 1170 1060 reperiuntur,
1207 1015 1251 1049 ut
1285 1014 1545 1050 incommodare
1567 1015 1769 1059 perdurare

274 1075 466 1120 quadrare,
493 1086 539 1110 ea
564 1074 644 1110 sola
669 1073 836 1119 afferam,
863 1086 1020 1121 quorum
1046 1073 1269 1119 significatio
1294 1066 1533 1109 intransitiva
1548 1074 1668 1110 rarior
1694 1075 1767 1112 est:

276 1134 482 1169 adulterare
506 1144 660 1179 aequare
686 1134 863 1180 (aequum
889 1133 1024 1175 facere,
1059 1144 1221 1180 aequum
1247 1133 1342 1176 esse)
1368 1133 1544 1168 altmaro
1567 1134 1770 1169 consociare
1833 1135 1839 1140 “

277 1193 416 1247 (Plaut.
442 1193 539 1231 Rud.
564 1193 648 1239 551)
673 1193 818 1236 fuscare
844 1192 954 1239 (Stat.
981 1192 1060 1227 silv.
1087 1192 1156 1234 ΠΙ,
1182 1192 1215 1233 4,
1243 1192 1303 1237 66)
1328 1192 1528 1227 humectare
1554 1192 1664 1238 (Plin.
1689 1194 1769 1229 nat.

275 1252 359 1288 hist.
388 1252 431 1293 X,
459 1253 523 1295 10;
550 1252 613 1295 XI,
642 1252 724 1298 145)
760 1256 942 1288 maturare
970 1252 1138 1296 pandare
1164 1251 1320 1297 (Vitruv.
1347 1250 1396 1293 ΙΙ,
1424 1250 1462 1297 9)
1486 1263 1657 1297 quassare
1678 1253 1767 1288 rea·-

270 1323 426 1357 proeare
449 1313 583 1347 siccare
607 1315 666 1347 tar
667 1312 763 1347 dare.

369 1371 528 1406 habendo
565 1371 589 1407 i.
629 1383 658 1407 e.
699 1371 895 1416 gestando,
933 1370 1149 1412 tractando3
1177 1369 1244 1406 cfr.
1271 1370 1376 1405 Luer.
1412 1369 1441 1412 Ι,
1479 1370 1550 1405 312
1575 1370 1705 1406 anulus
1728 1371 1769 1406 in

274 1431 385 1476 diyito
422 1431 542 1466 subter
578 1434 747 1466 tenuatur
771 1431 948 1472 habend03
993 1430 1058 1465 Ov.
1093 1441 1163 1465 am.
1190 1429 1220 1475 Ι,
1245 1429 1278 1471 8,
1310 1429 1355 1464 51
1381 1430 1488 1465 vestis
1512 1430 1606 1465 bona
1630 1431 1769 1475 quaerit

275 1490 398 1526 haberi
422 1489 445 1526 i.
474 1501 504 1526 e.
531 1491 636 1525 veste
662 1490 761 1525 bona
786 1489 967 1525 utendum
1005 1491 1078 1531 est;
1116 1488 1227 1534 Verg.
1253 1489 1344 1524 Aen
1372 1488 1456 1530 XII,
1482 1488 1530 1524 88
1562 1500 1637 1536 seq.
1664 1490 1771 1525 simul

275 1553 379 1595 aptat
421 1549 580 1584 habendo
606 1549 804 1594 Ensemque
841 1550 1056 1594 clipeumque
1093 1552 1125 1583 et
1162 1549 1293 1583 rubrae
1328 1558 1463 1583 cornua
1493 1548 1639 1591 mistam
1680 1548 1767 1584 Tac.

277 1620 362 1646 ann.
388 1608 416 1650 Ι,
444 1607 466 1643 9
509 1619 600 1653 quae
634 1609 768 1654 (arma)
802 1619 912 1653 neque
930 1609 1063 1652 parari
1093 1611 1242 1653 possent
1277 1617 1388 1652 neque
1411 1607 1535 1642 haberi
1565 1618 1635 1651 per
1658 1608 1771 1644 bonas
1887 1643 1890 1654 2

276 1672 372 1704 artes
379 1681 391 1713 ‚-
428 1667 480 1703 sic
518 1667 658 1713 legitur
682 1669 917 1703 caerimonias
942 1668 1069 1702 habere
1100 1678 1185 1703 ann.
1212 1666 1274 1712 XI,
1315 1666 1379 1711 153
1409 1667 1637 1711 provinciam
1662 1677 1772 1702 avare
1879 1660 1890 1728 ἐ

276 1728 356 1763 hab.
384 1727 489 1769 XIII,
516 1727 574 1772 30,
609 1727 655 1763 al.
1884 1731 1890 1768 ξ

372 1786 518 1832 Aegide
543 1786 714 1822 Minerva
738 1786 876 1822 milites
901 1786 1110 1821 inflammat
1136 1785 1238 1831 apud
1262 1785 1368 1821 Hom.
1395 1785 1440 1821 Il.
1465 1784 1514 1828 II,
1539 1785 1610 1820 446
1635 1796 1741 1833 seqq.
1881 1771 1890 1803 ἓ

375 1852 454 1888 176.
507 1852 578 1888 Cur
611 1852 745 1898 capitis
773 1852 960 1898 Gorgonei
999 1852 1118 1887 crines
1152 1852 1339 1887 semineces
1362 1851 1478 1897 poeta
1503 1850 1659 1893 dixerit,
1696 1858 1772 1887 non

280 1912 373 1948 satis
413 1911 542 1957 liquet.
604 1912 699 1947 Phil.
725 1912 894 1957 Wagner
920 1923 1004 1948 ann.
1036 1911 1126 1957 phil.
1153 1910 1209 1952 89,
1236 1910 1307 1946 393
1330 1911 1444 1956 putat
1469 1921 1550 1946 esse
1573 1909 1774 1956 languidos

281 1974 397 2019 atque
437 1971 530 2017 erigi
568 1971 640 2008 dea
675 1972 863 2007 irascente
903 1971 982 2007 coll.
1010 1971 1120 2016 Verg.
1147 1971 1237 2006 Aen.
1264 1969 1346 2012 VII,
1373 1969 1454 2015 450,
1481 1969 1545 2016 qui
1568 1969 1672 2005 loeus
1696 1981 1772 2006 non

282 2031 457 2078 quadrat,
485 2031 624 2078 quippe
648 2032 713 2067 ubi
738 2033 850 2077 poeta
875 2032 922 2067 de
947 2031 1068 2067 vivis
1094 2030 1229 2066 Furiae
1254 2029 1490 2076 serpentibus
1516 2028 1629 2065 dicat.

378 2090 457 2126 177.
508 2101 714 2126 concurrere
732 2102 894 2136 pameas:
921 2090 987 2126 cfr.
1006 2090 1118 2135 Verg.
1144 2100 1267 2135 georg.
1294 2089 1324 2131 I,
1350 2088 1420 2124 318
1444 2088 1565 2124 onmia
1589 2091 1773 2124 ventorum

282 2160 491 2186 eonem-rere
514 2150 651 2194 proelia
676 2150 767 2193 vidi;
795 2150 880 2185 Luc.
906 2151 934 2191 I,
960 2149 1008 2184 40
1032 2149 1158 2185 ultima
1184 2169 1226 2175 -
1253 2151 1468 2184 conam-ram
1486 2147 1639 2192 proelia.

377 2209 458 2245 178.
507 2209 563 2244 De
589 2208 776 2245 sententia
794 2210 859 2245 cfr.
878 2208 983 2244 Hom.
1002 2208 1046 2243 ΙΙ.
1065 2207 1127 2250 IV,
1148 2207 1227 2249 439,
1247 2206 1312 2242 ubi
1330 2206 1377 2242 ab
1397 2206 1519 2242 altera
1534 2206 1642 2251 parte
1659 2206 1772 2248 Mars,

282 2269 330 2304 ab
358 2269 480 2304 altera
505 2268 675 2304 Minerva
699 2268 838 2304 milites
862 2267 1031 2313 instigat.

376 2328 471 2362 mala
507 2328 567 2363 leti
601 2327 747 2363 Gaudia
781 2327 877 2363 mira
927 2327 1087 2363 fortasse
1123 2326 1310 2371 videntur,
1349 2325 1518 2373 quamvis
1555 2325 1686 2361 notum
1723 2324 1772 2360 sit
1854 2362 1867 2368 „

282 2386 446 2423 studium
470 2387 668 2432 poetarum
685 2387 938 2423 Romanorum
962 2386 1131 2422 notiones
1158 2397 1251 2433 quas
1275 2397 1343 2421 nos
1359 2396 1535 2421 vocamus
1559 2384 1775 2420 abstractas
1846 2415 1865 2435 r.

281 2448 464 2494 tanquam
487 2457 665 2492 personas
690 2446 866 2491 fingendi,
894 2446 941 2482 de
968 2458 1041 2493 quo
1067 2445 1133 2481 cfr.
1162 2445 1210 2481 ad
1234 2445 1285 2487 Π,
1311 2444 1392 2490 204,
1417 2443 1485 2480 sed
1497 2443 1607 2488 Verg.
1626 2454 1776 2490 quoque

282 2507 373 2542 Aen.
400 2505 462 2550 VI,
500 2504 570 2540 278
606 2505 913 2541 commemoravit
949 2506 1045 2540 mah
1082 2506 1208 2540 mentis
1235 2504 1390 2544 Gaudia,
1417 2514 1514 2581 quae
1551 2502 1709 2538 sedeant
1732 2502 1774 2538 in
1844 2495 1880 2557 J

284 2565 455 2602 faucibus
481 2564 577 2601 Orci.
1850 2558 1857 2570 ¹

381 2624 460 2662 179.
514 2624 704 2669 Rsiphorie
727 2635 874 2669 pugnae
899 2622 1058 2659 interest
1084 2623 1199 2660 etiam
1222 2621 1292 2668 ΠΙ,
1317 2622 1397 2659 214.

381 2684 461 2720 181.
509 2683 561 2719 Ut
585 2683 654 2719 hoc
684 2683 766 2719 loco
791 2682 915 2728 vaa,
943 2682 995 2718 sic
1019 2682 1143 2718 Pavor
1168 2682 1225 2717 est
1248 2681 1287 2716 in
1313 2680 1493 2716 comitatu
1517 2679 1649 2716 Martis
1674 2678 1772 2716 Stat.
