1890 3100
188 232 273 277 452
732 232 769 269 O.
795 232 975 268 VALERI
1002 232 1175 269 FLACOI

295 365 460 390 cernere
488 365 564 390 nec
592 352 749 404 galeam
778 358 919 404 gentes
948 358 1115 404 potuere
1143 352 1371 400 minantem,

297 416 367 455 sed
395 416 576 469 trepidae
604 417 775 456 redeunt
803 423 844 456 et
870 430 987 456 verso
1016 417 1184 456 vulnera
1211 423 1325 468 tergo
1675 420 1730 450 520

296 483 494 534 accipiunt
522 483 758 536 magnisque
787 484 922 535 fugam
952 483 1190 522 clamoribus
1211 483 1390 535 augent),

298 548 464 600 proterit
492 548 666 600 impulsu
695 549 826 600 gravis
857 549 1015 600 agmina
1043 562 1288 600 corporaque
1318 549 1416 587 actis

299 614 440 652 sternit
468 615 580 667 equis
609 615 862 666 gemitusque
890 614 1034 666 premit
1063 614 1247 665 spirantis
1278 614 1421 652 acervi.

295 693 370 718 nec
398 679 526 718 levior
554 679 763 718 comitatur
790 680 913 726 Aron,
944 679 1147 717 horrentia
1175 679 1287 717 cuius

297 744 468 783 discolor
497 758 606 783 arma
636 758 755 796 super
784 745 1098 797 squalentesque
1127 758 1220 783 aere
1249 744 1421 783 lacertos
1677 765 1731 795 525

297 810 506 849 barbarica
534 810 713 861 chlamys
744 809 857 848 ardet
886 823 960 848 acu
988 809 1304 862 tremefactaque
1332 815 1453 848 vento

297 875 437 927 implet
466 888 624 927 equum,
656 875 785 927 qualis
815 875 940 913 roseis
969 875 1000 912 it
1027 875 1190 913 Lucifer
1218 875 1304 923 alis,

299 954 417 993 quem
445 941 583 979 Venus
612 940 757 978 illustri
786 940 937 991 gaudet
963 939 1184 991 producere
1215 941 1338 979 caelo.

299 1011 339 1044 at
366 1020 447 1044 non
475 1005 568 1044 inde
597 1005 736 1057 procul
765 1005 984 1043 Rambelus
1015 1011 1055 1043 et
1084 1019 1176 1044 acer
1205 1004 1358 1044 Otaxes

300 1071 548 1123 dispulerant
578 1069 752 1109 Colchos
781 1070 1008 1122 pariterque
1037 1070 1230 1122 inglorius
1258 1071 1414 1118 Armffi,
1675 1098 1730 1128 530

298 1136 438 1175 fraude
468 1150 573 1175 nova
602 1135 762 1174 stabula
790 1141 830 1174 et
858 1135 975 1174 f'urtis
1004 1135 1196 1174 adsuetus
1224 1135 1360 1174 inultis

298 1201 543 1254 depopulare
572 1214 729 1253 greges,
758 1201 929 1239 frontem
959 1214 1048 1238 cum
1078 1200 1261 1239 cornibus
1291 1201 1402 1239 auxit

297 1266 478 1319 hispidus
507 1267 628 1319 inque
659 1266 724 1305 dei
751 1266 867 1304 latuit
895 1271 1046 1304 terrore
1075 1266 1238 1317 Lycaei.

299 1333 376 1371 hac
403 1337 500 1370 tunc
528 1332 715 1371 attonitos
744 1331 847 1370 facie
877 1330 1071 1369 defixerat
1097 1331 1246 1369 hostes.

289 1457 369 1494 519.
418 1457 555 1502 yaleam
592 1457 803 1492 minantem:
841 1456 906 1494 cfr.
945 1456 1051 1491 Hom.
1089 1455 1132 1491 Il.
1172 1454 1240 1497 ΠΙ,
1280 1454 1349 1490 337
1389 1455 1494 1492 δεινὸν
1522 1455 1560 1491 δὲ
1584 1456 1684 1501 λόφος

193 1519 401 1563 καθύπερθεν
427 1513 531 1553 ἔνευεν
558 1516 596 1551 et
614 1515 772 1551 similem
791 1515 995 1560 locum'VI,
1012 1514 1099 1562 4703
1126 1514 1208 1550 Val.
1230 1514 1310 1556 VII,
1329 1514 1415 1557 577;
1443 1513 1538 1550 Stat.
1565 1514 1681 1552 Theb.

194 1577 255 1620 IV,
283 1576 364 1612 204.

291 1635 369 1670 520.
420 1635 586 1670 redeunt:
612 1635 650 1669 in
676 1634 805 1679 fugam
831 1646 870 1670 se
895 1634 1064 1676 vertunt3
1091 1633 1157 1669 cfr.
1179 1633 1274 1672 Stat.
1295 1633 1411 1669 Theb.
1436 1633 1483 1675 X,
1512 1632 1580 1668 199
1601 1633 1683 1678 pul-

192 1696 292 1742 sique
315 1696 356 1731 in
380 1699 481 1740 terqa
504 1694 675 1736 redimus;
705 1693 851 1739 Coripp.
877 1693 956 1729 Ioh.
982 1693 1044 1734 IV,
1072 1692 1152 1728 855.

288 1755 368 1791 522.
413 1755 567 1799 proterit
592 1755 751 1799 aymina:
770 1753 880 1798 Verg.
898 1753 990 1788 Aen.
1008 1752 1094 1794 XII,
1121 1751 1207 1795 329;
1234 1753 1324 1788 atris
1335 1752 1430 1793 Vat.,
1459 1752 1548 1787 actis
1571 1751 1685 1787 Hein-

194 1814 286 1857 sius;
319 1825 407 1850 nam
433 1814 535 1849 atros
561 1824 674 1858 equos
700 1812 773 1848 dici
797 1812 951 1858 pulvere
976 1811 1155 1853 sordidos,
1181 1812 1224 1846 ut
1247 1812 1360 1856 Verg.
1386 1813 1476 1847 Aen.
1502 1810 1588 1853 XII,
1615 1810 1686 1846 450

193 1885 330 1920 aqmen,
356 1874 428 1909 hoc
454 1872 604 1918 quidem
627 1872 709 1908 loco
735 1883 809 1907 non
833 1871 1030 1918 probabile
1055 1871 1215 1907 videtur.

289 1933 369 1970 524.
419 1933 539 1968 Aron:
562 1931 605 1974 V,
634 1931 700 1967 587
727 1942 828 1976 seqq.

289 1992 368 2028 526.
419 1992 521 2028 ardet
546 2003 614 2027 acu
637 1991 660 2026 i.
694 2003 724 2027 e.
758 2002 828 2026 acu
853 1990 1047 2036 splendide
1071 1989 1175 2035 picta
1200 1990 1274 2032 est3
1313 1989 1360 2025 de
1386 1987 1543 2025 ardendi
1567 1987 1684 2024 verbo

195 2052 262 2089 cfr.
290 2052 339 2087 ad
365 2051 393 2094 I,
420 2051 506 2094 3463
532 2051 622 2093 4003
649 2050 730 2086 427.

290 2111 562 2155 tremefactaque
585 2114 704 2145 vento:
731 2109 795 2145 Ov.
822 2110 911 2146 met.
937 2109 986 2154 Π,
1011 2108 1100 2152 875;
1129 2108 1234 2143 Lucr.
1260 2108 1321 2150 IV,
1349 2107 1405 2142 75.

289 2171 369 2206 527.
419 2171 539 2215 implet
565 2181 689 2214 equum
712 2169 737 2205 i.
764 2180 794 2204 e.
820 2170 943 2204 totum
967 2168 1074 2214 tegit,
1100 2169 1143 2203 ut
1162 2167 1226 2203 Ov.
1244 2168 1334 2203 met.
1359 2167 1387 2209 I,
1414 2166 1499 2209 723;
1524 2166 1570 2208 X,
1597 2165 1684 2211 4193

194 2230 280 2266 Luc.
307 2230 373 2271 IX,
400 2229 456 2264 60.

292 2288 509 2333 Luciferum,
547 2288 696 2324 stellam
719 2287 883 2329 Veneris,
915 2287 997 2333 ipsa
1023 2287 1094 2322 dea
1120 2286 1157 2322 in
1183 2286 1286 2322 caelo
1305 2285 1503 2330 producere
1527 2284 1683 2327 dicitur;

195 2359 318 2385 roseae
354 2349 433 2383 alae
470 2347 503 2383 ei
544 2347 771 2389 tribuuntur,
810 2347 909 2392 quod
946 2346 1013 2381 sub
1046 2345 1244 2391 splendore
1281 2355 1437 2381 aurorae
1468 2343 1604 2386 oritur;
1637 2343 1684 2379 de

198 2407 478 2454 comparatione
504 2406 569 2442 cfr.
595 2406 706 2451 Verg.
733 2407 822 2441 Aen.
850 2406 952 2447 VIII,
979 2405 1049 2440 589
1074 2416 1148 2450 seq.

295 2467 373 2503 531.
421 2466 551 2509 fraude
586 2477 679 2501 nova
715 2477 765 2500 sc.
790 2465 902 2500 Panis
940 2464 1062 2510 specie
1098 2464 1250 2499 indutus
1283 2462 1453 2499 cornibus
1487 2462 1526 2498 et
1550 2461 1684 2497 villosa

197 2527 298 2574 pelle
323 2525 541 2572 adsumptis.

298 2585 378 2621 532.
428 2585 642 2630 depopubzre
675 2594 795 2629 yreyes
830 2582 854 2618 i.
893 2594 924 2621 o.
957 2583 1141 2628 praedam
1167 2593 1301 2628 capere
1327 2592 1372 2617 ex
1397 2579 1585 2626 greg-ibus,
1613 2579 1682 2616 cfr.

200 2645 275 2685 Sid.
305 2657 335 2684 c.
361 2645 427 2688 IX,
456 2645 524 2679 122
549 2644 741 2689 hospitales
764 2646 890 2688 raptor
915 2642 1047 2688 (Paris)
1074 2642 1308 2687 depopulatus
1334 2644 1384 2676 est
1408 2639 1587 2686 Amycus.

295 2704 375 2741 533.
426 2703 510 2740 Non
534 2703 724 2739 insolitum
750 2703 807 2738 est
831 2692 995 2737 terrorem
1022 2701 1146 2736 dicere
1164 2712 1233 2746 pro
1256 2711 1297 2736 re
1313 2699 1466 2735 terroris
1485 2698 1685 2740 efficiente,
