<?xml version="1.0" encoding="UTF-8"?>
<!DOCTYPE html PUBLIC "-//W3C//DTD XHTML 1.0 Transitional//EN"
    "http://www.w3.org/TR/xhtml1/DTD/xhtml1-transitional.dtd">
<html xmlns="http://www.w3.org/1999/xhtml" xml:lang="en" lang="en">
 <head>
  <title>
</title>
<meta http-equiv="Content-Type" content="text/html;charset=utf-8" />
  <meta name='ocr-system' content='tesseract 3.04.00' />
  <meta name='ocr-capabilities' content='ocr_page ocr_carea ocr_par ocr_line ocrx_word'/>
</head>
<body>
  <div class='ocr_page' id='page_1' title='image "argonauticonlibr00valeuoft_0520.png"; bbox 0 0 1890 3100; ppageno 0'>
   <div class='ocr_carea' id='block_1_1' title="bbox 300 204 1262 250">
    <p class='ocr_par' dir='ltr' id='par_1_1' title="bbox 300 204 1262 250">
     <span class='ocr_line' id='line_1_1' title="bbox 300 204 1262 250; baseline -0.011 0"><span class='ocrx_word' id='word_1_1' title='bbox 300 205 386 250; x_wconf 82' lang='lat'>502</span> <span class='ocrx_word' id='word_1_2' title='bbox 821 204 859 241; x_wconf 79' lang='lat' dir='ltr'>C.</span> <span class='ocrx_word' id='word_1_3' title='bbox 885 205 1065 240; x_wconf 80' lang='lat' dir='ltr'><strong>VALERI</strong></span> <span class='ocrx_word' id='word_1_4' title='bbox 1089 205 1262 241; x_wconf 75' lang='lat' dir='ltr'>FLAoci</span> 
     </span>
    </p>
   </div>
   <div class='ocr_carea' id='block_1_2' title="bbox 397 324 1833 1489">
    <p class='ocr_par' dir='ltr' id='par_1_2' title="bbox 406 324 1449 364">
     <span class='ocr_line' id='line_1_2' title="bbox 406 324 1449 364; baseline 0.001 -1"><span class='ocrx_word' id='word_1_5' title='bbox 406 325 546 363; x_wconf 83' lang='lat' dir='ltr'>haeret</span> <span class='ocrx_word' id='word_1_6' title='bbox 575 329 616 363; x_wconf 90' lang='lat' dir='ltr'>et</span> <span class='ocrx_word' id='word_1_7' title='bbox 645 324 833 363; x_wconf 87' lang='lat' dir='ltr'>attollens</span> <span class='ocrx_word' id='word_1_8' title='bbox 862 325 931 363; x_wconf 82' lang='lat' dir='ltr'>vix</span> <span class='ocrx_word' id='word_1_9' title='bbox 958 324 1120 363; x_wconf 87' lang='lat' dir='ltr'>tandem</span> <span class='ocrx_word' id='word_1_10' title='bbox 1150 325 1300 363; x_wconf 88' lang='lat' dir='ltr'>lumina</span> <span class='ocrx_word' id='word_1_11' title='bbox 1328 325 1449 364; x_wconf 82' lang='lat' dir='ltr'>fatur:</span> 
     </span>
    </p>

    <p class='ocr_par' dir='ltr' id='par_1_3' title="bbox 407 390 1567 443">
     <span class='ocr_line' id='line_1_3' title="bbox 407 390 1567 443; baseline 0 -15"><span class='ocrx_word' id='word_1_12' title='bbox 407 390 524 443; x_wconf 81' lang='lat' dir='ltr'>‘quid‚</span> <span class='ocrx_word' id='word_1_13' title='bbox 554 403 705 442; x_wconf 80' lang='lat' dir='ltr'>precor,</span> <span class='ocrx_word' id='word_1_14' title='bbox 735 390 775 428; x_wconf 90' lang='lat' dir='ltr'>in</span> <span class='ocrx_word' id='word_1_15' title='bbox 803 396 958 429; x_wconf 85' lang='lat' dir='ltr'>nostras</span> <span class='ocrx_word' id='word_1_16' title='bbox 987 391 1144 438; x_wconf 87' lang='lat' dir='ltr'>venisti,</span> <span class='ocrx_word' id='word_1_17' title='bbox 1174 391 1383 438; x_wconf 89' lang='lat' dir='ltr'>Thessale,</span> <span class='ocrx_word' id='word_1_18' title='bbox 1414 390 1567 430; x_wconf 83' lang='lat' dir='ltr'>terras?</span> 
     </span>
    </p>

    <p class='ocr_par' dir='ltr' id='par_1_4' title="bbox 404 455 1387 508">
     <span class='ocr_line' id='line_1_4' title="bbox 404 455 1387 508; baseline 0 -14"><span class='ocrx_word' id='word_1_19' title='bbox 404 455 511 494; x_wconf 88' lang='lat' dir='ltr'>unde</span> <span class='ocrx_word' id='word_1_20' title='bbox 539 456 619 494; x_wconf 91' lang='lat' dir='ltr'>mei</span> <span class='ocrx_word' id='word_1_21' title='bbox 647 469 739 507; x_wconf 83' lang='lat' dir='ltr'>spes</span> <span class='ocrx_word' id='word_1_22' title='bbox 768 456 851 494; x_wconf 86' lang='lat' dir='ltr'>ulla</span> <span class='ocrx_word' id='word_1_23' title='bbox 879 455 981 494; x_wconf 82' lang='lat' dir='ltr'>tibi?</span> <span class='ocrx_word' id='word_1_24' title='bbox 1009 462 1222 508; x_wconf 86' lang='lat' dir='ltr'>tantosque</span> <span class='ocrx_word' id='word_1_25' title='bbox 1251 457 1387 508; x_wconf 86' lang='lat' dir='ltr'>petisti</span> 
     </span>
    </p>

    <p class='ocr_par' dir='ltr' id='par_1_5' title="bbox 404 521 1328 573">
     <span class='ocr_line' id='line_1_5' title="bbox 404 521 1328 573; baseline 0.001 -14"><span class='ocrx_word' id='word_1_26' title='bbox 404 534 473 559; x_wconf 86' lang='lat' dir='ltr'>cur</span> <span class='ocrx_word' id='word_1_27' title='bbox 500 535 581 559; x_wconf 92' lang='lat' dir='ltr'>non</span> <span class='ocrx_word' id='word_1_28' title='bbox 608 521 694 573; x_wconf 80' lang='lat' dir='ltr'>ipse</span> <span class='ocrx_word' id='word_1_29' title='bbox 723 526 793 559; x_wconf 87' lang='lat' dir='ltr'>tua</span> <span class='ocrx_word' id='word_1_30' title='bbox 820 521 946 559; x_wconf 84' lang='lat' dir='ltr'>fretus</span> <span class='ocrx_word' id='word_1_31' title='bbox 975 522 1122 559; x_wconf 86' lang='lat' dir='ltr'>virtute</span> <span class='ocrx_word' id='word_1_32' title='bbox 1142 521 1328 560; x_wconf 80' lang='lat' dir='ltr'>labores?</span> 
     </span>
    </p>

    <p class='ocr_par' dir='ltr' id='par_1_6' title="bbox 402 586 1829 770">
     <span class='ocr_line' id='line_1_6' title="bbox 402 586 1829 638; baseline 0.004 -14"><span class='ocrx_word' id='word_1_33' title='bbox 402 600 558 638; x_wconf 87' lang='lat' dir='ltr'>nempe,</span> <span class='ocrx_word' id='word_1_34' title='bbox 590 600 665 638; x_wconf 84' lang='lat' dir='ltr'>ego</span> <span class='ocrx_word' id='word_1_35' title='bbox 696 587 728 624; x_wconf 91' lang='lat' dir='ltr'>si</span> <span class='ocrx_word' id='word_1_36' title='bbox 756 587 892 638; x_wconf 86' lang='lat' dir='ltr'>patriis</span> <span class='ocrx_word' id='word_1_37' title='bbox 922 587 1142 625; x_wconf 83' lang='lat' dir='ltr'>timuissem</span> <span class='ocrx_word' id='word_1_38' title='bbox 1171 586 1369 625; x_wconf 80' lang='lat' dir='ltr'>excedere</span> <span class='ocrx_word' id='word_1_39' title='bbox 1397 588 1526 634; x_wconf 80' lang='lat' dir='ltr'>tectis,</span> <span class='ocrx_word' id='word_1_40' title='bbox 1774 599 1829 629; x_wconf 86' lang='lat'>440</span> 
     </span>
     <span class='ocr_line' id='line_1_7' title="bbox 404 651 1686 704; baseline 0.001 -14"><span class='ocrx_word' id='word_1_41' title='bbox 404 651 620 699; x_wconf 87' lang='lat' dir='ltr'>occideras,</span> <span class='ocrx_word' id='word_1_42' title='bbox 651 665 794 703; x_wconf 86' lang='lat' dir='ltr'>nempe</span> <span class='ocrx_word' id='word_1_43' title='bbox 825 652 927 690; x_wconf 90' lang='lat' dir='ltr'>hanc</span> <span class='ocrx_word' id='word_1_44' title='bbox 957 653 1128 690; x_wconf 87' lang='lat' dir='ltr'>animam</span> <span class='ocrx_word' id='word_1_45' title='bbox 1156 666 1247 704; x_wconf 89' lang='lat' dir='ltr'>pars</span> <span class='ocrx_word' id='word_1_46' title='bbox 1278 666 1400 691; x_wconf 85' lang='lat' dir='ltr'>saeva</span> <span class='ocrx_word' id='word_1_47' title='bbox 1428 653 1616 691; x_wconf 89' lang='lat' dir='ltr'>manebat</span> <span class='ocrx_word' id='word_1_48' title='bbox 1664 659 1686 683; x_wconf 62' lang='lat' dir='ltr'>d</span> 
     </span>
     <span class='ocr_line' id='line_1_8' title="bbox 402 707 1657 770; baseline 0 -14"><span class='ocrx_word' id='word_1_49' title='bbox 402 718 564 757; x_wconf 86' lang='lat' dir='ltr'>funeris.</span> <span class='ocrx_word' id='word_1_50' title='bbox 597 732 648 757; x_wconf 91' lang='lat' dir='ltr'>en</span> <span class='ocrx_word' id='word_1_51' title='bbox 676 718 744 756; x_wconf 87' lang='lat' dir='ltr'>ubi</span> <span class='ocrx_word' id='word_1_52' title='bbox 772 719 885 766; x_wconf 90' lang='lat' dir='ltr'>Iuno,</span> <span class='ocrx_word' id='word_1_53' title='bbox 915 718 984 756; x_wconf 88' lang='lat' dir='ltr'>ubi</span> <span class='ocrx_word' id='word_1_54' title='bbox 1012 732 1117 756; x_wconf 91' lang='lat' dir='ltr'>nunc</span> <span class='ocrx_word' id='word_1_55' title='bbox 1145 719 1325 757; x_wconf 84' lang='lat' dir='ltr'>Tritonia</span> <span class='ocrx_word' id='word_1_56' title='bbox 1353 717 1492 770; x_wconf 78' lang='lat' dir='ltr'>virgo?</span> <span class='ocrx_word' id='word_1_57' title='bbox 1607 707 1609 709; x_wconf 27' lang='lat'><strong><em>¹</em></strong></span> <span class='ocrx_word' id='word_1_58' title='bbox 1655 710 1657 715; x_wconf 43' lang='lat'><strong>¹</strong></span> 
     </span>
    </p>

    <p class='ocr_par' dir='ltr' id='par_1_7' title="bbox 401 783 1405 835">
     <span class='ocr_line' id='line_1_9' title="bbox 401 783 1405 835; baseline 0 -13"><span class='ocrx_word' id='word_1_59' title='bbox 401 784 487 822; x_wconf 89' lang='lat' dir='ltr'>sola</span> <span class='ocrx_word' id='word_1_60' title='bbox 514 784 587 822; x_wconf 90' lang='lat' dir='ltr'>tibi</span> <span class='ocrx_word' id='word_1_61' title='bbox 616 783 723 835; x_wconf 90' lang='lat' dir='ltr'>quod</span> <span class='ocrx_word' id='word_1_62' title='bbox 750 784 829 821; x_wconf 92' lang='lat' dir='ltr'>iam</span> <span class='ocrx_word' id='word_1_63' title='bbox 857 784 977 821; x_wconf 88' lang='lat' dir='ltr'>tantis</span> <span class='ocrx_word' id='word_1_64' title='bbox 1007 784 1048 821; x_wconf 93' lang='lat' dir='ltr'>in</span> <span class='ocrx_word' id='word_1_65' title='bbox 1077 783 1234 822; x_wconf 84' lang='lat' dir='ltr'>casibus</span> <span class='ocrx_word' id='word_1_66' title='bbox 1264 784 1405 822; x_wconf 83' lang='lat' dir='ltr'>adsum</span> 
     </span>
    </p>

    <p class='ocr_par' dir='ltr' id='par_1_8' title="bbox 402 848 1324 900">
     <span class='ocr_line' id='line_1_10' title="bbox 402 848 1324 900; baseline 0 -12"><span class='ocrx_word' id='word_1_67' title='bbox 402 855 592 888; x_wconf 83' lang='lat' dir='ltr'>externae</span> <span class='ocrx_word' id='word_1_68' title='bbox 621 849 762 900; x_wconf 83' lang='lat' dir='ltr'>regina</span> <span class='ocrx_word' id='word_1_69' title='bbox 790 848 941 895; x_wconf 88' lang='lat' dir='ltr'>domus,</span> <span class='ocrx_word' id='word_1_70' title='bbox 975 849 1128 887; x_wconf 88' lang='lat' dir='ltr'>miraris</span> <span class='ocrx_word' id='word_1_71' title='bbox 1159 855 1198 887; x_wconf 86' lang='lat' dir='ltr'>et</span> <span class='ocrx_word' id='word_1_72' title='bbox 1226 849 1324 900; x_wconf 87' lang='lat' dir='ltr'>ipse,</span> 
     </span>
    </p>

    <p class='ocr_par' dir='ltr' id='par_1_9' title="bbox 401 914 1829 1032">
     <span class='ocr_line' id='line_1_11' title="bbox 401 914 1829 965; baseline 0.001 -13"><span class='ocrx_word' id='word_1_73' title='bbox 401 914 531 962; x_wconf 89' lang='lat' dir='ltr'>credo,</span> <span class='ocrx_word' id='word_1_74' title='bbox 561 928 636 952; x_wconf 87' lang='lat' dir='ltr'>nec</span> <span class='ocrx_word' id='word_1_75' title='bbox 666 919 889 965; x_wconf 82' lang='lat' dir='ltr'>agnoscunt</span> <span class='ocrx_word' id='word_1_76' title='bbox 916 914 992 952; x_wconf 90' lang='lat' dir='ltr'>hae</span> <span class='ocrx_word' id='word_1_77' title='bbox 1022 927 1128 952; x_wconf 86' lang='lat' dir='ltr'>nunc</span> <span class='ocrx_word' id='word_1_78' title='bbox 1148 914 1322 953; x_wconf 84' lang='lat' dir='ltr'>Aeetida</span> <span class='ocrx_word' id='word_1_79' title='bbox 1351 914 1488 954; x_wconf 86' lang='lat' dir='ltr'>silvae.</span> <span class='ocrx_word' id='word_1_80' title='bbox 1774 918 1829 948; x_wconf 82' lang='lat'>445</span> 
     </span>
     <span class='ocr_line' id='line_1_12' title="bbox 406 979 1507 1032; baseline 0.001 -15"><span class='ocrx_word' id='word_1_81' title='bbox 406 979 478 1018; x_wconf 90' lang='lat' dir='ltr'>sed</span> <span class='ocrx_word' id='word_1_82' title='bbox 511 980 603 1018; x_wconf 85' lang='lat' dir='ltr'>fatis</span> <span class='ocrx_word' id='word_1_83' title='bbox 634 993 721 1018; x_wconf 88' lang='lat' dir='ltr'>sum</span> <span class='ocrx_word' id='word_1_84' title='bbox 749 980 857 1017; x_wconf 87' lang='lat' dir='ltr'>victa</span> <span class='ocrx_word' id='word_1_85' title='bbox 884 980 982 1027; x_wconf 81' lang='lat' dir='ltr'>tuis3</span> <span class='ocrx_word' id='word_1_86' title='bbox 1013 993 1112 1031; x_wconf 87' lang='lat' dir='ltr'>cape</span> <span class='ocrx_word' id='word_1_87' title='bbox 1141 993 1306 1018; x_wconf 90' lang='lat' dir='ltr'>munera</span> <span class='ocrx_word' id='word_1_88' title='bbox 1335 980 1507 1032; x_wconf 82' lang='lat' dir='ltr'>supplex</span> 
     </span>
    </p>

    <p class='ocr_par' dir='ltr' id='par_1_10' title="bbox 397 1044 1594 1097">
     <span class='ocr_line' id='line_1_13' title="bbox 397 1044 1594 1097; baseline -0.001 -14"><span class='ocrx_word' id='word_1_89' title='bbox 397 1059 503 1083; x_wconf 92' lang='lat' dir='ltr'>nunc</span> <span class='ocrx_word' id='word_1_90' title='bbox 531 1058 639 1093; x_wconf 80' lang='lat' dir='ltr'>mea3</span> <span class='ocrx_word' id='word_1_91' title='bbox 669 1051 790 1097; x_wconf 89' lang='lat' dir='ltr'>teque</span> <span class='ocrx_word' id='word_1_92' title='bbox 819 1045 964 1083; x_wconf 90' lang='lat' dir='ltr'>iterum</span> <span class='ocrx_word' id='word_1_93' title='bbox 992 1044 1127 1083; x_wconf 86' lang='lat' dir='ltr'>Pelias</span> <span class='ocrx_word' id='word_1_94' title='bbox 1158 1045 1191 1083; x_wconf 89' lang='lat' dir='ltr'>si</span> <span class='ocrx_word' id='word_1_95' title='bbox 1218 1044 1386 1096; x_wconf 88' lang='lat' dir='ltr'>perdere</span> <span class='ocrx_word' id='word_1_96' title='bbox 1416 1051 1594 1097; x_wconf 86' lang='lat' dir='ltr'>quaeret,</span> 
     </span>
    </p>

    <p class='ocr_par' dir='ltr' id='par_1_11' title="bbox 402 1110 1404 1163">
     <span class='ocr_line' id='line_1_14' title="bbox 402 1110 1404 1163; baseline 0 -14"><span class='ocrx_word' id='word_1_97' title='bbox 402 1111 524 1163; x_wconf 89' lang='lat' dir='ltr'>inque</span> <span class='ocrx_word' id='word_1_98' title='bbox 554 1111 653 1149; x_wconf 91' lang='lat' dir='ltr'>alios</span> <span class='ocrx_word' id='word_1_99' title='bbox 683 1124 815 1157; x_wconf 86' lang='lat' dir='ltr'>casus,</span> <span class='ocrx_word' id='word_1_100' title='bbox 845 1110 943 1148; x_wconf 86' lang='lat' dir='ltr'>alias</span> <span class='ocrx_word' id='word_1_101' title='bbox 974 1110 1005 1148; x_wconf 86' lang='lat' dir='ltr'>si</span> <span class='ocrx_word' id='word_1_102' title='bbox 1035 1111 1165 1148; x_wconf 87' lang='lat' dir='ltr'>mittet</span> <span class='ocrx_word' id='word_1_103' title='bbox 1194 1110 1245 1148; x_wconf 88' lang='lat' dir='ltr'>ad</span> <span class='ocrx_word' id='word_1_104' title='bbox 1272 1110 1404 1158; x_wconf 73' lang='lat' dir='ltr'>arbee,</span> 
     </span>
    </p>

    <p class='ocr_par' dir='ltr' id='par_1_12' title="bbox 400 1175 1441 1228">
     <span class='ocr_line' id='line_1_15' title="bbox 400 1175 1441 1228; baseline 0 -14"><span class='ocrx_word' id='word_1_105' title='bbox 400 1177 482 1215; x_wconf 89' lang='lat' dir='ltr'>heu</span> <span class='ocrx_word' id='word_1_106' title='bbox 510 1176 660 1214; x_wconf 86' lang='lat' dir='ltr'>formae</span> <span class='ocrx_word' id='word_1_107' title='bbox 690 1189 740 1214; x_wconf 90' lang='lat' dir='ltr'>ne</span> <span class='ocrx_word' id='word_1_108' title='bbox 771 1175 890 1214; x_wconf 90' lang='lat' dir='ltr'>crede</span> <span class='ocrx_word' id='word_1_109' title='bbox 919 1175 1038 1214; x_wconf 86' lang='lat' dir='ltr'>tuae⁷.</span> <span class='ocrx_word' id='word_1_110' title='bbox 1095 1176 1256 1214; x_wconf 87' lang='lat' dir='ltr'>Titania</span> <span class='ocrx_word' id='word_1_111' title='bbox 1283 1176 1441 1228; x_wconf 91' lang='lat' dir='ltr'>iamque</span> 
     </span>
    </p>

    <p class='ocr_par' dir='ltr' id='par_1_13' title="bbox 400 1239 1833 1358">
     <span class='ocr_line' id='line_1_16' title="bbox 402 1239 1833 1297; baseline 0.001 -18"><span class='ocrx_word' id='word_1_112' title='bbox 402 1242 582 1293; x_wconf 83' lang='lat' dir='ltr'>gramina</span> <span class='ocrx_word' id='word_1_113' title='bbox 609 1241 862 1293; x_wconf 86' lang='lat' dir='ltr'>Perseasque</span> <span class='ocrx_word' id='word_1_114' title='bbox 892 1240 980 1278; x_wconf 89' lang='lat' dir='ltr'>sinu</span> <span class='ocrx_word' id='word_1_115' title='bbox 1010 1239 1243 1292; x_wconf 88' lang='lat' dir='ltr'>depromere</span> <span class='ocrx_word' id='word_1_116' title='bbox 1272 1241 1376 1279; x_wconf 84' lang='lat' dir='ltr'>vires</span> <span class='ocrx_word' id='word_1_117' title='bbox 1566 1284 1581 1297; x_wconf 47' lang='grc' dir='ltr'><strong><em>ο</em></strong></span> <span class='ocrx_word' id='word_1_118' title='bbox 1776 1251 1833 1281; x_wconf 84' lang='grc'>450</span> 
     </span>
     <span class='ocr_line' id='line_1_17' title="bbox 400 1305 1526 1358; baseline -0.001 -13"><span class='ocrx_word' id='word_1_119' title='bbox 400 1312 602 1358; x_wconf 91' lang='lat' dir='ltr'>coeperat,</span> <span class='ocrx_word' id='word_1_120' title='bbox 632 1306 775 1358; x_wconf 89' lang='lat' dir='ltr'>hisque</span> <span class='ocrx_word' id='word_1_121' title='bbox 804 1306 948 1344; x_wconf 87' lang='lat' dir='ltr'>iterum</span> <span class='ocrx_word' id='word_1_122' title='bbox 977 1305 1191 1357; x_wconf 90' lang='lat' dir='ltr'>compellat</span> <span class='ocrx_word' id='word_1_123' title='bbox 1218 1306 1365 1344; x_wconf 84' lang='lat' dir='ltr'>Iasona</span> <span class='ocrx_word' id='word_1_124' title='bbox 1393 1305 1526 1344; x_wconf 82' lang='lat' dir='ltr'>dietis:</span> 
     </span>
    </p>

    <p class='ocr_par' dir='ltr' id='par_1_14' title="bbox 401 1371 1565 1423">
     <span class='ocr_line' id='line_1_18' title="bbox 401 1371 1565 1423; baseline -0.002 -12"><span class='ocrx_word' id='word_1_125' title='bbox 401 1373 447 1411; x_wconf 85' lang='lat' dir='ltr'>‘si</span> <span class='ocrx_word' id='word_1_126' title='bbox 474 1377 612 1410; x_wconf 90' lang='lat' dir='ltr'>tamen</span> <span class='ocrx_word' id='word_1_127' title='bbox 641 1378 710 1410; x_wconf 90' lang='lat' dir='ltr'>aut</span> <span class='ocrx_word' id='word_1_128' title='bbox 738 1372 893 1423; x_wconf 91' lang='lat' dir='ltr'>superis</span> <span class='ocrx_word' id='word_1_129' title='bbox 923 1371 1098 1423; x_wconf 88' lang='lat' dir='ltr'>aliquam</span> <span class='ocrx_word' id='word_1_130' title='bbox 1128 1384 1239 1422; x_wconf 89' lang='lat' dir='ltr'>spem</span> <span class='ocrx_word' id='word_1_131' title='bbox 1267 1372 1382 1423; x_wconf 86' lang='lat' dir='ltr'>ponis</span> <span class='ocrx_word' id='word_1_132' title='bbox 1411 1371 1453 1409; x_wconf 89' lang='lat' dir='ltr'>in</span> <span class='ocrx_word' id='word_1_133' title='bbox 1479 1371 1565 1410; x_wconf 85' lang='lat' dir='ltr'>istis</span> 
     </span>
    </p>

    <p class='ocr_par' dir='ltr' id='par_1_15' title="bbox 399 1436 1264 1489">
     <span class='ocr_line' id='line_1_19' title="bbox 399 1436 1264 1489; baseline -0.002 -13"><span class='ocrx_word' id='word_1_134' title='bbox 399 1443 467 1476; x_wconf 90' lang='lat' dir='ltr'>aut</span> <span class='ocrx_word' id='word_1_135' title='bbox 494 1443 565 1475; x_wconf 92' lang='lat' dir='ltr'>tua</span> <span class='ocrx_word' id='word_1_136' title='bbox 593 1437 798 1489; x_wconf 86' lang='lat' dir='ltr'>praesenti</span> <span class='ocrx_word' id='word_1_137' title='bbox 827 1437 951 1474; x_wconf 89' lang='lat' dir='ltr'>virtus</span> <span class='ocrx_word' id='word_1_138' title='bbox 982 1436 1153 1475; x_wconf 82' lang='lat' dir='ltr'>educere</span> <span class='ocrx_word' id='word_1_139' title='bbox 1183 1436 1264 1475; x_wconf 91' lang='lat' dir='ltr'>leto</span> 
     </span>
    </p>
   </div>
   <div class='ocr_carea' id='block_1_3' title="bbox 290 1524 574 1531">
    <p class='ocr_par' dir='ltr' id='par_1_16' title="bbox 290 1524 574 1531">
     <span class='ocr_line' id='line_1_20' title="bbox 290 1524 574 1531; baseline 0 1569"><span class='ocrx_word' id='word_1_140' title='bbox 290 1524 574 1531; x_wconf 95' lang='lat' dir='ltr'> </span> 
     </span>
    </p>
   </div>
   <div class='ocr_carea' id='block_1_4' title="bbox 292 1566 1848 2717">
    <p class='ocr_par' dir='ltr' id='par_1_17' title="bbox 292 1566 1776 1671">
     <span class='ocr_line' id='line_1_21' title="bbox 385 1566 1776 1614; baseline -0.001 -11"><span class='ocrx_word' id='word_1_141' title='bbox 385 1569 466 1603; x_wconf 86' lang='lat'>436.</span> <span class='ocrx_word' id='word_1_142' title='bbox 516 1568 627 1614; x_wconf 86' lang='lat' dir='ltr'>Apud</span> <span class='ocrx_word' id='word_1_143' title='bbox 651 1567 887 1613; x_wconf 90' lang='lat' dir='ltr'>Apollonium</span> <span class='ocrx_word' id='word_1_144' title='bbox 912 1567 1047 1602; x_wconf 84' lang='lat' dir='ltr'>Medea</span> <span class='ocrx_word' id='word_1_145' title='bbox 1072 1566 1189 1602; x_wconf 89' lang='lat' dir='ltr'>tacite</span> <span class='ocrx_word' id='word_1_146' title='bbox 1206 1567 1332 1602; x_wconf 78' lang='lat' dir='ltr'>Iasoni</span> <span class='ocrx_word' id='word_1_147' title='bbox 1355 1567 1442 1612; x_wconf 83' lang='lat' dir='ltr'>post</span> <span class='ocrx_word' id='word_1_148' title='bbox 1467 1566 1543 1602; x_wconf 82' lang='lat' dir='ltr'>eius</span> <span class='ocrx_word' id='word_1_149' title='bbox 1569 1577 1776 1603; x_wconf 82' lang='lat' dir='ltr'>sermonem</span> 
     </span>
     <span class='ocr_line' id='line_1_22' title="bbox 292 1626 1180 1671; baseline -0.002 -7"><span class='ocrx_word' id='word_1_150' title='bbox 292 1627 568 1664; x_wconf 79' lang='lat' dir='ltr'>medicamenta</span> <span class='ocrx_word' id='word_1_151' title='bbox 593 1627 723 1662; x_wconf 82' lang='lat' dir='ltr'>statim</span> <span class='ocrx_word' id='word_1_152' title='bbox 747 1626 866 1661; x_wconf 82' lang='lat' dir='ltr'>tradit</span> <span class='ocrx_word' id='word_1_153' title='bbox 891 1626 959 1668; x_wconf 88' lang='lat' dir='ltr'>III,</span> <span class='ocrx_word' id='word_1_154' title='bbox 987 1626 1079 1660; x_wconf 81' lang='lat'>1012</span> <span class='ocrx_word' id='word_1_155' title='bbox 1104 1637 1180 1671; x_wconf 82' lang='lat' dir='ltr'>seq.</span> 
     </span>
    </p>

    <p class='ocr_par' dir='ltr' id='par_1_18' title="bbox 387 1691 1676 1738">
     <span class='ocr_line' id='line_1_23' title="bbox 387 1691 1676 1738; baseline -0.001 -10"><span class='ocrx_word' id='word_1_156' title='bbox 387 1693 467 1728; x_wconf 88' lang='lat'><strong>439.</strong></span> <span class='ocrx_word' id='word_1_157' title='bbox 518 1704 581 1728; x_wconf 74' lang='lat' dir='ltr'>our</span> <span class='ocrx_word' id='word_1_158' title='bbox 604 1691 853 1738; x_wconf 74' lang='lat' dir='ltr'>postponitur,</span> <span class='ocrx_word' id='word_1_159' title='bbox 879 1693 921 1727; x_wconf 91' lang='lat' dir='ltr'>ut</span> <span class='ocrx_word' id='word_1_160' title='bbox 947 1691 1091 1737; x_wconf 81' lang='lat' dir='ltr'>saepius</span> <span class='ocrx_word' id='word_1_161' title='bbox 1117 1703 1323 1737; x_wconf 89' lang='lat' dir='ltr'>pronomen</span> <span class='ocrx_word' id='word_1_162' title='bbox 1354 1691 1676 1737; x_wconf 76' lang='lat' dir='ltr'>interrogativum.</span> 
     </span>
    </p>

    <p class='ocr_par' dir='ltr' id='par_1_19' title="bbox 292 1756 1779 2102">
     <span class='ocr_line' id='line_1_24' title="bbox 386 1756 1778 1802; baseline -0.001 -9"><span class='ocrx_word' id='word_1_163' title='bbox 386 1759 467 1794; x_wconf 84' lang='lat'>441.</span> <span class='ocrx_word' id='word_1_164' title='bbox 517 1759 610 1793; x_wconf 73' lang='lat' dir='ltr'>hanc</span> <span class='ocrx_word' id='word_1_165' title='bbox 634 1759 790 1793; x_wconf 78' lang='lat' dir='ltr'>animam</span> <span class='ocrx_word' id='word_1_166' title='bbox 809 1768 902 1802; x_wconf 77' lang='lat' dir='ltr'>pars</span> <span class='ocrx_word' id='word_1_167' title='bbox 926 1768 1033 1792; x_wconf 81' lang='lat' dir='ltr'>saeva</span> <span class='ocrx_word' id='word_1_168' title='bbox 1056 1757 1220 1792; x_wconf 78' lang='lat' dir='ltr'>manebat</span> <span class='ocrx_word' id='word_1_169' title='bbox 1241 1757 1382 1799; x_wconf 54' lang='lat' dir='ltr'>funeris</span> <span class='ocrx_word' id='word_1_170' title='bbox 1405 1757 1428 1792; x_wconf 89' lang='lat' dir='ltr'>i.</span> <span class='ocrx_word' id='word_1_171' title='bbox 1457 1768 1487 1793; x_wconf 92' lang='lat' dir='ltr'>e.</span> <span class='ocrx_word' id='word_1_172' title='bbox 1513 1768 1574 1792; x_wconf 88' lang='lat' dir='ltr'>me</span> <span class='ocrx_word' id='word_1_173' title='bbox 1598 1756 1778 1792; x_wconf 88' lang='lat' dir='ltr'>manebat</span> 
     </span>
     <span class='ocr_line' id='line_1_25' title="bbox 293 1816 1779 1864; baseline -0.002 -10"><span class='ocrx_word' id='word_1_174' title='bbox 293 1819 492 1864; x_wconf 80' lang='lat' dir='ltr'>adspectus</span> <span class='ocrx_word' id='word_1_175' title='bbox 518 1817 659 1853; x_wconf 85' lang='lat' dir='ltr'>funeris</span> <span class='ocrx_word' id='word_1_176' title='bbox 684 1817 758 1859; x_wconf 84' lang='lat' dir='ltr'>tui;</span> <span class='ocrx_word' id='word_1_177' title='bbox 791 1817 885 1852; x_wconf 86' lang='lat' dir='ltr'>haec</span> <span class='ocrx_word' id='word_1_178' title='bbox 912 1818 969 1852; x_wconf 77' lang='lat' dir='ltr'>est</span> <span class='ocrx_word' id='word_1_179' title='bbox 992 1828 1080 1862; x_wconf 82' lang='lat' dir='ltr'>pars</span> <span class='ocrx_word' id='word_1_180' title='bbox 1106 1828 1229 1861; x_wconf 74' lang='lat' dir='ltr'>saeva,</span> <span class='ocrx_word' id='word_1_181' title='bbox 1267 1817 1366 1862; x_wconf 91' lang='lat' dir='ltr'>quod</span> <span class='ocrx_word' id='word_1_182' title='bbox 1390 1817 1525 1853; x_wconf 84' lang='lat' dir='ltr'>Medea</span> <span class='ocrx_word' id='word_1_183' title='bbox 1550 1816 1779 1862; x_wconf 79' lang='lat' dir='ltr'>sepulturam</span> 
     </span>
     <span class='ocr_line' id='line_1_26' title="bbox 293 1875 1778 1924; baseline -0.002 -10"><span class='ocrx_word' id='word_1_184' title='bbox 293 1878 518 1924; x_wconf 78' lang='lat' dir='ltr'>adspectura</span> <span class='ocrx_word' id='word_1_185' title='bbox 545 1878 653 1912; x_wconf 81' lang='lat' dir='ltr'>esset.</span> <span class='ocrx_word' id='word_1_186' title='bbox 702 1876 785 1912; x_wconf 90' lang='lat' dir='ltr'>Non</span> <span class='ocrx_word' id='word_1_187' title='bbox 810 1877 913 1912; x_wconf 88' lang='lat' dir='ltr'>recte</span> <span class='ocrx_word' id='word_1_188' title='bbox 937 1876 1056 1911; x_wconf 87' lang='lat' dir='ltr'>locum</span> <span class='ocrx_word' id='word_1_189' title='bbox 1081 1876 1347 1911; x_wconf 85' lang='lat' dir='ltr'>intellexerunt</span> <span class='ocrx_word' id='word_1_190' title='bbox 1372 1876 1572 1918; x_wconf 86' lang='lat' dir='ltr'>Burmann,</span> <span class='ocrx_word' id='word_1_191' title='bbox 1599 1875 1662 1921; x_wconf 85' lang='lat' dir='ltr'>qui</span> <span class='ocrx_word' id='word_1_192' title='bbox 1686 1876 1778 1911; x_wconf 68' lang='lat' dir='ltr'>hanc</span> 
     </span>
     <span class='ocr_line' id='line_1_27' title="bbox 292 1934 1777 1982; baseline -0.002 -9"><span class='ocrx_word' id='word_1_193' title='bbox 292 1938 449 1973; x_wconf 79' lang='lat' dir='ltr'>animam</span> <span class='ocrx_word' id='word_1_194' title='bbox 467 1936 612 1972; x_wconf 82' lang='lat' dir='ltr'>Iasonis</span> <span class='ocrx_word' id='word_1_195' title='bbox 634 1947 714 1971; x_wconf 83' lang='lat' dir='ltr'>esse</span> <span class='ocrx_word' id='word_1_196' title='bbox 739 1937 859 1981; x_wconf 87' lang='lat' dir='ltr'>putat,</span> <span class='ocrx_word' id='word_1_197' title='bbox 887 1947 1007 1980; x_wconf 89' lang='lat' dir='ltr'>neque</span> <span class='ocrx_word' id='word_1_198' title='bbox 1033 1935 1210 1982; x_wconf 86' lang='lat' dir='ltr'>Wagner,</span> <span class='ocrx_word' id='word_1_199' title='bbox 1238 1935 1300 1981; x_wconf 89' lang='lat' dir='ltr'>qui</span> <span class='ocrx_word' id='word_1_200' title='bbox 1318 1935 1492 1971; x_wconf 86' lang='lat' dir='ltr'>Medeam</span> <span class='ocrx_word' id='word_1_201' title='bbox 1517 1935 1563 1971; x_wconf 88' lang='lat' dir='ltr'>de</span> <span class='ocrx_word' id='word_1_202' title='bbox 1581 1946 1647 1970; x_wconf 79' lang='lat' dir='ltr'>sua</span> <span class='ocrx_word' id='word_1_203' title='bbox 1663 1934 1777 1980; x_wconf 74' lang='lat' dir='ltr'>ipsius</span> 
     </span>
     <span class='ocr_line' id='line_1_28' title="bbox 293 1993 1776 2041; baseline -0.002 -9"><span class='ocrx_word' id='word_1_204' title='bbox 293 1998 414 2032; x_wconf 88' lang='lat' dir='ltr'>morte</span> <span class='ocrx_word' id='word_1_205' title='bbox 452 1995 618 2041; x_wconf 87' lang='lat' dir='ltr'>cogitare</span> <span class='ocrx_word' id='word_1_206' title='bbox 657 1995 829 2040; x_wconf 86' lang='lat' dir='ltr'>explicat,</span> <span class='ocrx_word' id='word_1_207' title='bbox 868 2006 988 2040; x_wconf 89' lang='lat' dir='ltr'>neque</span> <span class='ocrx_word' id='word_1_208' title='bbox 1024 1994 1195 2030; x_wconf 83' lang='lat' dir='ltr'>Koestlin</span> <span class='ocrx_word' id='word_1_209' title='bbox 1219 1994 1312 2029; x_wconf 87' lang='lat' dir='ltr'>Phil.</span> <span class='ocrx_word' id='word_1_210' title='bbox 1346 1995 1401 2040; x_wconf 85' lang='lat'>50,</span> <span class='ocrx_word' id='word_1_211' title='bbox 1429 1994 1508 2037; x_wconf 82' lang='lat'>326,</span> <span class='ocrx_word' id='word_1_212' title='bbox 1547 1994 1610 2040; x_wconf 88' lang='lat' dir='ltr'>qui</span> <span class='ocrx_word' id='word_1_213' title='bbox 1634 1993 1776 2030; x_wconf 80' lang='lat' dir='ltr'>Iasonis</span> 
     </span>
     <span class='ocr_line' id='line_1_29' title="bbox 293 2053 1426 2102; baseline -0.003 -11"><span class='ocrx_word' id='word_1_214' title='bbox 293 2067 426 2102; x_wconf 81' lang='lat' dir='ltr'>corpus</span> <span class='ocrx_word' id='word_1_215' title='bbox 451 2055 609 2091; x_wconf 87' lang='lat' dir='ltr'>Medeae</span> <span class='ocrx_word' id='word_1_216' title='bbox 633 2054 705 2100; x_wconf 83' lang='lat' dir='ltr'>ipsi</span> <span class='ocrx_word' id='word_1_217' title='bbox 730 2054 988 2100; x_wconf 78' lang='lat' dir='ltr'>sepeliendum</span> <span class='ocrx_word' id='word_1_218' title='bbox 1014 2053 1128 2090; x_wconf 82' lang='lat' dir='ltr'>fuisse</span> <span class='ocrx_word' id='word_1_219' title='bbox 1146 2054 1426 2100; x_wconf 87' lang='lat' dir='ltr'>interpretatur.</span> 
     </span>
    </p>

    <p class='ocr_par' dir='ltr' id='par_1_20' title="bbox 386 2117 1445 2165">
     <span class='ocr_line' id='line_1_30' title="bbox 386 2117 1445 2165; baseline -0.001 -10"><span class='ocrx_word' id='word_1_220' title='bbox 386 2121 467 2155; x_wconf 83' lang='lat'>442.</span> <span class='ocrx_word' id='word_1_221' title='bbox 518 2117 613 2156; x_wconf 79' lang='lat' dir='ltr'>Iuno</span> <span class='ocrx_word' id='word_1_222' title='bbox 637 2120 699 2156; x_wconf 77' lang='lat' dir='ltr'>ubi</span> <span class='ocrx_word' id='word_1_223' title='bbox 723 2131 817 2155; x_wconf 75' lang='lat' dir='ltr'>nunc</span> <span class='ocrx_word' id='word_1_224' title='bbox 842 2119 939 2165; x_wconf 86' lang='lat' dir='ltr'>Vat.,</span> <span class='ocrx_word' id='word_1_225' title='bbox 964 2131 1007 2155; x_wconf 76' lang='lat' dir='ltr'>en</span> <span class='ocrx_word' id='word_1_226' title='bbox 1029 2120 1091 2155; x_wconf 79' lang='lat' dir='ltr'>ubi</span> <span class='ocrx_word' id='word_1_227' title='bbox 1116 2120 1209 2155; x_wconf 78' lang='lat' dir='ltr'>Iuno</span> <span class='ocrx_word' id='word_1_228' title='bbox 1236 2119 1316 2155; x_wconf 91' lang='lat' dir='ltr'>cod.</span> <span class='ocrx_word' id='word_1_229' title='bbox 1344 2122 1445 2158; x_wconf 89' lang='lat' dir='ltr'>Carr.</span> 
     </span>
    </p>

    <p class='ocr_par' dir='ltr' id='par_1_21' title="bbox 387 2179 1125 2224">
     <span class='ocr_line' id='line_1_31' title="bbox 387 2179 1125 2224; baseline 0.001 -10"><span class='ocrx_word' id='word_1_230' title='bbox 387 2180 467 2217; x_wconf 89' lang='lat'>443.</span> <span class='ocrx_word' id='word_1_231' title='bbox 516 2180 682 2224; x_wconf 73' lang='lat' dir='ltr'>qwmiam</span> <span class='ocrx_word' id='word_1_232' title='bbox 707 2179 803 2221; x_wconf 91' lang='lat' dir='ltr'>Vat.,</span> <span class='ocrx_word' id='word_1_233' title='bbox 830 2179 924 2224; x_wconf 77' lang='lat' dir='ltr'>quod</span> <span class='ocrx_word' id='word_1_234' title='bbox 946 2181 1019 2215; x_wconf 80' lang='lat' dir='ltr'>iam</span> <span class='ocrx_word' id='word_1_235' title='bbox 1046 2191 1125 2224; x_wconf 85' lang='lat' dir='ltr'>ego.</span> 
     </span>
    </p>

    <p class='ocr_par' dir='ltr' id='par_1_22' title="bbox 386 2238 1195 2283">
     <span class='ocr_line' id='line_1_32' title="bbox 386 2238 1195 2283; baseline 0 -10"><span class='ocrx_word' id='word_1_236' title='bbox 386 2239 467 2275; x_wconf 88' lang='lat'>444.</span> <span class='ocrx_word' id='word_1_237' title='bbox 516 2240 597 2283; x_wconf 77' lang='lat' dir='ltr'>ipsa</span> <span class='ocrx_word' id='word_1_238' title='bbox 621 2238 720 2280; x_wconf 67' lang='lat' dir='ltr'>Vat.,</span> <span class='ocrx_word' id='word_1_239' title='bbox 743 2238 821 2282; x_wconf 74' lang='lat' dir='ltr'>ipse</span> <span class='ocrx_word' id='word_1_240' title='bbox 847 2239 903 2274; x_wconf 90' lang='lat' dir='ltr'>ed.</span> <span class='ocrx_word' id='word_1_241' title='bbox 929 2238 1021 2274; x_wconf 87' lang='lat' dir='ltr'>Bon.</span> <span class='ocrx_word' id='word_1_242' title='bbox 1049 2239 1088 2274; x_wconf 90' lang='lat' dir='ltr'>et</span> <span class='ocrx_word' id='word_1_243' title='bbox 1112 2238 1195 2274; x_wconf 84' lang='lat' dir='ltr'>Ald.</span> 
     </span>
    </p>

    <p class='ocr_par' dir='ltr' id='par_1_23' title="bbox 386 2298 1199 2339">
     <span class='ocr_line' id='line_1_33' title="bbox 386 2298 1199 2339; baseline 0 -7"><span class='ocrx_word' id='word_1_244' title='bbox 386 2298 466 2335; x_wconf 83' lang='lat'>447.</span> <span class='ocrx_word' id='word_1_245' title='bbox 513 2309 586 2333; x_wconf 77' lang='lat' dir='ltr'>non</span> <span class='ocrx_word' id='word_1_246' title='bbox 610 2299 705 2339; x_wconf 88' lang='lat' dir='ltr'>Vat.,</span> <span class='ocrx_word' id='word_1_247' title='bbox 731 2309 826 2333; x_wconf 77' lang='lat' dir='ltr'>nune</span> <span class='ocrx_word' id='word_1_248' title='bbox 851 2298 908 2335; x_wconf 87' lang='lat' dir='ltr'>ed.</span> <span class='ocrx_word' id='word_1_249' title='bbox 934 2298 1026 2333; x_wconf 86' lang='lat' dir='ltr'>Bon.</span> <span class='ocrx_word' id='word_1_250' title='bbox 1055 2299 1092 2333; x_wconf 90' lang='lat' dir='ltr'>et</span> <span class='ocrx_word' id='word_1_251' title='bbox 1116 2298 1199 2333; x_wconf 79' lang='lat' dir='ltr'>Ald.</span> 
     </span>
    </p>

    <p class='ocr_par' dir='ltr' id='par_1_24' title="bbox 386 2357 1088 2398">
     <span class='ocr_line' id='line_1_34' title="bbox 386 2357 1088 2398; baseline 0 -6"><span class='ocrx_word' id='word_1_252' title='bbox 386 2357 468 2393; x_wconf 83' lang='lat'>448.</span> <span class='ocrx_word' id='word_1_253' title='bbox 517 2358 550 2392; x_wconf 79' lang='lat' dir='ltr'>si</span> <span class='ocrx_word' id='word_1_254' title='bbox 575 2369 645 2393; x_wconf 90' lang='lat' dir='ltr'>om.</span> <span class='ocrx_word' id='word_1_255' title='bbox 671 2357 766 2398; x_wconf 86' lang='lat' dir='ltr'>Vat.,</span> <span class='ocrx_word' id='word_1_256' title='bbox 794 2357 879 2393; x_wconf 88' lang='lat' dir='ltr'>add.</span> <span class='ocrx_word' id='word_1_257' title='bbox 906 2357 1088 2393; x_wconf 79' lang='lat' dir='ltr'>Heinsius.</span> 
     </span>
    </p>

    <p class='ocr_par' dir='ltr' id='par_1_25' title="bbox 296 2421 1861 2526">
     <span class='ocr_line' id='line_1_35' title="bbox 386 2421 1843 2469; baseline 0.001 -12"><span class='ocrx_word' id='word_1_258' title='bbox 386 2422 468 2460; x_wconf 85' lang='lat'>449.</span> <span class='ocrx_word' id='word_1_259' title='bbox 521 2422 665 2457; x_wconf 78' lang='lat' dir='ltr'>Titania</span> <span class='ocrx_word' id='word_1_260' title='bbox 690 2423 777 2457; x_wconf 81' lang='lat' dir='ltr'>sunt</span> <span class='ocrx_word' id='word_1_261' title='bbox 801 2422 982 2467; x_wconf 81' lang='lat' dir='ltr'>gramina,</span> <span class='ocrx_word' id='word_1_262' title='bbox 1023 2422 1109 2469; x_wconf 88' lang='lat' dir='ltr'>quia</span> <span class='ocrx_word' id='word_1_263' title='bbox 1148 2433 1276 2458; x_wconf 88' lang='lat' dir='ltr'>cruore</span> <span class='ocrx_word' id='word_1_264' title='bbox 1301 2421 1515 2457; x_wconf 87' lang='lat' dir='ltr'>Promethei</span> <span class='ocrx_word' id='word_1_265' title='bbox 1554 2422 1665 2457; x_wconf 83' lang='lat' dir='ltr'>aucta</span> <span class='ocrx_word' id='word_1_266' title='bbox 1697 2433 1774 2458; x_wconf 83' lang='lat' dir='ltr'>cre·</span> <span class='ocrx_word' id='word_1_267' title='bbox 1842 2454 1843 2457; x_wconf 72' lang='grc'>,</span> 
     </span>
     <span class='ocr_line' id='line_1_36' title="bbox 296 2480 1848 2526; baseline -0.006 -7"><span class='ocrx_word' id='word_1_268' title='bbox 296 2483 450 2526; x_wconf 81' lang='lat' dir='ltr'>verant3</span> <span class='ocrx_word' id='word_1_269' title='bbox 474 2481 549 2517; x_wconf 83' lang='lat' dir='ltr'>vid.</span> <span class='ocrx_word' id='word_1_270' title='bbox 576 2492 687 2526; x_wconf 81' lang='lat' dir='ltr'>supra</span> <span class='ocrx_word' id='word_1_271' title='bbox 712 2493 746 2517; x_wconf 84' lang='lat' dir='ltr'>v.</span> <span class='ocrx_word' id='word_1_272' title='bbox 773 2481 852 2516; x_wconf 84' lang='lat'>356.</span> <span class='ocrx_word' id='word_1_273' title='bbox 1843 2480 1848 2487; x_wconf 81' lang='lat'><em>‘</em></span> 
     </span>
    </p>

    <p class='ocr_par' dir='ltr' id='par_1_26' title="bbox 387 2545 1666 2587">
     <span class='ocr_line' id='line_1_37' title="bbox 387 2545 1666 2587; baseline 0 -5"><span class='ocrx_word' id='word_1_274' title='bbox 387 2547 468 2583; x_wconf 85' lang='lat'>450.</span> <span class='ocrx_word' id='word_1_275' title='bbox 517 2547 668 2581; x_wconf 77' lang='lat' dir='ltr'>Perseae</span> <span class='ocrx_word' id='word_1_276' title='bbox 692 2545 788 2581; x_wconf 77' lang='lat' dir='ltr'>vires</span> <span class='ocrx_word' id='word_1_277' title='bbox 815 2547 901 2581; x_wconf 76' lang='lat' dir='ltr'>sunt</span> <span class='ocrx_word' id='word_1_278' title='bbox 925 2546 1109 2582; x_wconf 78' lang='lat' dir='ltr'>Perseidis</span> <span class='ocrx_word' id='word_1_279' title='bbox 1135 2547 1305 2587; x_wconf 82' lang='lat' dir='ltr'>Hecates,</span> <span class='ocrx_word' id='word_1_280' title='bbox 1332 2545 1397 2581; x_wconf 86' lang='lat' dir='ltr'>cfr.</span> <span class='ocrx_word' id='word_1_281' title='bbox 1425 2546 1473 2581; x_wconf 83' lang='lat' dir='ltr'>ad</span> <span class='ocrx_word' id='word_1_282' title='bbox 1498 2545 1560 2587; x_wconf 79' lang='lat' dir='ltr'>VI,</span> <span class='ocrx_word' id='word_1_283' title='bbox 1586 2546 1666 2582; x_wconf 86' lang='lat'>495.</span> 
     </span>
    </p>

    <p class='ocr_par' dir='ltr' id='par_1_27' title="bbox 387 2611 1629 2657">
     <span class='ocr_line' id='line_1_38' title="bbox 387 2611 1629 2657; baseline -0.001 -10"><span class='ocrx_word' id='word_1_284' title='bbox 387 2612 468 2648; x_wconf 83' lang='lat'>451.</span> <span class='ocrx_word' id='word_1_285' title='bbox 518 2613 574 2648; x_wconf 72' lang='lat' dir='ltr'>his</span> <span class='ocrx_word' id='word_1_286' title='bbox 598 2612 682 2647; x_wconf 88' lang='lat' dir='ltr'>Vat.</span> <span class='ocrx_word' id='word_1_287' title='bbox 709 2611 890 2656; x_wconf 80' lang='lat' dir='ltr'>asyndeto</span> <span class='ocrx_word' id='word_1_288' title='bbox 916 2611 977 2646; x_wconf 82' lang='lat' dir='ltr'>vix</span> <span class='ocrx_word' id='word_1_289' title='bbox 1004 2611 1168 2654; x_wconf 88' lang='lat' dir='ltr'>ferendo,</span> <span class='ocrx_word' id='word_1_290' title='bbox 1203 2622 1316 2656; x_wconf 86' lang='lat' dir='ltr'>quare</span> <span class='ocrx_word' id='word_1_291' title='bbox 1340 2611 1464 2656; x_wconf 70' lang='lat' dir='ltr'>hisque</span> <span class='ocrx_word' id='word_1_292' title='bbox 1489 2611 1629 2657; x_wconf 80' lang='lat' dir='ltr'>scripsi.</span> 
     </span>
    </p>

    <p class='ocr_par' dir='ltr' id='par_1_28' title="bbox 389 2676 1131 2717">
     <span class='ocr_line' id='line_1_39' title="bbox 389 2676 1131 2717; baseline 0 -5"><span class='ocrx_word' id='word_1_293' title='bbox 389 2678 468 2716; x_wconf 78' lang='lat'>452.</span> <span class='ocrx_word' id='word_1_294' title='bbox 516 2678 557 2712; x_wconf 75' lang='lat' dir='ltr'>in</span> <span class='ocrx_word' id='word_1_295' title='bbox 580 2678 658 2713; x_wconf 78' lang='lat' dir='ltr'>istis</span> <span class='ocrx_word' id='word_1_296' title='bbox 683 2688 752 2712; x_wconf 89' lang='lat' dir='ltr'>om.</span> <span class='ocrx_word' id='word_1_297' title='bbox 779 2676 874 2717; x_wconf 87' lang='lat' dir='ltr'>Vat.,</span> <span class='ocrx_word' id='word_1_298' title='bbox 903 2677 987 2711; x_wconf 88' lang='lat' dir='ltr'>add.</span> <span class='ocrx_word' id='word_1_299' title='bbox 1014 2677 1131 2712; x_wconf 90' lang='lat' dir='ltr'>Thilo.</span> 
     </span>
    </p>
   </div>
   <div class='ocr_carea' id='block_1_5' title="bbox 1799 1931 1890 3100">
    <p class='ocr_par' dir='ltr' id='par_1_29' title="bbox 1799 1931 1890 3100">
     <span class='ocr_line' id='line_1_40' title="bbox 1799 1931 1890 3100; baseline 0 0"><span class='ocrx_word' id='word_1_300' title='bbox 1799 1931 1890 3100; x_wconf 95' lang='lat' dir='ltr'> </span> 
     </span>
    </p>
   </div>
  </div>
 </body>
</html>
