1890 3100
563 794 619 869 c,
671 796 1021 870 VALERI
1080 797 1415 872 FLAccl

457 931 1524 1025 ARGONAVTIGON

660 1083 902 1126 LIBER
949 1084 1313 1138 QVINTVS.

390 1267 561 1354 Altera
587 1314 661 1353 lux
688 1315 797 1354 haud
825 1316 934 1355 laeta
961 1317 1056 1354 viris
1087 1317 1248 1355 emersit
1278 1315 1474 1369 Olympo:

348 1380 562 1432 Argolicus
590 1381 738 1419 morbis
767 1381 940 1433 fatisque
969 1382 1180 1433 rapacibus
1209 1382 1351 1420 Idmon

348 1445 497 1484 labitur
525 1446 693 1484 extremi
723 1446 798 1484 sibi
828 1445 978 1484 dudum
1007 1447 1190 1486 conscius
1220 1447 1320 1485 aevi.

349 1516 390 1549 at
417 1524 569 1549 memor
596 1510 824 1550 Aesonides
854 1512 1018 1550 nimium
1046 1512 1124 1551 iam
1152 1525 1250 1551 vera
1277 1512 1401 1551 locuti

347 1576 522 1614 Phineos
551 1576 644 1615 hinc
674 1577 772 1615 alios
802 1583 915 1629 rapto
944 1584 1066 1628 pavet
1094 1577 1260 1616 Idmone
1290 1577 1433 1616 luctus.

337 1690 368 1724 1.
395 1690 458 1724 lua:
483 1710 527 1715 -
555 1690 692 1725 emersit
719 1688 882 1735 Olympo;
917 1690 964 1725 ab
992 1690 1148 1735 Olympo
1181 1690 1303 1725 lucem
1329 1690 1403 1726 diei
1429 1690 1516 1726 oriri
1540 1690 1730 1726 interdum

241 1749 389 1794 fingunt
413 1749 570 1794 poet-ae:
596 1748 706 1793 Verg.
733 1748 826 1784 Aen.
852 1749 880 1790 Ι,
908 1749 977 1784 374
1005 1753 1086 1784 ante
1117 1749 1207 1784 diem
1239 1750 1358 1784 clauso
1390 1754 1571 1794 componet
1600 1749 1730 1795 Vesper

241 1807 412 1854 OZympm
449 1808 574 1843 clauso
599 1808 714 1853 igitur
742 1808 900 1854 Olympo
925 1809 987 1843 lux
1015 1808 1219 1851 evanescit3
1254 1808 1334 1850 VII,
1371 1809 1439 1844 217
1468 1810 1614 1856 (regna)
1640 1821 1730 1854 quae

238 1879 407 1903 maoeuma
431 1867 609 1912 quondam
634 1867 804 1903 Eoetremo
830 1869 972 1904 veniens
998 1869 1061 1903 Sol
1086 1868 1286 1913 aspiciebat·
1306 1867 1463 1914 Olympo.

333 1927 366 1963 3.
416 1928 485 1963 sibi
509 1931 584 1962 tum
607 1938 680 1963 non
703 1928 838 1963 inscius
863 1927 968 1970 Vat.;
996 1929 1036 1963 at
1060 1929 1153 1963 tum
1179 1939 1251 1974 non
1276 1927 1432 1963 inscium
1462 1927 1577 1965 fuisse
1603 1928 1728 1965 Idmo-

239 1997 326 2022 nem
350 1986 481 2022 mortis
506 1986 739 2031 propinquae
763 1986 931 2022 Valerius
959 1986 1081 2023 dicere
1107 1999 1182 2022 non
1206 1988 1359 2032 poterat
1384 1987 1455 2022 nisi
1478 1999 1628 2033 prorsus
1663 1989 1728 2023 ob-

237 2045 327 2080 litus
354 2057 491 2087 eorum,
519 2057 616 2091 quae
640 2046 810 2081 narravit
847 2045 875 2087 Ι,
903 2046 973 2081 238
1005 2058 1092 2091 seq„
1130 2058 1251 2092 neque
1288 2047 1407 2092 magis
1447 2048 1586 2094 aptum,
1628 2048 1728 2092 quod

237 2105 402 2141 Schenkl
426 2105 622 2151 proposuit
645 2106 719 2141 iam
742 2117 825 2141 non.
851 2105 1007 2141 Accedit
1032 2106 1127 2150 quod
1158 2106 1305 2141 dativus
1323 2106 1393 2141 sibi
1406 2107 1555 2151 praeter
1574 2118 1727 2142 consue—

234 2164 406 2200 tudinem
433 2171 470 2200 et
502 2165 687 2201 rationem
714 2165 862 2201 additus
889 2166 946 2201 est
972 2165 1020 2200 ad
1046 2165 1272 2201 adiectivum
1290 2165 1422 2200 inscius
1430 2178 1438 2208 ;
1464 2165 1588 2211 recepi
1607 2166 1726 2202 Baeh-

238 2224 355 2259 rentis
378 2224 641 2259 coniecturam.
693 2225 868 2260 Ceterum
894 2225 1068 2260 dissentit
1093 2224 1263 2261 Valerius
1301 2225 1349 2260 de
1386 2236 1496 2260 causa
1533 2225 1664 2260 mortis
1703 2237 1726 2261 a,

238 2283 372 2318 ceteris
399 2284 622 2325 auctoribus,
650 2284 712 2329 qui
737 2284 933 2320 Idmonem
959 2284 1006 2319 ab
1034 2295 1125 2330 apro
1152 2284 1310 2320 occisum
1335 2285 1513 2321 narrant:
1552 2284 1723 2330 Apollon.

235 2342 283 2382 H,
310 2341 378 2376 817
406 2353 517 2387 seqq„
557 2343 619 2387 qui
644 2354 723 2378 rem
749 2343 865 2378 fusius
893 2343 1061 2389 exponit;
1100 2344 1214 2380 schol.
1240 2343 1358 2388 Apoll.
1385 2343 1414 2383 Ι,
1442 2342 1533 2385 139;
1561 2343 1610 2389 11,
1637 2343 1723 2386 815;

236 2402 349 2447 Orph.
387 2401 475 2446 Arg.
517 2401 602 2444 725;
640 2402 735 2447 Hyg.
762 2403 836 2439 fab.
863 2403 925 2445 14;
965 2403 1025 2444 18;
1052 2403 1141 2445 2483
1180 2402 1351 2448 Apollod.
1388 2402 1417 2442 Ι,
1444 2401 1476 2442 9,
1503 2402 1559 2443 23,
1587 2403 1627 2445 1;
1656 2402 1722 2438 Ov.

235 2460 353 2496 Ibidis
393 2460 476 2503 5043
515 2461 694 2497 Herodor.
734 2461 807 2507 frg.
841 2462 901 2504 56;
941 2462 986 2497 58
1025 2463 1082 2498 ed.
1121 2463 1189 2505 M.;
1217 2461 1344 2498 Senec.
1376 2461 1472 2497 Med.
1501 2462 1580 2503 652,
1620 2463 1719 2507 quod

232 2520 388 2562 mireris,
416 2532 500 2570 eum
523 2521 562 2555 in
587 2521 705 2566 Libya
728 2533 852 2556 morsu
870 2522 1053 2567 serpentis
1070 2522 1224 2567 periisse
1241 2521 1359 2556 tradit
1376 2520 1606 2557 confundens
1625 2532 1720 2563 eum,

233 2581 276 2616 ut
299 2580 457 2621 videtur,
485 2591 567 2615 cum
593 2580 722 2625 Mopso
748 2580 969 2624 Argonauta
996 2581 1201 2625 eodemque
1226 2582 1324 2615 vate.

327 2640 360 2674 4.
411 2640 558 2675 nimium
581 2639 654 2674 iam
678 2650 762 2674 vera
787 2640 909 2679 locuti;
937 2639 1002 2677 cfr.
1032 2640 1096 2676 Ov.
1123 2641 1199 2675 her.
1227 2639 1268 2681 V,
1296 2639 1374 2675 123.

328 2699 360 2737 5.
413 2700 495 2735 hinc
518 2698 541 2734 i.
568 2710 599 2734 e.
625 2699 837 2744 propterea,
864 2700 907 2733 ut
931 2693 979 2738 ΙΙ,
1007 2698 1063 2734 94.

1748 1589 1766 1617 5
