1890 3100
277 213 360 255 158
821 212 858 248 C.
883 212 1064 247 VALERI
1090 212 1264 248 FLACCI

380 330 529 368 rursus*
560 331 627 371 ait.
656 331 778 369 tacita
806 330 993 383 pavidum
1022 338 1117 370 tunc
1147 331 1244 370 sede
1273 331 1421 370 locavit

381 395 454 434 sub
483 395 654 447 pedibus
685 395 908 448 dextraque
938 396 1021 436 dei:
1051 397 1151 436 latet
1179 396 1249 435 ille
1278 403 1464 449 receptus

382 467 497 500 veste
527 474 658 510 sacra;
688 475 810 500 voces
838 462 973 500 tholus
1003 468 1044 501 et
1071 463 1274 501 trieterica
1301 462 1475 502 reddunt
1497 505 1503 509 ,

383 540 478 565 aera
506 540 647 565 sonum
674 527 860 579 fixaeque
888 528 1066 566 fremunt
1092 529 1133 566 in
1159 527 1298 567 limine
1326 529 1462 579 tigres.
1762 539 1817 571 260

381 593 522 643 regina
549 598 593 631 ut
621 593 747 632 roseis
775 595 973 632 Auroram
1003 607 1166 645 surgere
1195 594 1299 646 bigis

382 657 482 696 vidit
511 663 551 697 et
580 659 751 697 insomni
779 659 951 697 lassatas
981 659 1139 698 turbine
1167 659 1330 698 tandem

385 724 624 762 conticuisse
655 724 805 772 domos,
837 724 1021 763 stabilem
1051 724 1209 776 quando
1241 725 1389 777 optima
1415 725 1521 764 facta

383 788 479 827 dant
508 789 681 827 animum
710 790 915 841 maiorque
943 789 1019 841 piis
1049 789 1216 828 audacia
1245 790 1408 842 coeptis,

384 858 492 892 serta
518 855 621 906 patri
650 855 890 906 iuvenisque
920 868 1071 893 comam
1100 861 1318 908 vestesque
1347 856 1475 907 Lyaei
1764 861 1820 892 265

381 918 510 957 induit
539 925 579 958 et
607 919 782 958 medium
812 933 929 958 curru
957 920 1063 958 locat
1091 934 1265 973 aeraque
1294 921 1442 959 circum

380 990 654 1036 tympanaque
686 990 726 1023 et
753 985 895 1037 plenas
923 986 1046 1024 tacita
1073 985 1282 1025 formidine
1312 987 1444 1025 cistas.

274 1085 358 1127 180;
387 1085 453 1122 Ov.
480 1087 551 1120 art.
577 1085 606 1127 Ι,
626 1085 712 1128 203;
738 1085 782 1127 ΙΙ,
810 1086 896 1129 563;
923 1086 1018 1122 Stat.
1044 1086 1123 1122 silv.
1151 1086 1179 1126 I.
1201 1086 1233 1127 6,
1261 1086 1324 1134 62;
1349 1086 1465 1122 Theb.
1491 1086 1561 1129 ΙΠ,
1586 1087 1672 1130 431;
1698 1087 1762 1129 ΙΧ,

271 1145 361 1192 841;
387 1146 495 1190 Prop.
523 1144 591 1187 111,
608 1145 708 1192 4,11;
733 1145 886 1182 Anthol.
912 1146 968 1187 34,
996 1147 1015 1181 1
1034 1145 1095 1193 B.;
1123 1145 1250 1181 Claud.
1269 1146 1308 1180 in
1326 1145 1411 1181 Ruf.
1437 1147 1465 1188 Ι,
1491 1146 1577 1188 340;
1603 1146 1764 1191 deniquo

274 1204 347 1239 vid.
375 1204 489 1239 Lucil.
517 1206 587 1239 sat.
614 1203 685 1249 frg.
713 1203 740 1246 Ι,
767 1204 790 1239 9
817 1205 873 1240 ed.
900 1205 948 1241 M.

368 1262 448 1299 257.
498 1274 625 1298 rursus
661 1264 886 1308 perobscure
926 1263 1067 1299 dictum
1105 1265 1173 1300 est.
1215 1264 1291 1299 Aut
1327 1265 1484 1309 spectat,
1522 1265 1565 1299 ut
1597 1264 1765 1310 Wagner

272 1322 400 1363 voluit,
443 1323 491 1358 ad
529 1323 631 1357 aliud
656 1322 879 1358 beneficium
917 1324 1030 1359 antea
1071 1334 1093 1358 a
1129 1323 1278 1359 Baccho
1320 1323 1360 1358 in
1397 1323 1608 1359 Thoantem
1648 1323 1765 1359 filium

273 1382 459 1423 collatum⁷
501 1383 547 1418 de
573 1394 645 1427 quo
670 1383 799 1418 tamen
824 1382 918 1417 nihil
944 1383 1101 1424 constat,
1141 1372 1216 1428 aut,
1242 1383 1285 1417 ut
1309 1382 1525 1419 Burmanno
1549 1382 1679 1425 visum,
1713 1383 1763 1418 ad

273 1452 392 1487 opem,
432 1453 543 1487 quam
574 1442 745 1477 Bacchus
783 1442 972 1478 Ariadnae
1009 1454 1030 1478 a
1056 1442 1201 1478 Theseo
1237 1442 1394 1478 relictae
1430 1442 1544 1478 matri
1581 1442 1763 1479 Thoantis

270 1500 369 1536 tulit.
420 1500 517 1535 Num
543 1512 679 1545 pronus
704 1501 927 1546 legendum?
953 1500 1018 1537 cfr.
1045 1502 1130 1537 Luc.
1157 1504 1198 1543 V,
1226 1501 1306 1537 501.

366 1559 447 1595 259.
498 1560 718 1595 Miraculum
756 1560 834 1595 sine
878 1560 991 1596 dubio
1033 1561 1103 1596 hoc
1144 1560 1226 1596 loco
1267 1561 1443 1596 narratur
1480 1560 1624 1596 factum
1663 1571 1762 1596 esse:

271 1630 381 1655 voces
408 1619 610 1654 audiuntur
643 1630 764 1664 neque
809 1619 1002 1664 quisquam
1034 1619 1268 1665 conspicitur,
1308 1631 1397 1655 aera
1433 1621 1579 1665 sonant,
1611 1621 1762 1656 statuae

271 1678 425 1724 tigrium
443 1678 623 1725 fremunt3
651 1678 697 1714 de
722 1677 779 1713 his
805 1679 916 1714 rebus
943 1678 1010 1714 cfr.
1038 1677 1099 1713 Sil.
1121 1678 1237 1720 XVII,
1257 1679 1301 1713 41
1327 1689 1428 1724 seqq.
1470 1679 1599 1715 chorus
1623 1680 1762 1721 autem,

273 1738 371 1783 quod
397 1739 454 1774 est
478 1737 516 1772 in
541 1737 638 1782 Vat„
665 1737 695 1772 si
719 1737 898 1773 redderet
922 1749 1042 1779 voces.
1068 1737 1288 1773 miraculum
1313 1749 1388 1773 non
1420 1739 1518 1774 esset
1542 1749 1663 1783 neque
1689 1737 1763 1773 dici

271 1798 399 1843 potest
431 1798 584 1832 chorum
615 1796 781 1833 adfuisse
814 1797 974 1843 quidem,
1013 1797 1080 1833 sed
1110 1809 1186 1833 non
1218 1797 1452 1844 apparuisse3
1491 1797 1616 1843 recepi
1647 1797 1764 1842 igitur

270 1857 398 1898 tholus,
437 1856 536 1901 quod
559 1855 700 1902 primus
727 1856 886 1892 coniecit
911 1856 1183 1902 Waarenburg‚
1212 1856 1284 1892 vid.
1318 1856 1415 1893 stud.
1439 1856 1600 1894 Vindob.
1617 1856 1660 1898 V,
1680 1856 1761 1892 140.

366 1917 544 1952 trieterica
570 1915 661 1951 alias
694 1927 800 1951 sacra
830 1916 913 1962 ipsa
945 1916 1128 1957 dicuntur,
1163 1927 1258 1961 quae
1289 1916 1401 1952 tertio
1429 1927 1575 1961 quoque
1601 1927 1697 1951 anno
1721 1915 1763 1950 in

270 1976 450 2011 honorem
487 1975 626 2010 Bacchi
665 1975 848 2011 celebrari
887 1976 1069 2017 solebant,
1111 1976 1182 2011 hoc
1220 1976 1347 2011 autem
1378 1975 1461 2011 loco
1484 1975 1638 2020 praeter
1674 1986 1761 2010 con-

272 2035 507 2071 suetudinem
533 2034 584 2070 sic
609 2034 850 2070 nominantur
874 2035 1047 2080 cymbala
1073 2046 1190 2070 aenea
1216 2034 1266 2069 ad
1281 2035 1376 2070 haec
1401 2045 1508 2070 sacra
1528 2033 1763 2070 celebranda

270 2093 446 2135 adhibita,
485 2106 636 2139 prorsus
667 2095 710 2128 ut
745 2094 792 2128 ab
819 2094 1017 2130 Aristonoo
1048 2094 1086 2128 in
1111 2094 1249 2139 hymno
1285 2104 1405 2139 nuper
1428 2093 1583 2139 Delphis
1607 2093 1760 2138 reperto

267 2165 301 2190 v.
328 2153 373 2188 37
401 2154 598 2200 (δωροῦνται
622 2152 660 2189 δέ
686 2152 891 2200 σ’ἂῦάνατοι)
917 2167 936 2189 τ
945 2153 1121 2199 ριετέσιν
1147 2157 1264 2199 φαναῖς
1288 2153 1439 2199 Βρόμιος.

365 2212 445 2247 261.
497 2214 609 2258 Verg.
635 2212 726 2248 Aen.
754 2212 837 2258 VH,
862 2213 917 2248 26.

361 2272 441 2308 262.
492 2273 595 2308 turbo
620 2273 792 2307 insomnis
816 2273 874 2308 est
898 2273 1011 2307 turba
1037 2273 1076 2308 et
1099 2272 1280 2307 tumultus
1305 2271 1501 2307 mulierum
1525 2270 1759 2313 insomnium,

267 2332 332 2368 cfr.
361 2332 409 2366 ad
434 2331 463 2373 Ι,
483 2331 569 2378 109;
603 2332 722 2367 domos
746 2332 817 2367 hoc
842 2332 1007 2366 tumultu
1032 2332 1186 2367 lassatas
1217 2342 1296 2367 esse
1334 2330 1426 2366 dicit
1448 2341 1516 2376 pro
1540 2329 1757 2366 mulieribus

266 2402 361 2437 quae
385 2391 425 2425 in
451 2390 620 2426 domibus
648 2391 861 2437 versantur3
899 2390 975 2426 iam
1007 2390 1180 2425 usitatius
1208 2391 1273 2432 est,
1301 2389 1399 2436 quod
1423 2389 1599 2434 sequitur,
1625 2389 1692 2425 sed
1718 2390 1760 2425 et

266 2452 336 2487 hoc
368 2449 512 2496 poetice
543 2450 685 2485 dictum
724 2451 844 2485 domos
881 2451 1103 2496 conticuisse3
1149 2451 1251 2486 turbo
1288 2450 1412 2485 autem
1447 2459 1516 2494 pro
1553 2449 1660 2483 vom-ba
1694 2447 1758 2483 vel

266 2511 420 2546 tumultu
445 2508 629 2555 (Gewfihl)
658 2508 794 2544 dicitur
820 2509 935 2544 etiam
961 2508 1022 2544 Sil.
1049 2508 1096 2550 ΙΙ,
1123 2509 1162 2551 4;
1189 2507 1274 2543 XIV
1276 2536 1284 2548 ‚
1310 2507 1397 2555 2973
1421 2507 1499 2553 XV,
1526 2506 1605 2542 627.

361 2569 441 2605 263.
491 2569 632 2614 quando
664 2569 811 2614 saepius
843 2569 963 2614 primo
994 2568 1176 2604 vocabulo
1201 2567 1449 2614 postpositum
1473 2566 1672 2608 invenitur,
1710 2567 1754 2600 ut

266 2628 294 2671 Ι,
322 2629 408 2671 241;
435 2627 496 2674 IV,
522 2628 611 2670 122;
639 2627 749 2663 alteri
773 2627 814 2669 V.
843 2628 922 2664 363.
954 2632 957 2634 ’

361 2687 441 2723 267.
491 2687 547 2723 De
573 2688 662 2740 cistq
687 2686 882 2728 Bacchica,
910 2698 1004 2731 quae
1031 2687 1113 2722 erat
1135 2685 1334 2721 viminibus
1350 2686 1466 2728 texta,
1486 2685 1552 2721 cfr.
1570 2683 1752 2721 Roscheri
