1890 3100
230 243 287 286 60
758 241 795 277 C.
822 242 1003 277 VALERI
1029 243 1203 278 FLACCI

442 361 608 413 Iamque
638 375 748 400 mero
777 361 954 415 ludoque
985 362 1137 409 modus,
1175 363 1377 415 positique
1409 363 1554 414 quietis

338 429 567 465 conticuere
596 427 711 465 toris:
749 427 857 466 solus
888 428 1032 480 quibus
1063 428 1201 467 ordine
1232 429 1330 467 fusis
1724 441 1779 470 295

336 492 547 545 impatiens
578 493 705 531 somni
736 492 876 532 ductor
904 500 1053 533 manet.
1111 494 1217 532 hunc
1253 495 1385 546 gravis
1416 494 1554 532 Aeson

293 589 299 598 .
337 563 377 596 et
406 558 554 609 pariter
583 558 680 609 vigil
709 558 919 597 Alcimede
950 565 1213 611 spectantque
1243 565 1463 611 tenentque

152 631 175 650 ¹-
201 610 278 655 ..is
335 623 446 675 pleni
476 618 662 674 ocplosss
682 624 760 662 illis
790 624 937 676 placidi
968 626 1163 663 sermonis
1193 625 1313 663 Iason

339 690 521 740 suggerit
550 661 692 743 affatus
722 690 962 742 turbataque
992 696 1157 742 pectora
1185 691 1345 729 mulcet.

337 769 444 801 mox,
472 754 541 793 ubi
570 755 676 793 victa
705 756 816 806 gravi
847 755 1078 794 ceciderunt
1108 756 1260 794 lumina
1289 770 1439 802 somno,
1723 767 1779 796 300

337 820 424 858 visa
453 827 666 859 coronatae
696 821 857 872 fulgens
886 821 1019 886 tutela
1049 822 1206 875 carinae

347 933 428 969 294.
454 933 582 978 quietis
607 934 709 969 toris:
739 933 805 969 cfr.
833 910 886 968 ad¹
906 946 940 969 v.
970 933 1048 969 109.

349 1004 429 1041 296.
454 1005 577 1050 fiat-is
588 1018 600 1049 ;
624 1003 698 1040 vid.
717 1017 752 1039 v.
771 1005 832 1046 23;
862 1005 962 1051 apud
979 1005 1151 1050 Apollon.
1170 1006 1197 1046 I,
1216 1005 1286 1040 ‘294
1304 1016 1403 1051 seqq.
1435 1006 1546 1042 Iason
1563 1007 1726 1041 matrem

228 1065 357 1100 valere
382 1065 488 1100 iubet
515 1064 616 1099 domi
650 1075 807 1109 eamque
840 1066 883 1099 ut
915 1064 1015 1100 domi
1050 1066 1204 1100 maneat
1238 1065 1412 1100 hortatur
1445 1066 1514 1101 303
1551 1078 1638 1111 seq„
1678 1077 1724 1101 ne

226 1123 436 1159 infaustum
463 1135 568 1159 omen
596 1123 931 1159 lamentationibus
956 1124 1137 1159 maternis
1164 1124 1321 1159 exsistat
1346 1136 1523 1160 ancoram
1548 1125 1724 1167 solventi;

229 1184 294 1219 cfr.
320 1183 432 1228 Verg.
459 1183 551 1219 Aen.
578 1183 660 1224 XII,
689 1183 734 1217 72
761 1194 862 1228 seqq.

347 1254 427 1289 297.
455 1254 648 1290 Alcimede
674 1256 796 1290 mater
815 1256 871 1290 est
890 1254 1041 1294 Iasonis,
1070 1254 1136 1290 cfr.
1157 1255 1278 1300 Apoll.
1296 1256 1326 1297 Ι,
1351 1255 1413 1297 47;
1441 1255 1526 1297 233;
1555 1255 1621 1292 Ov.
1647 1257 1725 1297 her,

227 1315 290 1356 VI,
319 1314 401 1351 105:
434 1314 530 1360 Hyg.
558 1313 633 1349 fab.
664 1315 725 1354 13;
768 1315 826 1355 14;
867 1314 933 1350 sed
960 1315 1023 1349 alii
1050 1315 1151 1349 aliud
1178 1314 1211 1350 ei
1236 1326 1372 1350 nomen
1397 1315 1622 1357 tribuerunt,
1649 1316 1724 1354 vid.

230 1373 345 1412 schol.
371 1373 493 1419 Apoll.
519 1373 603 1415 1.1.;
631 1374 744 1409 schol.
774 1374 841 1409 Od.
861 1374 942 1414 XII,
962 1373 1007 1408 69
1016 1387 1023 1415 ;
1050 1374 1343 1410 Kennerknecht
1372 1387 1436 1409 zur
1464 1374 1725 1420 Argonauten-

229 1445 321 1479 sage
346 1446 381 1479 p.
409 1433 431 1468 3
458 1434 585 1469 annot.
613 1434 652 1468 et
678 1432 839 1468 Stender
874 1433 920 1468 de
947 1433 1251 1478 Argonautarum
1289 1455 1334 1459 ——
1373 1434 1613 1480 expeditione
1638 1434 1724 1470 hist.

230 1492 348 1528 critic.
376 1505 411 1538 p.
439 1492 471 1527 6.

350 1563 431 1599 298.
451 1564 554 1609 pleni
578 1565 698 1599 oculos
722 1575 771 1599 sc.
798 1563 972 1605 lacrimis,
1000 1563 1073 1599 vid.
1100 1563 1219 1609 praef.
1248 1575 1328 1609 cap.
1355 1564 1382 1598 I.

348 1635 428 1670 300.
455 1635 656 1671 cecidemnt
687 1636 839 1677 lamium
880 1635 943 1671 Sil.
970 1635 1048 1677 VIl,
1077 1635 1147 1670 470
1179 1646 1255 1680 seq.
1291 1635 1445 1680 fessique
1475 1636 1604 1671 nitoris
1629 1635 1726 1671 Luce

227 1695 362 1730 cadunt
386 1695 492 1732 oculi.

371 1766 452 1801 301.
479 1767 589 1801 tutela
615 1765 713 1801 solet
738 1765 922 1801 nominari
947 1765 1072 1810 imago
1100 1765 1160 1800 dei
1185 1765 1357 1801 tutelaris
1383 1765 1422 1800 in
1446 1765 1564 1811 puppi
1590 1765 1726 1802 consti-

226 1826 330 1868 tuta;
358 1825 426 1862 cfr.
452 1825 565 1870 Verg.
591 1825 683 1862 Aen.
709 1827 753 1870 X,
782 1825 865 1871 1713
907 1824 972 1861 Ov.
1010 1824 1107 1859 trist.
1135 1826 1161 1865 I,
1188 1825 1221 1865 4,
1248 1825 1286 1865 8;
1314 1824 1341 1865 I,
1371 1825 1425 1867 10,
1455 1825 1490 1867 l;
1534 1825 1620 1860 Luc.
1658 1824 1726 1867 III,

229 1885 320 1928 511;
349 1884 445 1920 Stat.
471 1884 589 1920 Theb.
615 1884 716 1922 VIII.
743 1884 837 1925 270,
865 1884 927 1920 Sil.
953 1884 1057 1925 XIII,
1085 1884 1146 1925 78;
1174 1883 1270 1926 XIV,
1288 1884 1376 1926 410;
1401 1884 1489 1927 439;
1516 1884 1602 1926 543;
1623 1884 1726 1920 Pers.

227 1946 298 1981 sat.
323 1944 385 1989 VI,
411 1944 473 1986 30;
501 1945 615 1989 atque
640 1944 695 1979 ita
720 1944 913 1978 Burmann
939 1943 1060 1979 locum
1085 1943 1285 1980 intellexit.
1312 1943 1387 1980 Sed
1411 1945 1540 1979 tamen
1564 1943 1620 1979 his
1646 1955 1727 1979 ver-

227 2004 284 2039 bis
299 2004 469 2040 Valerius
488 2015 638 2049 prorsus
660 2003 762 2038 aliud
782 2003 978 2048 significat.
1022 2002 1076 2037 Ex
1090 2002 1176 2037 libri
1189 2002 1280 2037 VIII
1293 2014 1402 2039 versu
1415 2003 1485 2038 203
1500 2003 1598 2039 enim
1612 2014 1727 2049 appa-

228 2065 298 2105 ret,
326 2063 535 2099 Minervam
559 2063 665 2098 navis
692 2063 803 2098 deam
827 2062 1031 2098 tutelarem
1058 2061 1182 2103 fuisse,
1209 2063 1279 2098 hoc
1315 2063 1443 2098 autem
1479 2062 1562 2098 loco
1602 2062 1728 2107 imago

228 2134 384 2168 quercus
402 2123 630 2158 Dodonaeae
656 2122 781 2158 Iasoni
807 2123 986 2167 apparet;
1006 2122 1091 2157 erat
1116 2122 1210 2158 haec
1235 2122 1340 2157 trabs
1367 2133 1412 2158 ex
1437 2133 1576 2167 quercu
1600 2121 1727 2156 fatidi-

228 2193 273 2218 ca
297 2182 397 2218 Iovis
422 2182 619 2218 Dodonaei
645 2182 767 2217 facta:
795 2181 915 2227 Apoll.
943 2182 970 2222 I,
996 2181 1082 2223 526;
1103 2181 1164 2222 IV,
1189 2181 1275 2223 580;
1303 2181 1475 2227 Apollod.
1500 2180 1527 2222 I,
1555 2181 1588 2222 9,
1616 2181 1672 2222 16,
1700 2180 1723 2215 6

227 2242 324 2287 Hyg.
356 2242 494 2277 astron.
526 2240 573 2282 II,
606 2242 667 2283 37;
711 2241 905 2278 Claudian.
938 2240 985 2276 de
1017 2240 1118 2276 bello
1149 2240 1309 2278 Pollent.
1346 2241 1391 2276 18
1415 2251 1510 2286 seq.;
1553 2239 1620 2276 cfr.
1645 2239 1727 2275 Val.

226 2301 268 2343 V,
284 2300 340 2336 65.
370 2301 478 2336 Hanc
494 2300 644 2336 trabem
665 2300 790 2346 effigie
809 2300 971 2345 quadam
990 2299 1117 2335 divina
1134 2300 1349 2346 praeditam
1366 2299 1491 2335 Iasoni
1507 2299 1628 2335 visam
1647 2309 1728 2335 esse

226 2358 397 2396 Valerius
422 2359 571 2395 finxisse
596 2360 758 2396 videtur.
809 2359 905 2395 Sane
932 2359 1109 2404 neglexit,
1154 2371 1236 2395 cum
1275 2359 1380 2395 navis
1422 2358 1728 2395 aedificationem

227 2419 470 2465 describeret,
489 2419 535 2454 de
550 2430 688 2464 quercu
713 2419 779 2453 illa
805 2418 1008 2463 quidquam
1034 2419 1184 2459 addere,
1213 2429 1327 2463 quare
1353 2430 1428 2454 non
1444 2429 1514 2464 pro
1533 2419 1637 2454 certo
1655 2417 1729 2454 dici

227 2479 365 2525 potest,
393 2478 578 2523 quomodo
604 2489 684 2513 rem
712 2477 836 2527 animo
862 2477 1124 2513 informaverit
1150 2479 1262 2523 atque
1288 2477 1327 2512 in
1361 2488 1433 2522 qua
1471 2478 1582 2523 parte
1622 2476 1728 2512 navis

228 2537 427 2574 fatidicam
460 2549 637 2583 quercum
670 2537 784 2572 fuisse
809 2537 1005 2582 putaverit
1031 2538 1068 2572 et
1100 2538 1224 2572 utrum
1252 2537 1431 2578 Minerva,
1470 2536 1576 2572 navis
1614 2535 1752 2571 fabri-'

228 2597 360 2640 catriz,
389 2609 438 2632 an
463 2597 555 2633 Iuno
582 2608 759 2642 quercum
786 2595 985 2631 addiderit.
1038 2595 1160 2638 Quare
1187 2596 1285 2641 quod
1311 2595 1402 2631 dicit
1428 2595 1474 2631 de
1493 2595 1669 2631 Saturnia
1693 2607 1728 2634 v.

226 2657 306 2699 305,
334 2668 484 2695 servare
511 2668 623 2702 quam
648 2657 746 2691 hanc
771 2667 901 2691 vocem
921 2654 1136 2698 Nodellium
1162 2656 1335 2706 secutum
1361 2654 1400 2690 in
1417 2654 1626 2690 Tritoniam
1650 2667 1728 2690 mu-

225 2718 308 2753 tare
333 2716 452 2752 tutius
480 2716 603 2752 credo.
