1890 3100
229 193 317 236 450
755 193 791 229 C.
819 194 999 229 VALERI
1026 194 1199 230 FLACCI

333 311 455 350 flebat
486 318 525 350 et
554 313 626 350 has
656 313 734 351 imo
766 313 969 352 referebat
997 320 1160 365 pectore
1190 327 1330 353 voces:

336 377 501 416 ‘deseris
531 378 611 416 heu
631 384 810 417 nostrum
835 392 976 417 nemus
1007 379 1279 431 aequalesque
1310 386 1503 427 catervas,

334 456 358 481 a
386 444 542 490 misera,
573 449 615 481 ut
647 443 788 482 Graias
819 444 915 482 haut
945 450 1086 496 sponte
1115 445 1275 496 vageris
1306 444 1356 483 ad
1385 445 1522 484 urbes!

333 522 414 546 non
443 509 572 547 invisa
600 515 754 556 tamen3
785 523 918 561 neque
948 516 1000 556 te,
1031 524 1122 548 mea
1151 524 1256 558 cura,
1289 510 1524 562 relinquam.

334 587 481 625 magna
508 574 629 625 fugae
659 580 916 613 monumenta
946 574 1070 622 dabis,
1103 588 1292 626 spernere
1323 589 1398 614 nec
1427 589 1596 628 usquam
1722 593 1777 624 500

334 639 518 677 mendaci
549 640 706 691 captiva
735 640 831 687 viro,
862 653 1007 692 meque
1038 640 1105 678 ille
1135 641 1366 692 magistram

336 705 483 743 sentiet
512 711 551 744 et
580 711 696 756 raptu
725 705 899 743 famulae
930 705 1106 760 doluisse
1136 705 1350 757 pudendo’.

335 770 503 809 dixerat.
561 778 623 809 ast
651 770 744 809 illae
775 784 975 809 murorum
1005 777 1185 810 extrema
1214 778 1431 823 capessunt

335 835 571 888 defixaeque
601 836 729 874 virum
757 835 980 887 lituumque
1009 836 1232 887 fragoribus
1262 837 1435 884 horrent,

336 901 476 953 quales
505 902 669 940 instanti
698 901 920 939 nimborum
950 901 1098 952 frigore
1127 908 1305 940 maestae

336 966 557 1005 succedunt
586 967 704 1004 ramis
734 966 983 1018 haerentque
1014 980 1162 1017 pavore
1191 967 1388 1006 volucres.

390 1032 556 1083 Iamque
588 1031 730 1077 Getae,
762 1031 921 1082 iamque
952 1031 1078 1069 omnis
1108 1031 1236 1070 Hiber
1265 1032 1559 1085 Drancaeaque
1597 1033 1722 1072 densa

337 1102 470 1147 strage
501 1096 606 1134 cadit
635 1096 742 1147 legio
773 1102 812 1134 et
842 1096 932 1134 latis
962 1097 1226 1147 prosternitur
1255 1098 1373 1136 arvis.

337 1162 559 1200 semineces
590 1161 852 1213 duplicesque
882 1161 986 1199 inter
1016 1174 1088 1199 sua
1118 1162 1201 1200 tela
1231 1175 1404 1215 suosque

231 1311 331 1347 deor.
351 1310 418 1356 ΙΙΙ,
445 1311 510 1353 46;
538 1310 687 1346 Hesiod.
707 1310 846 1356 Theog.
867 1310 956 1352 4093
984 1310 1155 1356 Apollod.
1183 1310 1209 1351 Ι,
1237 1311 1268 1352 2,
1295 1311 1334 1353 4;
1366 1311 1480 1347 schol.
1507 1312 1627 1357 Apoll.
1653 1311 1721 1354 111,

232 1370 335 1405 1034.
386 1371 482 1406 Sane
509 1370 583 1405 alia
609 1370 672 1405 alii
690 1370 938 1411 tradiderant,
967 1369 1032 1405 cfr.
1052 1370 1159 1405 Diod.
1186 1370 1249 1411 IV,
1275 1370 1337 1416 453
1365 1371 1478 1407 schol.
1505 1371 1625 1416 Apoll.
1651 1371 1721 1413 111,

230 1430 317 1472 200;
356 1429 443 1472 242;
483 1430 628 1465 Latona
654 1431 776 1465 mater
802 1430 959 1465 vocatur
983 1430 1083 1474 poet.
1111 1429 1176 1465 lat.
1203 1429 1290 1466 min.
1317 1430 1346 1469 Ι,
1375 1430 1428 1471 12,
1456 1430 1502 1465 32
1528 1430 1581 1471 B..
1609 1430 1675 1467 sed
1700 1442 1722 1466 a

230 1490 333 1525 nullo
361 1490 471 1525 Perse
497 1490 620 1524 mater
645 1489 868 1524 nominatur.

329 1561 412 1596 496.
463 1561 636 1603 referebat
655 1564 798 1605 pectore
822 1571 936 1596 voces:
963 1560 1074 1605 Verg.
1101 1560 1192 1595 Aen.
1219 1560 1260 1601 V,
1287 1560 1368 1596 409.

323 1632 403 1668 497.
455 1633 684 1677 aequalesque
709 1636 882 1668 catervas:
909 1631 990 1671 VH,
1020 1631 1107 1673 181;
1134 1632 1243 1676 Verg.
1272 1634 1360 1667 Aen.
1388 1632 1433 1673 Χ,
1462 1631 1539 1667 194.

323 1703 403 1738 498.
454 1704 554 1739 haud
577 1707 710 1748 sponte,
739 1715 785 1739 sc.
814 1704 944 1739 coacta
971 1702 1169 1738 coniuncta
1194 1702 1307 1737 trium
1334 1703 1484 1739 dearum
1514 1714 1637 1749 opera.

323 1774 403 1810 499.
454 1776 596 1811 iniussa
620 1775 716 1815 Vat..
743 1775 861 1810 invisa
887 1775 966 1810 cod.
994 1774 1137 1809 Monac.

323 1846 400 1869 mea
425 1846 528 1869 cura:
557 1834 625 1871 cfr.
650 1834 762 1879 Verg.
790 1834 856 1870 ecl.
883 1834 911 1875 Ι,
952 1835 995 1868 57
1022 1844 1163 1875 raucae,
1190 1837 1254 1868 tua
1280 1844 1378 1874 cura,
1399 1834 1605 1878 palumbe33
1632 1833 1724 1870 Hor.

229 1905 259 1930 c.
287 1893 334 1935 ΙΙ,
361 1893 393 1936 8,
421 1893 443 1928 8
479 1894 711 1938 iuvenumque
743 1894 877 1938 prodis
895 1894 1044 1938 publica
1068 1904 1156 1928 eura
1189 1894 1228 1928 et
1253 1892 1305 1928 sic
1331 1903 1443 1938 saepe
1468 1904 1536 1938 pro
1562 1892 1721 1935 homine,

229 1953 292 1998 qui
318 1965 429 1989 curae
457 1954 515 1989 est
541 1953 603 1988 vel
628 1964 679 1994 re,
707 1952 888 1998 imprimis
915 1953 1016 1998 apud
1040 1953 1175 1998 poetas
1198 1952 1343 1997 lyricos.

325 2025 407 2061 505.
457 2025 655 2060 nimborum
683 2025 819 2070 friyore
844 2036 916 2060 non
943 2024 1093 2060 videtur
1110 2024 1347 2059 mutandum:
1374 2024 1460 2059 sunt
1474 2023 1722 2069 tempestates

230 2095 314 2119 cum
339 2084 481 2129 frigore
509 2084 745 2120 coniunctae.

327 2155 407 2191 507.
461 2155 572 2190 Getas
611 2157 726 2191 antea
751 2155 921 2190 Valerius
960 2154 1059 2190 inter
1096 2154 1214 2189 socios
1240 2154 1377 2189 Persae
1402 2164 1477 2189 non
1502 2151 1719 2193 nominavit,

229 2214 296 2250 sed
320 2215 490 2250 Iaxartes
530 2214 649 2250 socius
676 2215 818 2250 Aeetae
844 2214 951 2249 huius
977 2213 1100 2258 gentis
1131 2213 1247 2249 hostis
1274 2213 1434 2259 apparet
1457 2212 1499 2253 V,
1526 2211 1614 2253 600;
1652 2211 1722 2247 Hi-

229 2274 345 2309 beriae
374 2275 517 2308 turmas
550 2273 855 2309 commemoravit
891 2274 1005 2318 poeta
1042 2272 1102 2314 VI,
1145 2272 1212 2307 120
1251 2273 1288 2308 et
1314 2272 1540 2307 Dramaeam
1564 2270 1721 2316 phalan-

229 2343 317 2379 gem
342 2332 403 2374 VI,
433 2332 512 2368 106.

325 2403 405 2439 509.
457 2404 615 2448 duplices
633 2404 759 2441 Burm.
779 2403 943 2448 explicat
959 2402 1174 2439 vulneribus
1192 2402 1415 2447 incurvatos,
1442 2400 1543 2436 cuius
1560 2400 1721 2437 notionis

229 2463 409 2499 nonnulla
435 2462 647 2508 duplicandi
674 2462 779 2498 verbi
807 2462 977 2508 exempla
1003 2462 1250 2508 reperiuntur,
1278 2461 1382 2497 velut
1408 2460 1517 2505 Verg.
1539 2460 1627 2496 Aen.
1655 2460 1719 2502 XI,

230 2523 319 2565 645;
348 2522 413 2558 Ov.
441 2527 530 2558 met.
556 2522 618 2561 VI,
646 2521 726 2556 293.

327 2594 396 2629 509
437 2605 512 2639 seq.
551 2593 749 2639 respicitur
788 2592 835 2627 ad
875 2604 928 2632 ea.
974 2603 1070 2637 quae
1108 2603 1219 2638 supra
1255 2591 1409 2626 narrata
1446 2591 1532 2625 sunt
1568 2590 1656 2626 inde
1698 2601 1721 2625 a

231 2664 341 2689 versu
366 2653 436 2688 398
462 2664 560 2699 seqq.
1670 2649 1672 2652 ”

1723 914 1777 944 505
