1890 3100
612 224 997 262 ARGONAVTICON
1022 223 1168 259 LIBER
1191 223 1235 257 V.
1585 223 1672 266 385

297 346 432 398 accipe
460 346 650 384 Taenarii
678 344 932 396 chlamydem
960 343 1011 382 de
1040 342 1235 394 sanguine
1263 341 1354 380 aeni

293 412 486 463 frenaque
516 416 557 449 et
584 410 805 449 accinctum
833 409 999 460 gemmis
1026 407 1274 459 fulgentibus
1303 419 1459 445 ensem:

294 477 370 515 hoc
397 476 569 527 patrium
598 474 733 523 decus,
762 475 863 513 haec
890 473 1060 511 materni
1087 479 1200 510 texta
1226 471 1387 518 laboris,

293 542 356 579 his
384 536 576 593 Lapithes
605 540 793 579 adsuerat
820 552 957 592 eques.
1015 537 1066 576 da
1092 538 1260 588 iungere
1295 536 1488 582 dextram,
1673 541 1728 572 515

296 606 347 644 da
377 606 587 657 Scythicas
617 605 768 644 sociare
797 603 954 642 domos:
985 603 1084 641 sciat
1112 603 1236 640 effera
1262 602 1369 653 regis

293 672 352 709 ira
378 672 469 718 mei,
499 684 617 724 quem
645 676 686 708 te
714 669 907 708 horrifero
936 669 1097 707 sortitus
1125 668 1167 705 in
1195 680 1271 706 axe

296 736 503 775 Caucasus
532 742 652 787 atque
680 735 759 773 tuis
789 740 979 786 quantum
1007 734 1191 772 mitescat
1218 731 1412 770 habenis'.

347 801 516 839 Talibus
546 800 672 838 oranti
699 799 814 837 vultu
843 799 975 850 gravis
1003 798 1072 837 ille
1101 799 1246 836 minaci

293 865 522 904 iamdudum
550 865 684 903 fremit
711 871 752 903 et
780 864 893 902 furiis
922 864 1094 915 ignescit
1121 863 1281 914 opertis.
1640 862 1642 864 ’
1674 864 1730 893 520

297 943 372 969 ceu
399 936 527 968 tumet
554 936 675 982 atque
703 930 782 967 imo
813 929 885 967 sub
916 929 1074 980 gurgite
1103 928 1275 980 concipit
1302 933 1458 965 austros

296 995 404 1034 unda
433 995 567 1043 silens,
597 995 718 1033 trahit
746 1008 797 1033 ex
826 994 906 1033 alto
937 995 994 1032 sic
1021 994 1213 1032 barbarus
1242 994 1333 1039 iras,

188 1096 343 1132 tendere
367 1095 467 1137 licet,
500 1095 567 1130 cfr.
595 1094 675 1131 Sen.
701 1095 800 1131 Med.
826 1094 912 1136 365;
939 1093 1025 1136 596;
1058 1093 1184 1130 Manil.
1211 1093 1240 1139 Ι,
1266 1093 1352 1135 621;
1387 1091 1536 1128 omnino
1561 1091 1601 1126 id
1626 1092 1674 1128 de

188 1155 312 1190 nautis
337 1155 426 1190 dicit
451 1154 537 1190 Hor.
565 1166 596 1189 c.
622 1154 691 1195 111,
718 1155 774 1195 24,
800 1154 858 1189 41.

284 1214 366 1250 512.
420 1214 589 1248 Taenarii
613 1213 828 1259 chlamydem
848 1213 890 1247 de
906 1213 1080 1258 sanguine
1096 1213 1196 1247 aeni:
1220 1211 1317 1257 quod
1334 1216 1450 1261 poeta
1471 1222 1672 1257 purpuram

190 1273 413 1309 Laconicam
437 1272 657 1318 sanguinem
682 1272 854 1308 Taenarii
880 1272 965 1308 aeni
996 1271 1171 1313 nominat,
1206 1283 1280 1306 non
1306 1271 1456 1312 mirum;
1493 1270 1587 1305 illud
1611 1281 1674 1304 au-

190 1332 328 1376 dacius,
366 1332 465 1377 quod
503 1332 738 1376 chlamydem
769 1331 951 1376 sanguine
982 1331 1046 1366 illo
1078 1331 1275 1366 tinctam
1301 1330 1394 1365 dicit
1417 1329 1486 1364 chl.
1514 1329 1566 1365 de
1591 1340 1674 1364 san-

189 1391 312 1436 guine,
339 1391 445 1436 quasi
468 1391 550 1436 ipsa
576 1391 741 1436 chlamys
768 1391 814 1426 de
841 1402 883 1426 eo
908 1392 1010 1425 facta
1036 1394 1150 1425 esset:
1177 1390 1335 1425 fortasse
1361 1400 1470 1424 ausus
1496 1390 1563 1434 est,
1589 1388 1676 1434 quia

190 1460 353 1496 purpura
375 1450 524 1496 proprie
550 1450 711 1486 colorem
737 1450 948 1495 significans
966 1461 1079 1495 saepe
1102 1461 1171 1495 pro
1190 1449 1350 1484 materia
1374 1448 1590 1483 vestimenti
1614 1448 1675 1483 vel

191 1509 415 1545 vestimento
440 1509 521 1555 ipso
546 1509 726 1544 scribitur.

224 1584 227 1586 v
283 1568 366 1605 513.
414 1569 609 1603 accinctum
631 1569 776 1613 yemmis
806 1568 830 1603 i.
858 1579 888 1604 e.
914 1568 1146 1609 instructum,
1179 1569 1368 1607 ornatum;
1400 1567 1595 1611 accingere
1621 1566 1674 1601 sic

190 1627 311 1672 magis
342 1627 509 1672 generali
539 1627 726 1663 sententia
757 1628 894 1672 legitur
927 1628 1042 1663 etiam
1067 1627 1174 1672 Verg.
1209 1628 1301 1662 Aen.
1327 1626 1389 1666 VL
1421 1626 1491 1660 570
1516 1627 1675 1661 accincta

194 1687 334 1731 flayello
364 1687 554 1731 Tisiphone
579 1690 616 1722 et
639 1687 702 1727 lx,
730 1687 774 1721 74
800 1688 914 1722 omm's
935 1688 1077 1729 facibus
1095 1687 1210 1731 pube-3
1234 1687 1431 1731 accinyitur
1454 1686 1554 1721 atr-is.

284 1746 362 1780 515.
413 1746 470 1781 De
495 1746 662 1791 Lapithis
686 1746 815 1792 primis
840 1746 1024 1791 equitibus
1049 1746 1115 1781 cfr.
1142 1746 1190 1780 ad
1215 1747 1245 1787 1,
1271 1746 1352 1782 424.

287 1805 382 1840 dona
405 1805 499 1845 Vat..
526 1805 682 1840 dextram
710 1805 790 1841 cod.
818 1805 937 1847 Carr.;
963 1807 1067 1840 recte
1092 1817 1175 1840 mea
1200 1805 1389 1841 sententia
1413 1805 1535 1842 Burm.
1568 1803 1674 1838 dubi-

189 1864 304 1906 tavit,
342 1876 431 1898 num
461 1865 605 1909 iunyere
640 1865 734 1900 dona
764 1865 876 1900 latine
909 1865 982 1899 dici
1012 1865 1146 1910 possit,
1181 1876 1270 1899 nam
1299 1876 1449 1910 prorsus
1482 1863 1557 1898 alia
1588 1864 1675 1898 sunt

194 1924 339 1968 iunyere
363 1924 545 1967 amplam-s
569 1925 689 1958 oscula
708 1928 856 1968 pectora
881 1924 1033 1959 dextras.

283 1982 361 2016 517.
411 1983 568 2027 sortitus,
594 1994 642 2018 sc.
669 1983 727 2023 sit,
755 1983 840 2018 vide
865 1983 915 2017 ad
939 1982 987 2023 Π,
1014 1984 1070 2020 51,

287 2040 368 2076 518.
422 2040 644 2076 Submissius
663 2041 771 2077 Iason
799 2042 899 2087 apud
911 2042 1158 2087 Apollonium,
1183 2044 1381 2087 postquam
1396 2053 1464 2088 pro
1491 2053 1535 2077 eo
1552 2042 1674 2087 Argus

191 2100 309 2135 verba
334 2099 433 2140 fecit,
461 2111 610 2136 aureum
637 2101 755 2136 vellus
779 2101 874 2146 petit
900 2101 968 2142 ΙΙΙ,
995 2101 1084 2143 386;
1110 2102 1223 2136 multo
1249 2101 1488 2136 confidentius
1512 2101 1675 2147 loquitur

191 2159 298 2195 Iason
324 2159 476 2195 Valerii.

287 2218 365 2254 519.
416 2223 575 2254 orantem
600 2219 699 2259 Vah,
733 2220 853 2254 oranti
878 2220 971 2255 duce
998 2220 1165 2255 Oudend.
1194 2220 1299 2266 Apul.
1324 2222 1412 2256 met.
1438 2233 1476 2266 p.
1502 2220 1582 2261 305,
1609 2220 1673 2265 qui

190 2279 309 2313 oranti
332 2279 371 2312 in
395 2278 596 2323 proposuit,
623 2278 768 2323 scripsi3
796 2278 861 2313 cfr.
889 2279 995 2324 Verg.
1022 2283 1111 2315 Aen.
1137 2279 1201 2321 IV,
1227 2279 1297 2314 220
1323 2282 1361 2315 et
1386 2279 1465 2316 437.

283 2336 363 2372 520.
411 2337 521 2379 furiis
554 2337 714 2382 ique-scin
747 2337 811 2372 cfr.
838 2338 943 2382 Verg.
976 2342 1067 2376 Aen.
1099 2338 1161 2379 IX,
1194 2339 1240 2373 66
1270 2339 1453 2383 iynescunt
1482 2340 1575 2381 irae3
1609 2339 1671 2374 Sil.

190 2395 254 2436 lx,
279 2395 351 2430 460
375 2397 474 2440 vir-90
506 2397 701 2442 iynescen33
735 2396 836 2436 XIII,
871 2397 939 2431 180
971 2398 1154 2442 iyncscunt
1178 2399 1306 2436 animi:
1338 2397 1429 2434 Stat.
1463 2398 1580 2436 Theb.
1607 2398 1671 2439 XI,

193 2454 264 2488 525
285 2455 502 2499 iynescentia
526 2455 619 2490 odia.

284 2513 365 2549 521.
415 2515 482 2549 imo
513 2515 578 2549 sub
607 2515 746 2559 yuryite
776 2516 927 2560 concipit
959 2520 1100 2551 austros
1129 2517 1228 2551 unda
1259 2517 1383 2552 silens.-
1419 2517 1671 2563 super-latione

192 2572 352 2617 quadam
383 2573 505 2608 ventis
536 2573 649 2607 imum
675 2573 827 2609 fundum
864 2575 975 2610 maris
1007 2584 1223 2610 concussum
1259 2587 1338 2612 esse
1376 2574 1466 2611 dicit
1491 2575 1670 2615 Valerius,

192 2630 259 2666 sed
282 2631 377 2667 idem
403 2631 479 2666 iam
503 2632 648 2668 fecerat
671 2632 782 2678 Verg.
809 2633 899 2669 Aen.
926 2634 955 2673 Ι,
981 2634 1044 2676 84;
1080 2634 1163 2676 107;
1191 2635 1258 2670 cfr.
1291 2634 1352 2670 Sil.
1380 2635 1442 2674 IX,
1469 2635 1556 2675 284;
1591 2647 1672 2670 con-

193 2690 281 2733 cipit
305 2694 460 2725 austros:
488 2691 570 2727 Luc.
598 2691 640 2736 V,
667 2692 743 2728 566.
