1890 3100
257 228 343 272 552
778 227 815 265 C.
841 229 1021 264 VALERI
1046 229 1220 266 FLACCI

365 352 547 386 cerneret
575 353 616 385 et
643 347 796 399 Tempe
824 347 936 386 tenui
963 348 1140 387 lucentia
1168 348 1288 396 fumo,

363 412 440 450 hoc
468 413 557 451 visu
586 418 774 451 contenta
800 414 910 452 mori.
966 419 1061 452 tunc
1090 419 1176 452 tota
1205 414 1394 466 querellis

364 477 539 528 egeritur
567 483 791 531 questuque
822 478 918 526 dies,
950 478 1173 531 eademque
1203 479 1275 517 sub
1306 481 1422 518 astris

363 542 449 581 sola
475 548 620 591 movet,
650 545 811 582 maestis
841 544 966 583 veluti
994 558 1075 583 nox
1102 544 1172 582 illa
1201 550 1361 583 sonaret
1741 557 1796 587 455

361 608 482 660 plena
509 608 613 660 lupis
643 613 933 661 quaterentque
961 614 1094 647 truces
1123 609 1258 647 ieiuna
1285 609 1424 648 leones

362 686 431 711 ora
457 672 525 711 vel
554 673 718 712 orbatae
746 674 951 712 traherent
980 674 1149 725 suspiria
1176 687 1336 713 vaccae.

359 738 539 790 procedit
573 752 654 778 non
682 739 811 790 gentis
840 739 985 787 honos,
1021 753 1101 778 non
1158 770 1499 780 ......

363 803 467 842 Solis
497 804 573 852 avi,
602 817 683 843 non
709 804 941 843 barbaricae
970 804 1091 843 decor
1118 805 1188 844 ille
1216 805 1416 850 iuventae,

362 868 490 921 qualis
520 874 616 917 erat,
647 883 735 907 cum
764 869 944 908 Chaonio
973 869 1170 908 radiantia
1197 876 1338 909 trunco
1740 889 1795 921 460

359 933 514 973 vellera
540 934 651 973 vexit
680 947 815 982 ovans,
844 935 1028 987 interque
1057 935 1236 986 ingentia
1265 935 1431 975 Graium

360 999 520 1037 nomina
547 998 729 1038 Palladia
755 999 867 1051 virgo
897 1000 1007 1038 stetit
1036 1000 1163 1039 altera
1189 1014 1319 1052 prora.

347 1141 428 1177 452.
478 1142 576 1177 tenui
600 1153 670 1178 om.
695 1141 792 1183 Vat..
820 1141 904 1177 add.
931 1141 1123 1177 Baehrens
1149 1142 1231 1178 coll.
1260 1142 1325 1178 Ov.
1351 1143 1441 1179 met.
1467 1142 1496 1184 Ι,
1523 1142 1610 1188 571;
1639 1143 1741 1188 Bury

252 1201 496 1237 Hermathen.
522 1200 622 1242 Vm,
648 1200 718 1235 419
735 1202 808 1237 iam
826 1201 1041 1246 pellucentia
1064 1202 1273 1247 proposuit;
1302 1202 1391 1247 quid
1407 1203 1523 1247 poeta
1539 1202 1740 1248 scripserit.

252 1260 449 1297 incertum.

344 1319 466 1363 fumus
492 1320 549 1356 est
572 1320 720 1361 nebula,
747 1320 790 1354 ut
815 1320 915 1365 apud
941 1319 1005 1356 Ov.
1032 1320 1055 1356 l.
1083 1320 1105 1355 1.
1134 1322 1172 1356 et
1194 1321 1336 1363 fumeus
1361 1321 1561 1357 nebulosus
1578 1320 1740 1365 Va1.1v,

254 1379 339 1424 5963
365 1379 535 1415 similiter
557 1379 723 1422 fumandi
747 1379 863 1415 verbo
888 1380 1045 1414 utuntur
1070 1379 1175 1415 Lucr.
1202 1379 1265 1421 VI,
1292 1379 1379 1422 460;
1407 1380 1477 1415 523
1504 1381 1543 1416 et
1561 1379 1623 1416 Sil.
1643 1379 1740 1422 XIV,

252 1438 338 1481 590;
363 1439 510 1482 fumifer
535 1441 688 1484 Aponus
713 1438 799 1475 Luc.
826 1438 908 1485 VII,
935 1438 1013 1475 193.
1045 1438 1089 1474 In
1114 1440 1280 1475 mentem
1299 1439 1404 1475 vem't
1428 1439 1500 1475 loci
1517 1439 1615 1475 illius
1634 1439 1740 1475 Hom.

254 1498 322 1534 Od.
347 1497 377 1543 Ι,
403 1498 459 1539 58,
485 1498 551 1533 ubi
566 1497 691 1534 Ulixes
717 1498 755 1532 in
771 1497 892 1533 insula
911 1497 1127 1543 Calypsonis
1146 1499 1316 1534 retentus
1335 1498 1395 1534 vel
1413 1497 1557 1533 fumum
1576 1509 1598 1533 a
1617 1498 1741 1543 patria

253 1557 436 1593 orientem
462 1557 675 1602 conspicere
701 1556 812 1602 cupit.

347 1616 425 1652 454.
475 1616 635 1661 querellis
660 1617 812 1662 eyeritwr
848 1636 881 1643 -
907 1616 996 1658 dies;
1033 1616 1100 1653 cfr.
1125 1616 1167 1658 V,
1194 1616 1276 1653 298.
1326 1617 1510 1662 eademque
1538 1618 1603 1653 sub
1628 1617 1740 1652 astris

253 1697 298 1703 —
321 1679 434 1712 movet
457 1675 479 1711 i.
508 1687 538 1712 e.
564 1676 676 1711 noctu
702 1676 852 1711 eosdem
877 1676 1028 1720 questus
1053 1680 1192 1711 movet.

345 1735 426 1771 455.
474 1736 583 1771 veluti
617 1745 690 1770 nox
725 1736 788 1770 illa
822 1739 964 1771 sonaret
994 1736 1106 1779 plena
1131 1735 1245 1779 lupis:
1297 1746 1370 1771 nox
1395 1735 1530 1771 dicitur
1554 1747 1622 1781 pro
1648 1735 1740 1771 locis

251 1794 452 1837 nocturnis,
479 1805 573 1840 quae
597 1794 743 1829 ululatu
767 1794 939 1840 luporum
964 1794 1194 1839 aliorumque
1233 1794 1450 1830 animalium
1475 1795 1662 1836 resonant,
1689 1794 1742 1829 sic

252 1854 353 1900 apud
376 1855 508 1899 poetas
533 1853 723 1889 interdum
747 1853 1024 1888 substantivum
1054 1853 1173 1889 noctis
1199 1853 1338 1899 legitur
1374 1865 1442 1900 pro
1468 1853 1628 1889 Tartaro
1653 1853 1740 1889 cali-

251 1914 392 1959 ginoso,
432 1914 536 1949 velut
575 1913 701 1949 Claud.
733 1914 828 1958 rapt.
865 1913 966 1949 Pros.
999 1912 1028 1955 Ι,
1054 1912 1099 1947 55
1124 1913 1189 1948 Dis
1214 1914 1324 1959 pater
1350 1913 1566 1959 appellatur
1590 1913 1741 1948 maxime

250 1974 365 2009 noctis
389 1973 530 2009 arbiter.

345 2033 426 2069 457.
474 2033 654 2068 traherent
676 2032 851 2076 suspiria:
879 2031 946 2067 cfr.
973 2032 1022 2067 ad
1047 2031 1107 2074 IV,
1137 2032 1215 2067 135.

345 2092 425 2128 458.
469 2092 632 2137 procedit
654 2102 728 2127 non
750 2092 864 2137 yemis
882 2092 1011 2127 honos:
1037 2103 1112 2127 non
1130 2091 1220 2126 satis
1237 2091 1367 2136 liquet,
1394 2090 1482 2136 quid
1506 2090 1736 2137 procedendi

251 2152 408 2188 verbum
432 2152 502 2187 hoc
526 2151 609 2187 loco
635 2150 829 2196 significet,
854 2150 983 2196 itaque
1009 2150 1158 2192 factum,
1196 2152 1239 2185 ut
1264 2150 1328 2186 alii
1353 2150 1464 2186 aliter
1489 2149 1734 2196 explicarent;

252 2211 301 2246 ad
325 2210 552 2247 sententiam
575 2222 619 2246 ea
645 2210 906 2256 interpretatio
938 2209 1142 2256 aptissima,
1181 2221 1291 2255 quam
1316 2208 1499 2245 Maserius
1524 2208 1733 2255 proposuit:

252 2272 338 2306 ‘non
364 2269 597 2315 conspicitur‘
626 2270 662 2313 (i.
690 2280 720 2305 e.
748 2270 950 2309 evanescit)
979 2269 1027 2304 ‘in
1052 2269 1186 2305 Medea
1211 2268 1333 2314 gentis
1367 2269 1516 2311 honor’;
1551 2267 1618 2303 sed
1642 2267 1736 2302 haec

251 2329 356 2365 notio
382 2328 559 2374 exemplis
585 2339 660 2364 non
683 2329 875 2374 probatur.

345 2388 392 2423 In
418 2388 583 2423 extremo
608 2399 719 2423 versu
743 2388 878 2423 lacuna
905 2389 961 2423 est
985 2387 1025 2422 in
1049 2387 1249 2424 Vaticano.

346 2447 425 2482 460.
478 2446 656 2482 Chaonius
680 2450 827 2482 truncus
851 2447 1065 2482 nominatur
1089 2448 1191 2492 Argo
1217 2457 1239 2481 a
1266 2456 1405 2492 quercu
1423 2444 1630 2480 Dodonaea
1647 2443 1736 2479 navi

252 2507 410 2552 inserta,
436 2506 503 2542 cfr.
528 2505 557 2548 Ι,
583 2505 662 2540 302.

346 2566 427 2602 462.
475 2566 574 2611 viryo
610 2566 723 2601 altera
754 2566 811 2601 est
836 2565 979 2606 Medea,
1018 2565 1132 2600 altera
1166 2564 1345 2604 Minerva,
1373 2562 1440 2601 cfr.
1467 2573 1580 2608 supra
1605 2573 1638 2597 v.
1666 2561 1735 2596 203

254 2628 293 2663 et
318 2626 367 2662 ad
391 2626 420 2667 L
446 2625 527 2662 301.
577 2624 650 2661 Sed
666 2636 755 2660 num
779 2626 890 2670 poeta
915 2624 1051 2660 oblitus
1078 2625 1135 2660 est
1161 2634 1297 2667 eorum,
1323 2633 1419 2667 quae
1445 2620 1597 2666 scripsit
1622 2631 1735 2666 supra.

253 2686 323 2721 202
349 2697 448 2731 seqq.
457 2690 472 2720 ’.Ρ
