1890 3100
603 239 987 280 ARGONAVTICON
1011 240 1158 275 LIBER
1183 239 1232 275 II.
1571 240 1656 284 183

288 365 382 403 huic
410 375 550 402 manus
577 361 783 413 amplexus
811 361 916 398 inter
941 359 1206 411 planctusque
1234 363 1445 410 parentum

289 429 457 469 deditur.
511 428 588 466 hoc
617 431 756 472 sortes,
785 425 861 463 hoc
890 425 1072 476 corniger
1098 424 1266 475 imperat
1292 423 1505 469 Hammon,

285 494 506 545 virgineam
533 483 721 530 damfiare
749 491 920 528 animam
948 489 1167 541 sortitaque
1195 488 1355 527 Lethen

285 571 467 610 corpora;
497 555 668 595 crudelis
697 555 869 607 scopulis
898 567 962 593 me
991 554 1164 593 destinat
1191 567 1302 593 urna.

285 637 426 662 verum
454 635 476 660 o
503 622 582 660 iam
609 620 779 659 redeunt
805 619 1032 671 Phrygibus
1062 620 1096 657 si
1128 619 1292 657 numina
1319 625 1443 672 tuque
1655 629 1710 658 485

284 688 354 727 ille
382 687 478 726 ades
507 686 681 737 auguriis
708 685 901 737 promisse
937 689 976 723 et
1006 690 1112 723 sorte
1141 683 1316 732 deorum,

283 754 364 791 iam
391 753 456 791 cui
483 750 699 790 candentes
727 750 861 788 votivo
889 750 931 787 in
957 750 1135 801 gramine
1164 750 1292 801 pascit

285 816 519 869 cornipedes
549 816 715 867 genitor,
744 821 903 853 nostrae
933 819 1037 853 stata
1064 814 1169 853 dona
1197 815 1350 862 salutis,

284 882 415 921 adnue
442 895 599 934 meque,
626 894 779 932 precor,
810 879 1046 932 defectaque
1074 880 1271 931 Pergama
1298 881 1484 919 monstris

176 1007 317 1042 nautae
343 1005 498 1041 Colchos
522 1005 706 1050 peterent,
742 1004 951 1040 consentire
977 1015 1060 1039 cum
1084 1004 1182 1049 Hyg.
1207 1004 1232 1040 f.
1258 1004 1320 1047 89;
1357 1006 1474 1050 myth„
1510 1005 1595 1040 vat.
1621 1006 1651 1046 Ι,

179 1065 267 1112 136;
291 1065 399 1101 Diod,
424 1064 486 1106 IV,
510 1064 573 1106 42;
601 1065 732 1099 contra
755 1063 925 1109 Apollon.
950 1062 999 1105 II,
1025 1063 1058 1108 5,
1083 1063 1116 1108 9,
1153 1064 1196 1098 11
1222 1066 1353 1099 narrat
1376 1064 1576 1100 Herculem
1608 1076 1654 1100 ex

176 1124 277 1160 bello
300 1124 528 1159 Amazonum
551 1123 772 1158 redeuntem
798 1122 979 1167 virginem
1003 1123 1221 1159 servavisse.

270 1189 350 1225 481.
400 1189 580 1233 amplexus
609 1188 717 1230 intem
750 1187 796 1223 de
834 1185 1078 1223 collocatione
1113 1188 1340 1233 pronominis
1379 1188 1445 1224 cfr.
1483 1189 1546 1230 VI,
1583 1189 1654 1225 595

178 1248 326 1294 Minyas
348 1249 443 1283 inser
459 1258 690 1292 proceresque
716 1246 879 1292 Cytaeos;
905 1246 986 1288 VII,
1012 1246 1082 1281 358
1112 1248 1210 1282 nives
1234 1249 1328 1283 inter
1352 1249 1538 1293 tristesque
1555 1260 1649 1293 pru-

175 1309 273 1350 inas3
311 1307 526 1353 simpliciter
555 1306 791 1352 postponitur
815 1305 878 1347 VI,
906 1306 973 1340 155
1005 1307 1070 1341 hos
1093 1307 1201 1348 intem
1242 1307 1308 1343 cfr.
1343 1307 1458 1343 etiam
1489 1307 1551 1349 VI,
1579 1307 1648 1342 525

175 1378 279 1402 anna
300 1377 408 1411 super
430 1366 692 1410 squalentesque
715 1375 795 1400 aere
819 1365 974 1400 lacertos.

269 1431 351 1467 482.
405 1431 566 1475 eonziqer
600 1430 795 1470 Hammon,
834 1429 900 1465 cfr.
939 1429 1005 1465 Ov.
1039 1431 1128 1467 met.
1159 1430 1202 1471 V,
1242 1431 1302 1475 173
1333 1435 1445 1467 sortes
1474 1432 1651 1468 videntur

175 1490 300 1532 dictae
324 1501 405 1525 esse
430 1489 477 1524 de
501 1488 682 1534 Apollinis
708 1488 881 1524 Pataraei
910 1489 949 1523 in
979 1489 1092 1534 Lycia
1123 1489 1284 1535 oraculo,
1319 1490 1387 1526 cfr.
1420 1490 1532 1536 Verg.
1557 1491 1648 1527 Aen.

173 1548 238 1591 IV,
264 1549 353 1595 346;
378 1548 535 1584 Prelleri
557 1549 674 1593 myth.
706 1559 828 1593 graec.
867 1547 912 1593 1⁴,
937 1547 1017 1583 284.
1070 1548 1268 1584 Coniunxit
1304 1561 1428 1584 rursus
1466 1550 1557 1585 duas
1590 1562 1649 1586 res

172 1609 303 1654 poeta3
328 1607 509 1654 Apollinis
534 1607 683 1642 oraculo
709 1607 868 1642 Hesione
900 1607 1068 1652 exposita
1104 1609 1196 1649 erat,
1236 1608 1303 1644 cfr.
1340 1595 1458 1654 myth.
1497 1610 1583 1646 Vat.
1620 1611 1649 1652 I,

176 1666 264 1711 136;
286 1666 383 1712 Hyg.
407 1666 483 1703 fab.
507 1665 570 1707 893
596 1667 638 1700 at
660 1665 899 1702 Andromeda
922 1666 1023 1701 iussu
1047 1665 1144 1702 Iovis
1163 1667 1379 1703 Hammonis
1397 1667 1463 1703 Ov.
1480 1670 1570 1704 met.
1586 1669 1649 1711 IV,

173 1725 262 1770 6713
284 1725 456 1771 Apollod
482 1724 531 1765 ΙΙ,
555 1725 589 1766 4,
615 1725 649 1770 3,
674 1725 707 1759 3.

267 1790 349 1827 484.
395 1791 550 1834 seopulis
573 1801 627 1824 me
650 1790 804 1825 destinat
826 1801 930 1835 urna,
956 1790 1068 1836 Verg.
1093 1791 1186 1828 Aen,
1211 1791 1260 1836 II,
1287 1791 1366 1827 129.

266 1849 348 1886 485.
395 1850 540 1884 redeunt
565 1869 608 1875 —
633 1850 667 1884 si
688 1851 851 1891 numium
878 1849 930 1884 sic
955 1849 1070 1885 etiam
1093 1850 1156 1886 Sil.
1181 1850 1284 1891 VIII,
1311 1850 1396 1893 235;
1423 1852 1651 1887 contrarium

174 1910 258 1945 erat
279 1920 316 1945 v.
339 1909 427 1950 474;
451 1908 485 1943 si
513 1908 627 1943 tertio
663 1908 845 1943 vocabulo
881 1908 1120 1954 postponitur
1156 1910 1226 1944 hoe
1263 1910 1344 1945 loco
1382 1911 1420 1945 et
1459 1911 1521 1952 IV,
1560 1911 1647 1954 587;

173 1967 283 2004 alteri
306 1967 372 2009 IV,
400 1966 484 2013 1703
510 1967 552 2011 V,
579 1966 640 2009 19;
665 1966 750 2008 642;
776 1967 845 2002 646
876 1968 953 2012 (seu
979 1967 1058 2006 VH,
1085 1967 1148 2014 973
1173 1969 1214 2003 ni
1238 1968 1280 2009 V,
1300 1969 1401 2014 654);
1436 1970 1566 2014 quinto
1585 1970 1649 2013 IV,

171 2026 259 2073 5013
283 2026 364 2071 VII,
387 2026 474 2069 4543
500 2026 615 2062 etiam
638 2025 783 2071 longius
809 2026 857 2061 ab
882 2026 988 2061 initio
1013 2028 1197 2062 remotum
1221 2027 1410 2063 invenitur
1433 2028 1494 2070 VI,
1520 2029 1602 2066 391.

266 2091 347 2126 487.
395 2092 509 2126 votivo
533 2092 573 2126 in
594 2092 771 2137 yramine3
796 2090 864 2127 cfr.
891 2091 940 2126 ad
965 2091 1011 2132 Π,
1037 2091 1094 2126 35.

265 2155 347 2192 488.
394 2156 592 2200 cornipedis
624 2156 809 2191 adjectivo
840 2167 908 2201 pro
933 2157 1167 2194 substantivo
1197 2157 1295 2202 quod
1327 2159 1385 2194 est
1416 2169 1531 2205 equus
1562 2172 1649 2195 usus

173 2216 232 2251 est
255 2214 424 2250 Lucanus
449 2214 509 2256 IV,
528 2214 613 2256 762;
638 2214 737 2255 vm,
756 2215 797 2257 33
821 2216 908 2260 post
933 2226 1018 2251 eum
1044 2215 1212 2251 Valerius
1238 2217 1307 2252 hoc
1324 2229 1397 2253 uno
1421 2218 1512 2262 loco,
1533 2230 1646 2264 saepe

172 2272 282 2309 Silius
307 2275 346 2309 et
363 2273 504 2309 Statius
529 2273 665 2318 aliique
688 2275 824 2319 poetae
849 2286 923 2309 non
947 2285 1050 2316 raro;
1077 2275 1177 2320 apud
1189 2275 1395 2321 Vergilium
1420 2277 1645 2313 adjectivum

173 2331 312 2378 legitur
336 2335 427 2368 Aen.
451 2331 513 2374 VI,
540 2332 623 2374 591;
651 2332 734 2373 VII,
762 2332 842 2369 779.

267 2391 362 2427 dona
381 2392 508 2427 salutis
538 2391 612 2426 alia
646 2392 833 2427 sententia
863 2392 887 2428 i.
913 2403 945 2429 e.
969 2405 1037 2438 pro
1070 2393 1175 2429 donis
1210 2394 1436 2430 salutaribus
1469 2395 1562 2431 dixit
1586 2396 1646 2431 Iu-

171 2459 278 2486 venc.
304 2461 431 2495 evang.
461 2449 521 2490 11,
537 2450 604 2491 66;
632 2450 699 2486 cfr.
725 2451 865 2486 anthol.
890 2451 957 2486 lat.
983 2451 1063 2498 310,
1089 2452 1112 2487 9
1138 2453 1194 2488 ed,
1220 2453 1262 2487 B.

265 2514 347 2551 489.
395 2515 595 2561 defedaque
630 2517 821 2562 Peryama;
867 2517 932 2552 cfr.
971 2518 1020 2553 ad
1054 2519 1145 2560 463;
1190 2521 1355 2555 monstris
1398 2522 1454 2556 est
1499 2521 1646 2555 dativus

174 2573 450 2619 coniungendas
476 2586 559 2610 cum
584 2577 687 2620 en’pe.
737 2577 904 2612 monstris
932 2577 1088 2622 pluralis
1125 2578 1260 2613 dicitur
1289 2591 1357 2625 pro
1388 2579 1577 2624 singulari,
1605 2581 1647 2614 ut

173 2633 359 2677 augeatur
381 2633 505 2679 imago
531 2636 569 2670 et
599 2635 701 2671 notio
732 2636 938 2675 horrendae
969 2637 1132 2679 bestiae;
1171 2637 1286 2673 etiam
1317 2638 1408 2674 Iuno
1440 2639 1486 2674 de
1513 2638 1645 2674 eadem

173 2689 246 2726 hac
282 2691 403 2727 bestia
440 2692 531 2728 dicit
570 2693 640 2735 ΙΙΙ,
681 2694 765 2729 512·
792 2695 961 2741 Phryqiis
997 2697 1089 2731 ultro
1130 2708 1335 2732 concurrere
1371 2699 1554 2738 monstris;
1593 2698 1645 2732 sic
