1890 3100
244 227 331 270 220
769 221 806 257 C.
832 220 1013 257 VALERI
1038 220 1211 256 FLACCI

349 344 489 382 Protin
518 349 559 381 et
586 342 787 393 insignem
816 341 968 380 cithara
996 346 1196 392 cantuque
1225 339 1365 378 fluenti

350 410 524 453 Dorcea,
556 409 624 461 qui
653 407 761 446 dulci
789 407 904 446 festis
934 406 1131 445 adsistere
1160 406 1310 444 mensis

351 475 511 527 pectine
539 474 747 512 Bistoniae
775 486 965 524 magnum
994 477 1086 524 post
1114 484 1235 510 ausus
1265 470 1481 509 alumnum.
1738 486 1792 516 160

350 554 426 579 nec
454 541 684 592 pharetram
713 544 781 577 aut
811 551 923 577 acres
952 538 1058 576 ultra
1085 537 1322 588 Tirynthius
1352 549 1467 574 arcus

353 611 528 654 exercet,
560 605 670 644 socia
699 604 771 643 sed
800 604 932 642 disicit
962 604 1123 655 agmina
1152 603 1279 641 clava.

353 686 399 710 ac
427 671 555 710 veluti
584 670 710 709 densa
738 670 928 708 iuvenum
958 683 1047 707 cum
1076 682 1222 720 magna
1252 668 1382 706 securi

354 737 455 775 silva
483 737 595 775 labat
624 736 843 787 cuneisque
872 735 997 786 gemit
1026 748 1149 786 grave
1178 734 1299 772 robur
1327 732 1479 771 adactis

351 804 511 855 iamque
543 802 654 840 abies
683 802 907 853 piceaeque
935 805 1067 845 ruunt,
1098 800 1155 838 sic
1185 799 1285 837 dura
1314 799 1386 837 sub
1416 799 1498 836 ictu
1740 807 1794 836 165

245 939 358 975 alicui
382 939 590 974 membrum
620 937 772 982 aliquod
798 936 957 979 abscidi3
984 937 1055 972 hoc
1087 937 1215 971 autem
1245 936 1326 971 loco
1357 934 1458 970 idem
1489 934 1594 970 valet
1627 935 1739 980 atque

244 999 469 1040 interficere,
495 999 539 1033 ut
565 997 627 1033 Sil.
660 996 756 1041 XVI,
791 996 860 1031 102
890 1000 1030 1031 tantum
1065 1015 1107 1022 —-
1140 995 1320 1030 hominum
1353 1015 1397 1020 -—
1430 994 1610 1029 discordia
1641 994 1739 1036 ferro

244 1059 381 1094 demetit
389 1071 396 1100 ;
425 1057 477 1092 sic
505 1057 663 1102 simplici
687 1055 856 1091 metendi
881 1056 998 1091 verbo
1024 1054 1172 1100 saepius
1197 1055 1333 1099 poetae
1358 1054 1525 1095 utuntur,
1559 1054 1602 1088 ut
1626 1052 1739 1098 Verg.

243 1118 334 1153 Aen.
362 1117 404 1158 X,
432 1116 518 1159 513;
544 1116 632 1151 Hor.
661 1127 690 1152 c.
716 1115 778 1156 IV,
806 1115 861 1156 14,
888 1115 951 1157 31;
985 1113 1048 1149 Sil.
1075 1114 1118 1155 X,
1146 1113 1214 1148 146
1241 1113 1304 1155 al.;
1339 1112 1404 1148 cfr.
1433 1112 1506 1150 Cic.
1532 1111 1639 1148 Tusc.
1670 1111 1739 1154 ΙΠ,

243 1176 289 1211 59
313 1178 388 1212 vita
425 1177 589 1212 omnibus
627 1175 797 1215 metenda,
837 1174 970 1219 quibus
1008 1172 1134 1209 verbis
1173 1172 1356 1218 expressit
1391 1171 1634 1217 Euripideum
1672 1171 1740 1217 βίον

243 1236 389 1282 θερίζειν.

340 1295 418 1332 158.
467 1299 593 1330 cantus
630 1295 745 1337 fluens
782 1295 839 1329 est
877 1292 938 1338 qui
974 1292 1111 1328 leniter
1148 1291 1250 1335 fluit,
1300 1292 1343 1326 ut
1380 1291 1480 1336 apud
1523 1290 1740 1326 Ciceronem

246 1357 341 1391 orat.
391 1355 437 1390 66
476 1356 592 1390 oratio
633 1357 751 1389 tracta
789 1357 821 1388 et
855 1353 970 1396 fluens
1007 1351 1207 1397 opponitur
1245 1352 1341 1396 acm}
1378 1350 1493 1386 etiam
1531 1349 1741 1386 accuratius

246 1415 338 1450 dicit
364 1415 411 1450 de
437 1415 531 1450 orat.
557 1414 606 1454 II,
634 1414 679 1448 64
704 1424 815 1458 yenus
839 1413 1013 1447 orationis
1035 1411 1158 1454 fusum
1182 1415 1287 1455 atque
1311 1414 1464 1445 tractum
1489 1414 1522 1445 et
1546 1421 1625 1445 cum
1655 1410 1741 1445 leni-

245 1478 318 1510 tate
343 1474 497 1519 quadam
521 1473 700 1518 aequabili
718 1473 922 1517 profluens;
946 1471 998 1506 sic
1021 1470 1179 1516 legimus
1198 1471 1359 1506 carmina
1372 1470 1559 1512 fluitantia
1576 1469 1622 1504 de
1639 1468 1740 1504 laud.

245 1534 318 1569 Pis.
347 1533 425 1568 164.

343 1592 423 1628 159.
470 1592 575 1635 festis
599 1591 771 1627 adsistere
795 1590 941 1632 mensis;
975 1589 1039 1625 cfr.
1068 1588 1216 1635 Coripp.
1254 1587 1333 1623 Ioh.
1371 1587 1433 1634 IV,
1470 1587 1540 1622 427
1578 1588 1672 1623 inter
1697 1607 1741 1612 —

244 1652 357 1696 festae
375 1652 510 1697 pocula
534 1662 689 1693 mensae3
718 1650 783 1686 Ov.
812 1661 856 1685 ex
882 1649 989 1685 Pont.
1016 1648 1044 1691 Ι,
1072 1649 1104 1690 2,
1132 1648 1212 1684 131.

343 1723 422 1760 160.
474 1722 644 1768 Orpheus
671 1722 728 1757 est
751 1732 902 1766 maynus
927 1720 1115 1755 Bistoniae
1140 1721 1314 1760 alumnus,
1340 1719 1384 1753 ut
1418 1718 1518 1764 apud
1542 1717 1622 1755 Iuv.
1647 1717 1677 1763 Ι,
1695 1717 1743 1752 20

248 1783 409 1819 Lucilius
434 1793 593 1827 magnus
618 1781 815 1816 Auruncae
842 1780 1023 1815 alumnus.

344 1854 422 1890 162.
474 1865 581 1888 arcus
606 1863 762 1888 ewercere
788 1851 1049 1896 ·handhaben’,
1089 1850 1155 1886 cfr.
1185 1850 1250 1886 Ov.
1277 1850 1366 1885 met.
1399 1848 1505 1891 XIII,
1532 1849 1578 1883 54
1603 1849 1744 1893 spicula

249 1926 314 1961 ατς
341 1913 404 1950 Sil.
430 1913 493 1956 IX,
521 1913 540 1947 7
566 1914 672 1948 tubas
679 1926 687 1955 ;
714 1911 809 1948 Stat.
835 1912 926 1948 Ach.
951 1910 981 1952 I,
1008 1910 1076 1944 622
1102 1921 1207 1948 aera:
1233 1909 1405 1945 similiter
1430 1908 1567 1943 dicitur
1589 1908 1744 1951 formam

250 1984 406 2009 exercere
432 1966 498 2009 Ov.
526 1984 640 2008 amor.
667 1971 697 2017 I,
723 1971 757 2013 8,
783 1971 848 2018 53;
876 1970 972 2006 Stat.
998 1969 1079 2006 silv.
1106 1969 1133 2011 Ι,
1161 1969 1193 2013 2,
1221 1968 1300 2006 166.

345 2037 408 2068 aut
434 2031 646 2069 coniunctio
669 2044 705 2067 v.
733 2031 799 2066 161
835 2041 953 2076 prope
986 2028 1132 2065 accedit
1165 2028 1216 2064 ad
1248 2028 1440 2064 notionem
1471 2031 1505 2062 et
1533 2026 1744 2073 particulae

249 2094 321 2129 hoc
345 2093 446 2134 loco,
473 2093 520 2128 de
546 2103 620 2137 qua
645 2102 686 2126 re
712 2090 780 2127 cfr.
805 2089 994 2126 Kuehneri
1021 2100 1176 2134 gramm.
1202 2088 1268 2124 lat.
1294 2087 1344 2128 ΙΙ,
1372 2088 1391 2133 ξ
1419 2086 1497 2128 168,
1525 2089 1556 2122 5.

345 2154 443 2188 socia
467 2152 583 2194 clava;
610 2152 716 2187 hasta
740 2151 839 2186 socia
863 2149 1076 2185 nominatur
1102 2159 1124 2182 a
1152 2147 1297 2193 Coripp.
1325 2146 1404 2183 Ioh.
1429 2145 1493 2191 IV,
1519 2145 1601 2182 864.

347 2223 426 2259 163.
477 2234 608 2268 mayna
632 2223 798 2257 iuvenum
822 2232 901 2256 cum
926 2221 1036 2255 densa
1059 2220 1175 2254 secwrz'
1200 2218 1295 2258 cdd„
1322 2218 1432 2253 densa
1455 2218 1478 2253 i.
1505 2228 1533 2252 c.
1559 2227 1692 2262 maqna
1714 2228 1742 2252 s.

252 2284 415 2328 Lennep,
454 2282 528 2317 vid.
555 2282 651 2317 stud.
678 2281 838 2316 Vindob.
864 2281 907 2322 V,
936 2280 1015 2317 141.
1066 2279 1176 2314 densa
1199 2278 1332 2327 securis
1362 2276 1515 2323 ponitur
1544 2287 1614 2322 pro
1653 2276 1743 2311 den-

253 2343 301 2378 sis
339 2341 477 2378 securis
515 2341 661 2382 ictibus,
701 2340 752 2375 sic
783 2340 893 2385 Verg.
920 2340 1012 2375 Aen.
1051 2338 1114 2379 XI,
1153 2337 1222 2372 698
1258 2337 1409 2381 securim
1435 2356 1478 2362 —
1504 2336 1741 2380 ecmqeminam

252 2402 331 2438 Iuv.
359 2402 428 2437 sat.
455 2400 557 2438 VIII,
583 2400 653 2435 268
677 2401 757 2435 illos
781 2400 926 2434 verbera
949 2399 1055 2434 iustis
1079 2397 1258 2440 Affieiunt
1277 2396 1405 2441 poenis
1429 2399 1463 2431 et
1487 2395 1600 2440 aqum
1620 2395 1744 2439 prima

253 2463 406 2508 samm&
431 2460 535 2496 Paul.
561 2459 627 2496 vit.
653 2459 764 2495 Mart.
791 2458 839 2504 II⁷
866 2458 937 2493 296
961 2458 1089 2494 ictibus
1119 2457 1282 2492 adsiduis
1311 2455 1508 2500 crebrisque
1532 2453 1744 2498 bipennibus

252 2523 401 2558 instant.

350 2580 430 2616 165.
479 2580 575 2615 abies
594 2580 783 2624 piceaeque
818 2582 949 2622 munt3
986 2577 1154 2612 variatur
1190 2585 1364 2610 numerus
1401 2573 1444 2608 ut
1479 2572 1522 2614 V,
1561 2571 1632 2608 538
1668 2583 1744 2616 seq.

254 2652 364 2687 quare
389 2651 468 2686 aye
493 2643 663 2685 coynatas
681 2639 841 2683 primum
867 2632 1095 2680 defendite
1119 2636 1218 2671 sedes
1243 2634 1318 2670 Nee
1342 2633 1446 2668 decus
1477 2632 1588 2668 oblati
1619 2631 1744 2667 dimi-

254 2702 368 2737 seris
391 2700 530 2736 advena
547 2700 635 2735 belli.
687 2698 859 2733 Tacitum
878 2695 1172 2732 amantissimum
1194 2705 1273 2730 esse
1293 2691 1472 2728 eiusmodi
1495 2691 1745 2726 variationum
