1890 3100
571 238 960 275 ARGONAVTICON
988 237 1136 273 LIBER
1160 237 1202 271 v.
1573 238 1661 282 399

281 359 393 398 illum
422 360 573 398 etenim
601 358 694 397 talis
722 371 855 397 rerum
882 363 1029 404 manet,
1059 357 1240 408 accipite,
1271 355 1379 394 ordo.
1661 371 1717 400 sm

280 425 387 464 victa
414 430 522 463 retro
550 438 658 462 nunc
686 429 817 462 castra
845 423 954 461 dabit
982 422 1214 474 bellumque
1243 421 1420 460 remittet

279 490 442 528 territus
471 489 648 528 adventu
677 489 788 527 ducis
817 494 858 526 et
885 487 1031 526 virtute
1058 487 1239 538 Pelasgi:

279 568 374 593 mox
401 555 471 593 ubi
499 554 747 593 Thessalicis
775 553 951 592 referent
978 553 1051 590 hos
1079 552 1239 590 flamina
1266 552 1395 598 terris,

280 625 376 658 tunc
405 619 534 659 aderit
561 621 769 671 victorque
798 618 936 656 domos
966 623 1006 656 et
1035 624 1192 669 sceptra
1219 617 1386 664 tenebit,

281 685 409 723 donec
439 691 479 723 et
509 685 670 723 Aeeten
696 684 825 735 inopis
853 688 944 734 post
970 682 1094 734 longa
1122 688 1309 721 senectae
1662 689 1717 719 685

282 750 403 788 exilia
432 750 528 798 (heu
555 749 710 800 magnis
740 753 932 800 quantum
959 747 1045 786 luet
1071 747 1193 798 impia
1220 747 1328 799 fatis)

280 821 376 853 nata
403 815 515 853 iuvet
545 814 772 866 Graiusque
801 827 927 864 nepos
955 813 996 850 in
1023 826 1150 864 regna
1178 818 1357 864 reponat.

280 880 345 918 hie
372 879 487 918 labor
515 879 800 931 amborumque
828 878 930 917 haec
957 883 1051 917 sunt
1079 877 1307 916 discrimina
1333 877 1513 917 fratrum.

279 944 414 983 vadite
444 950 484 983 et
512 944 702 988 adversis,
732 950 775 982 ut
805 944 892 996 quis
921 943 1042 991 volet,
1071 944 1203 981 inruat
1230 943 1374 981 armis'.

333 1010 517 1048 Dixerat.
572 1010 767 1048 instaurat
795 1022 954 1047 mensas
982 1021 1204 1061 pacemque
1232 1007 1389 1047 reducit
1664 1015 1720 1046 690

282 1080 322 1113 et
350 1075 428 1113 iam
457 1074 655 1114 sideream
683 1080 842 1113 noctem
871 1073 1041 1112 demittit
1070 1073 1259 1125 Olympo.

281 1146 376 1178 tunc
406 1139 598 1179 adsuetus
628 1140 744 1179 adest
771 1139 1016 1191 Phlegraeas
1045 1138 1216 1178 reddere
1245 1152 1401 1191 pugnas

281 1205 489 1244 Musarum
518 1206 661 1244 chorus
691 1211 731 1243 et
760 1205 934 1243 citharae
963 1204 1144 1256 pulsator
1171 1204 1330 1255 Apollo,

282 1270 440 1322 fertque
469 1283 633 1322 gravem
660 1270 861 1321 Phrygius
890 1270 1036 1308 circum
1065 1275 1219 1308 cratera
1246 1269 1437 1307 minister.

284 1336 458 1387 surgitur
485 1335 526 1373 in
555 1348 714 1373 somnos
744 1348 868 1387 seque
897 1333 949 1372 ad
977 1347 1049 1372 sua
1076 1333 1214 1372 limina
1242 1333 1418 1372 flectunt.
1667 1338 1722 1371 695

270 1470 351 1506 680.
401 1472 558 1515 accipere
582 1481 664 1516 erqo
688 1470 782 1511 Vat..
809 1470 957 1514 accipite
981 1470 1068 1506 ordo
1094 1470 1173 1505 cod.
1202 1469 1304 1507 Carr.

271 1529 351 1566 681.
399 1534 493 1565 retro
519 1541 614 1565 nunc
638 1534 757 1565 castra
782 1529 897 1570 dabit;
922 1529 1063 1565 locutio
1088 1528 1218 1564 similis
1244 1530 1301 1564 est
1326 1529 1388 1570 eis,
1409 1540 1506 1576 quae
1524 1529 1665 1564 allatae

180 1590 266 1625 sunt
291 1589 342 1624 ad
365 1589 427 1629 IV,
454 1588 543 1631 659;
570 1590 693 1624 castra
716 1593 811 1624 retro
835 1599 971 1624 ‘movere
993 1589 1126 1631 referre
1150 1588 1246 1623 dixit
1270 1588 1406 1624 Livius.

272 1647 352 1683 685.
401 1648 510 1684 donoc
533 1651 574 1683 et
596 1648 728 1683 Aeeten
753 1659 782 1683 e.
810 1659 846 1694 q.
871 1659 919 1689 e.;
939 1647 979 1682 in
1003 1647 1128 1682 animo
1153 1647 1323 1683 habebat
1335 1647 1505 1683 Valerius
1525 1647 1668 1683 addere

180 1707 236 1742 ‘et
274 1706 411 1742 Persen
454 1706 630 1752 depellat’
674 1706 736 1742 vel
775 1706 854 1741 tale
896 1706 996 1753 quid,
1037 1706 1106 1741 sed
1145 1707 1294 1741 mutata
1334 1706 1455 1742 forma
1494 1706 1663 1752 perrexit

185 1765 387 1811 Graiusque
410 1776 522 1810 nepos
546 1767 585 1800 in
608 1776 721 1811 reqna
743 1769 904 1810 reponat.

273 1824 355 1862 686.
402 1825 482 1860 licet
522 1825 647 1869 inopia
687 1825 783 1861 Vat..
826 1825 896 1859 luet
934 1824 1128 1870 Meyncke,
1186 1825 1288 1869 inpia
1330 1825 1411 1860 cod.
1452 1825 1597 1860 Monac.
1644 1835 1667 1859 a

180 1894 280 1920 man·
305 1895 379 1919 sec.

273 1942 355 1979 687.
407 1942 543 1978 Graius
581 1953 691 1987 nepos
732 1944 789 1978 est
832 1942 962 1978 Medus
1003 1942 1099 1978 filius
1141 1942 1298 1979 Medeae
1340 1953 1386 1978 ex
1411 1942 1539 1988 Aegeo
1576 1953 1668 1988 rege

179 2001 481 2044 Atheniensium3
510 2001 558 2037 de
583 2001 703 2041 rebus,
738 2013 830 2048 quas
855 2001 915 2036 hic
939 2003 1054 2047 poeta
1078 2003 1218 2041 narrat,
1258 2001 1325 2037 cfr.
1353 2001 1450 2047 Hyg.
1491 2001 1568 2040 fab.
1602 2001 1670 2046 273

182 2059 313 2097 lustin.
340 2061 455 2101 XLII,
491 2061 524 2101 2,
551 2061 614 2103 123
655 2060 743 2097 Tac.
777 2071 861 2096 ann.
907 2060 967 2097 VI.
1010 2061 1076 2102 34;
1114 2060 1244 2096 Avien.
1287 2060 1366 2096 orb.
1410 2060 1502 2095 1216
1542 2071 1669 2108 seqq.;

181 2119 354 2166 Apollod.
378 2120 408 2161 1,
442 2120 475 2165 9,
506 2120 563 2157 28.
595 2121 629 2155 4.
661 2131 757 2166 seq.;
790 2119 897 2156 Diod.
922 2119 984 2159 IV,
1013 2119 1077 2161 56;
1110 2119 1268 2155 Prelleri
1303 2120 1420 2164 myth.
1453 2130 1576 2165 graec.
1608 2119 1664 2155 11⁸

183 2178 252 2214 341
278 2180 318 2215 et
342 2181 470 2216 annot.
496 2181 529 2215 1.

276 2237 358 2275 692.
406 2238 464 2274 De
489 2238 678 2275 sententia
700 2237 765 2274 cfr.
792 2237 899 2274 Hom.
924 2237 967 2273 Il.
995 2238 1022 2275 Ι.
1048 2237 1118 2272 603
1143 2249 1259 2284 seqq..
1286 2238 1350 2285 qui
1386 2237 1489 2274 locus
1520 2237 1669 2274 Valerio

185 2297 273 2333 ante
297 2297 422 2333 oculos
447 2297 598 2334 videtur
623 2297 842 2333 obversatus
867 2308 958 2333 esse.

270 2357 447 2403 phlegyas
469 2357 532 2402 qui
555 2357 661 2401 Vat.‚·
684 2357 892 2401 phleyn-aeas
915 2356 997 2392 cod.
1024 2355 1145 2398 Carr.;
1170 2356 1359 2392 indicatur
1383 2368 1511 2402 pugna
1536 2357 1669 2393 contra

185 2413 366 2460 Gigantes
391 2415 588 2452 commissa
611 2415 651 2450 in
676 2415 815 2461 campis
841 2415 1083 2451 Macedoniae
1107 2415 1336 2461 Phlegraeis.

254 2473 335 2510 694.
381 2475 521 2520 fertque
545 2495 588 2501 —
615 2476 746 2510 circum
770 2478 931 2516 cratera;
973 2473 1041 2510 cfr.
1066 2474 1189 2511 Plaut.
1215 2475 1325 2511 Most.
1351 2475 1419 2511 347
1446 2475 1494 2510 da
1518 2476 1588 2511 cito
1621 2476 1667 2510 ab

185 2531 341 2579 Delphio
364 2535 578 2570 cantharum
603 2534 733 2569 circum
759 2535 797 2569 et
821 2533 961 2569 Valerii
986 2533 1099 2579 ipsius
1124 2533 1173 2570 IL
1200 2534 1281 2570 348.
