1890 3100
223 195 310 238 498
747 193 782 229 C.
809 194 989 235 VALERI
1013 194 1135 230 FLAC
1141 195 1187 230 CI

331 318 459 351 mater
478 313 527 352 ab
559 313 720 352 excelso
749 314 935 366 produxit
964 315 1002 352 in
1034 328 1128 353 aera
1156 314 1248 353 nido

331 378 590 431 hortaturque
622 380 735 431 sequi
764 380 1034 432 brevibusque
1064 381 1271 432 insurgere
1301 381 1442 432 pinnis,

331 443 421 482 illos
452 445 627 483 caerulei
654 445 802 497 primus
831 445 924 484 ferit
952 446 1091 483 horror
1121 445 1296 497 Olympi,

331 509 489 562 iamque
519 510 650 549 redire
679 516 822 562 rogant
851 503 1099 563 adsuetaque
1131 512 1334 564 quaeritur
1362 511 1495 560 arb0r3

330 575 438 613 haud
467 575 583 613 aliter
612 589 758 615 caecae
786 590 859 628 per
886 578 1044 615 moenia
1074 577 1206 615 deficit
1234 577 1342 615 urbis
1705 596 1760 626 380

329 640 520 679 incedens
549 641 762 694 horretque
793 641 929 680 domos
958 642 1104 680 Medea
1133 643 1311 681 silentes.

330 705 394 744 hic
422 707 566 745 iterum
595 713 798 746 extremae
827 709 1069 760 nequiquam
1099 709 1140 746 in
1168 708 1303 746 limine
1332 713 1470 760 portae

332 772 508 810 substitit
537 778 658 825 atque
687 773 830 811 iterum
859 774 975 811 fletus
1006 774 1207 826 animique
1238 773 1369 820 soluti,

330 838 589 890 respexitque
619 838 734 876 deam
762 838 1006 891 paulumque
1036 839 1097 876 his
1129 839 1293 877 vocibus
1323 839 1477 878 haesit:

333 903 429 954 ‘ipse
459 909 573 954 rogat
602 909 710 942 certe
736 917 881 955 meque
910 905 996 955 ipse
1026 904 1210 956 implorat
1238 905 1369 943 Iason.
1707 915 1761 946 385

330 968 494 1006 nullane
525 968 643 1019 culpa
673 968 845 1007 subest?
873 969 986 1007 labes
1016 982 1095 1007 non
1124 970 1211 1007 ulla
1238 969 1412 1021 pudoris,

329 1033 464 1071 nullus
495 1033 631 1072 amor?
658 1047 734 1072 nec
762 1040 878 1085 turpe
906 1035 991 1072 viro
1022 1035 1173 1073 servire
1203 1034 1419 1087 precantiP’

329 1098 400 1137 illa
427 1098 526 1136 nihil
556 1105 692 1137 contra
720 1112 922 1151 vocesque
953 1100 1150 1151 abrumpit
1179 1101 1332 1139 inanes.

331 1170 371 1203 et
399 1165 478 1202 iam
506 1165 585 1203 iam
614 1165 769 1216 magico
798 1178 870 1216 per
900 1179 1025 1216 opaca
1054 1165 1216 1203 silentia
1245 1165 1408 1204 Colchis

331 1235 519 1281 coeperat
547 1230 604 1268 ire
635 1244 732 1268 sono
761 1236 1029 1282 montanaque
1061 1231 1232 1269 condere
1260 1231 1395 1269 vultus
1704 1235 1760 1264 390

329 1295 493 1333 numina
522 1308 693 1348 cumque
723 1296 804 1334 suis
835 1297 962 1334 averti
991 1296 1160 1334 collibus
1193 1309 1348 1345 amnes3

329 1361 407 1399 iam
438 1361 604 1399 stabulis
635 1361 905 1414 gregibusque
934 1375 1059 1413 pavor
1088 1363 1357 1414 strepitusque
1387 1361 1580 1414 sepulcris

329 1425 541 1474 inciderat3
574 1431 709 1478 stupet
736 1427 823 1478 ipsa
851 1427 963 1478 gravi
991 1441 1071 1465 nox
1101 1427 1250 1465 tardior
1277 1427 1427 1465 umbra.

223 1515 291 1551 cfr.
317 1515 405 1551 Hor.
433 1527 462 1551 c.
488 1515 555 1557 ΙΙΙ,
585 1516 638 1557 11,
673 1516 696 1550 4
722 1516 859 1551 testudo
884 1527 1049 1551 resonare
1073 1520 1204 1560 septem
1242 1516 1372 1551 callida
1396 1516 1532 1558 nervi&
1559 1517 1629 1552 sat.
1654 1517 1704 1559 ΙΙ,

222 1575 255 1617 3,
281 1574 343 1617 23;
372 1586 428 1620 ep.
455 1574 483 1617 Ι,
511 1575 566 1614 10,
592 1574 654 1617 26;
683 1575 788 1610 Lucr.
816 1575 878 1617 VI,
905 1575 961 1610 93.

317 1634 397 1670 376.
442 1635 636 1679 produxit3
662 1635 708 1670 de
733 1634 903 1680 perfecto
929 1635 1014 1670 vide
1041 1635 1090 1669 ad
1116 1634 1184 1676 ΙΠ,
1205 1634 1284 1670 738.

317 1693 396 1729 377.
447 1695 679 1738 hortaturque
703 1694 816 1738 sequi:
846 1693 910 1729 Ov.
937 1696 1023 1730 met.
1051 1693 1152 1733 VIII,
1180 1694 1259 1729 215.

317 1753 396 1788 378.
444 1755 590 1798 primus
613 1754 700 1796 ferit
724 1754 868 1800 horror3
902 1754 1045 1798 primus
1070 1753 1245 1788 scribitur
1274 1765 1342 1799 pro
1369 1753 1547 1789 adverbio
1571 1753 1702 1799 primo,

220 1813 296 1851 vid.
323 1813 371 1848 ad
396 1812 462 1859 111,
486 1813 567 1848 436.
1183 1859 1188 1862 Ι

316 1872 397 1910 382.
447 1874 574 1908 iterum
611 1895 657 1901 -
694 1873 866 1908 substitit:
923 1872 1082 1918 primum
1129 1872 1298 1908 substitit
1333 1872 1372 1907 in
1408 1872 1534 1908 limine
1578 1872 1706 1908 domus

219 1945 255 1969 v.
281 1931 361 1967 306.

317 1992 397 2028 382.
449 1996 621 2027 extremae
659 2013 701 2017 —
739 1993 779 2027 in
816 1992 935 2027 limine
965 1995 1096 2035 portae
1119 1991 1142 2027 i.
1171 2002 1201 2027 e.
1227 1992 1370 2036 portae,
1412 2002 1506 2036 quae
1532 1992 1703 2027 extrema

220 2062 304 2097 pars
330 2051 432 2087 urbis
458 2052 526 2087 est.

316 2110 397 2146 383.
456 2111 559 2153 fletus
596 2112 774 2155 animique
809 2111 918 2146 soluti
924 2124 935 2155 ,·
972 2112 1033 2146 cfr.
1074 2110 1168 2146 Stat.
1206 2111 1297 2145 Ach.
1334 2110 1382 2152 ΙΙ,
1433 2109 1502 2145 256
1539 2110 1705 2146 lacrimae

221 2171 294 2206 iam
318 2171 431 2207 solvit.

316 2229 397 2266 389.
446 2231 582 2275 mayico
610 2251 652 2256 —
677 2240 773 2271 sono,
800 2229 823 2265 i.
850 2241 880 2265 e.
908 2229 1068 2265 ear-mine
1093 2229 1249 2274 magico,
1278 2229 1376 2274 quod
1393 2228 1528 2264 Medea
1543 2240 1704 2263 murmu-

221 2301 308 2325 rans
335 2289 435 2324 dicit.

317 2348 397 2385 390.
447 2353 712 2393 monstrataque
736 2349 832 2394 Vat„
859 2353 1097 2393 montanaque
1122 2347 1335 2384 Dorvillius.

317 2407 395 2443 391.
446 2409 585 2443 Rursus
623 2407 737 2442 nimia
762 2408 1013 2453 superlatione
1040 2407 1209 2443 Valerius
1240 2407 1382 2452 peccat,
1409 2406 1496 2441 dum
1520 2417 1702 2441 summam

223 2468 380 2504 Medeae
405 2466 482 2503 vim
506 2467 692 2513 magicam
716 2467 823 2502 nobis
850 2468 939 2502 ante
965 2467 1089 2502 oculos
1107 2477 1316 2512 proponere
1338 2466 1435 2508 vu1t;
1461 2465 1529 2501 cfr.
1546 2465 1607 2508 VI,
1633 2466 1704 2500 443

224 2529 263 2564 et
287 2527 407 2574 Apoll.
434 2527 503 2573 HL
531 2527 610 2563 532.

275 2611 277 2613 -
317 2586 397 2623 393.
457 2587 561 2632 yravi
596 2596 669 2622 ηοω
693 2586 832 2621 tardior
857 2586 980 2621 umbra
987 2600 998 2631 ,·
1022 2587 1170 2621 noctem
1203 2585 1375 2630 spissiore
1419 2584 1572 2630 caligine
1599 2584 1702 2630 quasi

224 2646 441 2683 obvolutam
464 2645 609 2681 tardius
633 2645 837 2691 procedere
862 2645 977 2690 poeta
1001 2644 1120 2690 fingit.
