1890 3100
267 248 351 291 190
787 245 822 280 C.
850 245 1029 280 VALERI
1054 245 1226 281 FLACCI

370 365 448 403 iam
476 365 570 403 totis
599 364 777 403 resoluta
803 364 934 413 vadis3
964 364 1169 417 Idaeaque
1197 370 1324 403 mater

373 435 412 468 et
441 430 584 468 chorus
616 435 655 468 et
685 430 846 468 summis
876 430 1080 468 ulularunt
1109 430 1277 468 collibus
1306 430 1472 469 Amnes.

370 496 549 548 protinus
581 509 603 534 e
633 495 806 547 scopulis
838 501 878 534 et
906 509 1031 547 opaca
1058 496 1164 534 valle
1193 501 1407 547 resurgunt

370 566 553 613 pastores
582 561 818 612 magnisque
846 566 990 612 petunt
1019 561 1258 599 clamoribus
1286 561 1438 600 urbem.

370 626 532 664 nuntius
561 626 655 664 hinc
685 626 812 664 socios
843 626 1039 665 Telamon
1067 633 1194 674 vocat,
1226 640 1272 665 ac
1301 626 1418 664 simul
1446 627 1522 678 ipsi
1748 638 1803 667 540

370 692 607 730 horrescunt
636 691 847 743 subitoque
876 691 1014 730 vident
1041 692 1081 729 in
1113 693 1306 743 sanguine
1335 705 1521 743 puppem.

369 770 445 795 nec
473 757 602 795 minus
631 757 671 794 in
702 757 886 808 scopulos
917 756 1107 810 crudique
1137 758 1342 795 cacumina
1371 758 1457 796 saxi

370 823 515 861 emicat
541 821 707 860 Alcides
736 822 960 874 vinclisque
989 823 1218 861 tenentibus
1248 822 1379 861 aufert

357 948 435 983 536.
477 948 665 982 resolutam
672 947 840 991 Wagner
858 946 1130 992 interpretatur
1143 948 1340 994 mortuam,
1364 947 1430 983 sed
1444 946 1533 992 quid
1547 947 1619 982 sibi
1630 947 1749 983 velint

263 1008 380 1043 verba
405 1009 489 1043 totis
513 1007 624 1048 vadis,
652 1006 683 1041 si
707 1006 762 1040 ita
786 1005 909 1041 locum
933 1005 1196 1051 intellegimus,
1222 1018 1296 1042 non
1319 1006 1560 1052 perspicitur;
1597 1006 1749 1042 Dureau

263 1067 379 1102 vertit
405 1066 468 1102 ‘les
505 1066 613 1110 longs
649 1065 721 1110 plis
763 1065 952 1106 deroules’,
993 1064 1180 1110 explicata
1216 1065 1331 1110 igitur
1366 1076 1435 1111 per
1470 1065 1569 1100 vada
1606 1065 1750 1111 cogitat

263 1125 452 1161 volumina
475 1124 668 1161 morientis
693 1124 859 1166 monstri,
896 1135 991 1169 quae
1016 1124 1119 1159 notio
1145 1135 1234 1160 sane
1259 1135 1334 1160 non
1359 1124 1482 1160 aliena
1507 1125 1564 1160 est
1589 1136 1611 1160 a
1634 1125 1749 1160 verbo

263 1184 484 1230 resolvendi,
511 1185 575 1220 cfr.
604 1183 666 1219 Sil.
693 1184 755 1225 VI,
782 1184 851 1218 227
878 1195 953 1229 seq.
979 1183 1170 1228 rapideque
1196 1185 1376 1229 (serpens)
1401 1184 1576 1219 resolvens
1603 1183 1749 1220 Cantor-

264 1249 318 1280 tos
344 1244 444 1280 orbes
482 1244 618 1279 derecto
649 1254 794 1288 corpore
831 1247 940 1279 totam
965 1243 1139 1279 Eoetendit
1168 1244 1305 1284 molem;
1344 1243 1408 1279 sed
1445 1244 1600 1289 propter
1633 1244 1750 1279 verba

265 1305 349 1340 totis
388 1304 492 1339 vadis
533 1303 682 1339 adiecta
719 1302 879 1338 fortasse
914 1303 1085 1348 praestat
1126 1302 1181 1337 ita
1218 1302 1423 1348 explicare,
1462 1306 1504 1337 ut
1541 1301 1748 1338 statuamus

263 1364 415 1400 beluam
441 1364 554 1399 antea
578 1363 725 1397 firmum
749 1362 787 1396 in
812 1362 919 1397 vadis
944 1373 1061 1408 prope
1099 1362 1186 1397 litus
1221 1363 1363 1397 statum
1393 1361 1558 1398 tenuisse
1591 1363 1629 1397 et
1661 1362 1749 1397 hae-

265 1423 364 1465 sisse,
390 1422 461 1458 nisi
484 1422 566 1468 ipsa
591 1433 630 1458 se
654 1433 875 1468 promovere
900 1421 1026 1461 vellet,
1051 1423 1133 1456 tum
1158 1422 1284 1457 autem
1309 1421 1530 1457 morientem
1546 1421 1750 1457 resolutum

266 1494 346 1518 esse
371 1482 487 1523 vadis,
524 1481 642 1517 veluti
669 1481 748 1526 quis
781 1480 937 1516 vinculis
968 1480 1029 1516 vel
1062 1481 1203 1516 catenis
1234 1480 1434 1516 resolvitur
1460 1480 1541 1527 (Ov.
1566 1481 1656 1516 met.
1687 1480 1748 1526 IV,

266 1542 351 1585 737;
379 1541 470 1576 artis
495 1540 563 1582 III,
590 1540 684 1584 272),
711 1541 754 1575 ut
777 1540 816 1575 in
841 1540 934 1575 imos
960 1540 1093 1575 fluctus
1120 1540 1322 1575 decideret.

360 1612 440 1648 537.
490 1612 618 1647 chorus
642 1623 691 1646 sc.
721 1610 990 1656 Corybantum;
1017 1621 1136 1645 amnes
1161 1612 1247 1645 sunt
1273 1610 1333 1646 dei
1358 1610 1419 1646 vel
1450 1611 1637 1656 nymphae
1668 1610 1748 1646 fon-

266 1673 370 1713 tium,
398 1671 460 1717 qui
485 1671 623 1716 gaudio
650 1670 799 1716 abrepti
826 1670 1027 1706 clamorem
1051 1670 1199 1710 tollunt,
1226 1671 1269 1704 ut
1293 1669 1404 1715 Verg.
1439 1670 1530 1705 Aen.
1566 1669 1628 1715 IV,
1664 1669 1749 1716 1683

267 1732 332 1767 Ov.
359 1732 437 1766 her.
464 1730 546 1772 VII,
572 1730 618 1765 95
627 1744 635 1773 ;
663 1729 730 1766 cfr.
757 1731 843 1767 met.
869 1729 936 1771 ΙΙΙ,
964 1729 1050 1774 528;
1077 1728 1171 1765 Stat.
1206 1729 1286 1765 silv.
1318 1729 1385 1771 ΙΙΙ,
1419 1730 1450 1771 1,
1490 1729 1552 1776 75;
1579 1729 1749 1774 Apollon.

265 1791 334 1832 ΙΙΙ,
363 1791 473 1833 1217;
499 1789 618 1825 rarius
645 1789 794 1825 omnino
825 1788 994 1824 ululandi
1029 1789 1187 1824 verbum
1219 1788 1267 1823 ad
1298 1788 1475 1834 gaudium
1508 1788 1750 1823 indica-ndum

268 1850 477 1891 adhibetur,
511 1850 578 1885 sed
608 1849 694 1884 vide
734 1849 848 1884 etiam
881 1848 946 1884 Ov.
984 1849 1071 1884 met.
1110 1847 1179 1893 111,
1212 1848 1298 1895 7063
1332 1847 1415 1890 725;
1447 1847 1534 1884 Luc.
1568 1847 1631 1890 VI,
1663 1847 1749 1890 261;

266 1909 360 1945 Stat.
388 1909 468 1945 silv.
494 1909 556 1951 IV,
583 1909 614 1950 2,
641 1908 706 1951 49;
736 1907 852 1944 Theb.
879 1907 921 1949 V,
949 1907 1029 1946 729.
1162 1910 1163 1913 ’

364 1981 444 2018 540.
494 1980 539 2015 In
562 1979 712 2026 pictura
736 1979 967 2024 Pompeiana
997 1978 1135 2023 Helbig
1158 1978 1222 2014 Nr.
1251 1978 1342 2013 1132
1381 1977 1560 2013 Telamon
1583 1979 1750 2013 monstro

266 2040 467 2089 interfecto
493 2039 640 2074 vincula
665 2038 819 2084 virginis
845 2038 966 2083 solvit,
993 2038 1078 2072 dum
1106 2037 1284 2073 Hercules
1309 2037 1455 2082 quietus
1481 2036 1626 2083 adstat3
1662 2036 1748 2072 Nro.

267 2099 358 2134 1129
385 2100 424 2134 et
449 2099 543 2133 1130
561 2098 599 2132 in
619 2098 878 2134 interficiendo
894 2099 1060 2132 monstro
1077 2096 1254 2132 Hercules
1281 2107 1303 2131 a
1321 2096 1523 2132 Telamone
1540 2095 1749 2138 adiu-»ratum

265 2158 443 2193 videlicet
481 2157 616 2192 artifici
657 2169 732 2193 non
763 2158 840 2192 tam
880 2156 991 2191 facile
1025 2157 1106 2191 erat
1132 2155 1372 2191 Telamonem
1409 2154 1576 2191 desidem
1609 2155 1749 2200 fingere

266 2228 380 2262 quam
403 2218 552 2262 poetae.

360 2288 440 2322 542.
490 2287 658 2332 crudique
682 2289 869 2322 cacumina
893 2287 990 2322 saxi:
1017 2287 1168 2332 praeter
1194 2284 1499 2321 consuetudinem
1524 2295 1654 2319 saxum
1671 2295 1751 2319 cm-

206 2377 210 2380 .
266 2348 349 2383 dum
371 2359 440 2393 pro
467 2357 598 2392 aspero
623 2347 801 2391 vocatur3
830 2357 1055 2390 quamquam
1093 2345 1189 2381 enim
1230 2344 1387 2380 eandem
1422 2343 1562 2382 habere
1593 2344 1749 2388 possunt

265 2406 457 2442 notionem
482 2406 576 2441 haec
602 2405 674 2440 duo
701 2404 899 2450 adiecffiva,
930 2406 1059 2440 tamen
1086 2404 1223 2439 crudae
1250 2414 1317 2438 eae
1342 2403 1490 2438 tantum
1514 2413 1574 2438 res
1593 2413 1749 2447 asperae

267 2465 338 2501 dici
376 2465 507 2509 solent,
544 2475 638 2509 quae
669 2464 860 2499 hominum
896 2475 1008 2498 manu
1045 2464 1238 2498 mutantur
1270 2461 1491 2507 mitigantur
1522 2460 1748 2506 levigantur,

252 2525 367 2570 ‘quod
391 2536 466 2560 non
492 2523 593 2559 cadit
616 2523 655 2558 in
682 2534 821 2568 saxum,
849 2522 895 2558 de
922 2534 993 2567 quo
1019 2523 1089 2558 hoc
1114 2522 1195 2557 loco
1220 2522 1334 2567 poeta
1357 2520 1530 2566 loquitur.

361 2596 441 2631 543.
490 2596 529 2630 in
552 2596 715 2639 scopulos
737 2615 783 2620 —
811 2594 954 2636 emicat,
976 2593 1042 2629 cfr.
1067 2593 1179 2638 Verg.
1204 2594 1296 2628 Aen.
1321 2591 1381 2632 VI,
1401 2591 1423 2626 5
1439 2593 1606 2626 iuvenum
1621 2602 1750 2626 manus·

268 2656 391 2690 emicat
433 2656 533 2691 littus
575 2655 614 2690 in
651 2654 880 2698 Hesperium
919 2652 1003 2693 XII,
1042 2652 1111 2686 326
1147 2653 1307 2696 saltuque
1343 2650 1518 2695 superbus
1552 2650 1676 2686 emieat
1710 2650 1750 2685 in

270 2726 422 2750 currum.
