1890 3100
238 227 322 270 194
783 224 818 260 C.
846 224 1027 260 VALERI
1052 224 1174 260 FLAC
1180 224 1227 263 CI

340 343 538 396 litoraque
568 349 609 382 et
637 344 785 382 veteris
814 344 990 383 tumulos
1018 345 1265 396 praelabitur
1293 344 1343 383 Ili
1726 359 1780 390 580

340 409 671 461 Dardaniumque
700 415 872 460 patrem3
901 409 1014 461 vigili
1043 410 1159 448 simul
1189 410 1322 449 omnia
1348 409 1443 448 ludo

339 474 444 513 festa
472 474 628 523 vident3
657 475 750 513 hinc
780 474 888 513 unda
917 476 1038 514 sacris
1067 476 1160 514 hinc
1188 475 1348 526 ignibus
1378 475 1451 514 Ide

339 540 469 578 vibrat
500 546 540 578 et
568 540 802 579 horrisonae
831 539 1077 592 respondent
1107 541 1290 592 Gargara
1317 541 1436 580 buxo.

339 604 432 643 inde
461 605 531 643 ubi
558 605 638 644 iam
667 605 789 644 medii
817 611 985 645 tenuere
1015 606 1174 645 silentia
1203 607 1315 658 ponti

340 669 638 722 stridentesque
667 670 807 709 iuvant
836 684 969 718 aurae,
998 672 1174 710 Phrixea
1203 671 1390 710 subibant
1719 683 1773 714 585

340 749 517 787 aequora
546 741 586 774 et
615 742 807 788 angustas
838 736 1039 788 quondam
1069 738 1154 775 sine
1183 738 1344 776 nomine
1373 737 1524 777 fauces.

340 814 435 839 ecce
466 806 600 840 autem
628 802 756 853 prima
783 802 989 840 volucrem
1018 802 1091 840 sub
1120 802 1212 841 luce
1242 802 1455 842 dehiscens

337 866 478 904 terruit
506 866 615 905 unda
642 872 780 914 ratem,
811 868 1034 919 vittataque
1065 868 1241 906 constitit
1268 868 1403 915 Helle,

337 932 415 969 iam
445 932 629 984 Panopes
659 932 924 984 Thetidisque
955 945 1076 980 soror,
1106 933 1265 986 iamque
1296 947 1419 972 aurea
1447 934 1564 973 laeva

325 1074 404 1109 580.
457 1073 673 1109 Subiectum
708 1075 936 1119 praelabitur
979 1074 1085 1110 verbi
1128 1076 1185 1110 est
1228 1076 1398 1111 carbasus
1437 1077 1607 1122 proprie,
1656 1078 1723 1113 sed

232 1133 405 1168 nimirum
432 1144 515 1168 cum
550 1133 707 1169 carbaso
746 1134 862 1170 etiam
898 1134 1004 1169 navis
1041 1134 1123 1180 ipsa
1159 1134 1392 1180 praelabitur
1400 1148 1408 1178 ;
1447 1135 1530 1172 dico
1566 1138 1723 1182 propter

229 1203 527 1238 supervacaneas
552 1192 777 1229 Baehrentis
804 1193 1046 1230 coniecturas.

322 1252 448 1287 veteris
473 1274 518 1278 —
545 1252 613 1297 RQ·
639 1251 705 1288 cfr.
732 1253 838 1288 Hom.
865 1253 907 1288 Il.
926 1253 989 1295 XI,
1010 1253 1078 1288 166
1105 1249 1195 1290 Ἴλου
1223 1259 1315 1300 σῆμα
1340 1259 1481 1291 παλαιοῦ
1512 1255 1721 1301 Δαρδανίδαο

229 1312 268 1347 et
304 1311 373 1347 371
412 1323 486 1356 seq.
527 1312 627 1363 στήλῃ
665 1309 857 1356 κεκλιμένος
895 1313 1117 1359 ἀνδροκμήτῳ
1156 1312 1207 1349 ἐπὶ
1243 1315 1356 1359 τύμβῳ
1387 1312 1478 1351 Ἴλου
1515 1314 1722 1360 Δαρδανίδαο

227 1375 372 1408 παλαιοῦ
398 1369 644 1417 δημογέροντος.

324 1442 402 1478 581.
453 1443 670 1479 Dardanius
702 1447 810 1488 pater
846 1443 1088 1480 insolentiore
1113 1445 1342 1490 metonymia
1380 1444 1521 1481 dictum
1560 1447 1618 1481 est
1652 1458 1722 1491 pro

225 1502 371 1537 tumulo
383 1502 566 1537 Dardanii
577 1503 706 1548 patris,
723 1503 789 1539 sed.
809 1503 867 1538 hic
886 1503 962 1538 illic
980 1503 1114 1538 similia
1131 1503 1385 1546 inveniuntur;
1406 1504 1459 1540 sic
1472 1504 1612 1550 legitur
1619 1504 1718 1551 VIII,

227 1560 297 1596 329
332 1561 453 1596 Stirus
484 1573 553 1607 pro
586 1562 673 1596 navi
699 1561 804 1604 Stiri3
831 1562 942 1608 Verg.
978 1563 1069 1600 Aen.
1107 1562 1154 1603 II,
1187 1563 1256 1598 312
1298 1563 1472 1608 Ucaleyon
1507 1575 1576 1609 pro
1610 1564 1720 1599 domo

227 1620 469 1666 Ucalegontis
497 1620 577 1664 (cfr.
605 1621 693 1657 Hor.
720 1622 790 1657 sat.
816 1622 844 1663 Ι,
872 1622 904 1663 5,
939 1622 1003 1664 71;
1032 1621 1095 1657 Ov.
1128 1621 1215 1658 fast.
1244 1622 1306 1664 VI,
1337 1622 1422 1669 437)
1432 1636 1440 1666 ;
1481 1622 1576 1659 Stat.
1603 1622 1720 1659 Theb.

231 1679 272 1724 V,
301 1679 368 1714 726
395 1681 507 1715 Iason
530 1692 598 1726 pro
623 1680 787 1726 imagine
821 1681 980 1723 Iasonis;
1012 1681 1074 1722 VI,
1108 1681 1153 1716 64
1179 1682 1295 1717 Linus
1324 1694 1393 1728 pro
1428 1683 1592 1728 imagine
1620 1682 1722 1728 Lini,-

233 1738 295 1780 XI,
322 1739 392 1774 238
418 1739 556 1775 Nessus·
579 1752 648 1785 pro
674 1751 819 1776 veneno
845 1741 969 1782 Nessi;
989 1741 1067 1776 Iuv.
1095 1740 1197 1783 VIII,
1227 1741 1294 1776 164
1321 1743 1360 1777 et
1385 1742 1496 1778 Mart.
1523 1742 1585 1784 XI,
1615 1742 1670 1784 11,
1699 1742 1722 1777 5

230 1798 376 1834 Mentor
411 1810 480 1844 pro
519 1810 632 1844 opere
665 1800 862 1846 Mentoris;
890 1800 974 1841 XII,
1015 1800 1083 1835 128
1110 1800 1241 1836 Nestor
1276 1813 1345 1847 pro
1370 1801 1539 1837 Nestoris
1577 1802 1720 1844 aetate3

229 1857 293 1893 Sil.
320 1857 402 1900 XII,
429 1858 500 1893 338
525 1859 611 1894 deus
634 1871 703 1904 pro
728 1859 854 1895 verbis
882 1860 958 1899 dei;
986 1859 1053 1896 cfr.
1081 1860 1130 1895 ad
1154 1872 1189 1896 v.
1215 1860 1295 1896 629.

324 1918 423 1962 viyili
450 1939 490 1944 —
520 1918 602 1953 ludo
627 1918 650 1954 i.
679 1930 709 1954 e.
736 1918 822 1954 ludo
847 1931 916 1964 per
940 1920 1088 1955 noctem
1113 1916 1314 1960 celebrato,
1341 1922 1384 1955 ut
1408 1920 1496 1956 Hor.
1524 1932 1553 1956 c.
1587 1919 1654 1961 III,
1687 1920 1722 1964 8,

229 1976 273 2010 14
299 1977 420 2022 viyiles
445 1978 607 2012 lucernae
632 1979 718 2012 sunt
742 1989 810 2023 per
833 1979 982 2014 noctem
1007 1978 1176 2014 lucentes
1203 1980 1241 2014 et
1267 1978 1394 2016 Iuven.
1413 1979 1479 2022 ΠΙ,
1506 1979 1577 2014 275
1600 1979 1724 2025 viyiles

226 2035 402 2077 fenestrae
426 2048 494 2082 per
519 2038 670 2073 noctem
696 2039 851 2083 apertae
885 2039 1040 2083 propter
1077 2038 1245 2074 homines
1279 2038 1420 2083 vigiles.
1473 2038 1722 2075 Celebrantur

230 2096 358 2130 autem
382 2095 461 2130 ludi
486 2097 642 2142 propter
667 2098 875 2132 monstrum
901 2097 1068 2132 occisum.

324 2154 404 2190 583.
456 2156 571 2190 humus
595 2167 663 2201 pro
690 2156 796 2201 tibia,
822 2157 865 2191 ut
891 2156 1035 2201 saepius
1062 2157 1162 2202 apud
1187 2158 1330 2202 poetas,

323 2214 404 2250 586.
453 2215 530 2250 sine
567 2216 706 2250 nomine
751 2215 915 2261 explicat
948 2215 1101 2251 Caussin
1145 2216 1224 2252 sine
1263 2216 1364 2252 fama
1396 2216 1606 2262 significare
1638 2217 1719 2254 coll.

230 2272 342 2318 Verg.
367 2273 459 2309 Aen.
487 2273 548 2318 VI,
577 2274 655 2309 776.

324 2328 404 2370 588.
454 2333 557 2368 Haec
584 2334 631 2369 de
657 2334 758 2369 Helle
783 2334 1010 2379 Argonautis
1035 2334 1319 2380 Hellespontum
1346 2335 1574 2370 intrantibus
1607 2346 1720 2381 appa·

230 2393 338 2427 rente
363 2392 530 2428 narratio
556 2404 578 2427 a
603 2393 753 2429 Valerio
779 2393 860 2439 ipso
894 2393 1108 2439 excogitata
1142 2395 1208 2430 est.
1265 2394 1401 2430 Vittata
1433 2394 1569 2429 dicitur
1601 2394 1719 2441 Helle,

230 2450 316 2496 quia
339 2452 531 2496 tamquam
559 2451 712 2487 victima
737 2452 812 2487 iam
837 2452 935 2488 vitta
961 2454 1094 2488 ornata
1119 2454 1218 2496 erat;
1247 2453 1313 2491 cfr.
1330 2453 1442 2500 Verg.
1459 2453 1551 2490 Aen.
1572 2453 1619 2496 IL
1639 2453 1719 2497 133;

230 2509 297 2545 Ov.
324 2510 422 2546 trist.
449 2510 510 2555 IV,
537 2511 570 2552 4,
599 2511 659 2553 78;
688 2523 732 2547 ex
757 2512 866 2547 Pont.
894 2511 960 2553 III,
988 2512 1019 2552 2,
1047 2512 1102 2548 75.
1557 2548 1560 2551 .

322 2569 401 2605 589.
452 2573 613 2614 Panopes
642 2570 864 2616 Thetidisque
888 2582 990 2607 soror
1014 2571 1121 2608 Helle
1161 2573 1204 2607 ut
1229 2572 1301 2607 dea
1324 2571 1470 2607 marina
1495 2558 1718 2608 noniinamr.

323 2630 421 2664 laeva
455 2633 594 2674 sceptra
638 2634 772 2672 ienens;
816 2632 1006 2676 sceptrum
1041 2631 1187 2676 insigne
1228 2630 1423 2675 dignitatis
1460 2631 1572 2667 modo
1608 2631 1719 2667 laeva

227 2689 388 2726 tenetur,
415 2690 458 2723 ut
484 2688 549 2725 Ov.
578 2700 647 2724 am.
675 2688 737 2730 III,
766 2690 796 2730 1,
826 2690 888 2734 133
915 2692 1003 2725 met.
1029 2689 1110 2732 VII,
1137 2690 1223 2732 506;
1251 2689 1314 2726 Sil.
1341 2689 1436 2732 XVI,
1470 2690 1556 2733 240;
1582 2690 1720 2727 Boeth.
