1890 3100
256 261 341 304 222
777 260 815 297 C.
840 261 1022 296 VALERI
1047 262 1221 298 FLAGGI

362 379 622 432 oblatumque
651 379 744 418 ferit
772 381 931 432 galeam
960 382 1181 434 cristasque
1210 383 1415 430 rubentes,

361 445 441 484 heu
470 451 541 484 tua
569 445 685 493 dona,
717 459 874 497 gerens.
933 461 1052 499 quem
1080 453 1121 486 te
1152 449 1393 501 qualemque
1422 448 1577 487 videbit

361 511 564 559 attonitus,
596 511 793 559 Crenaee,
823 512 990 564 parens!
1021 526 1072 551 en
1100 513 1268 564 frigidus
1301 514 1418 552 orbes

360 589 582 628 purpureos
611 577 689 614 iam
720 590 883 615 somnus
915 578 1008 625 obit,
1038 578 1117 616 iam
1148 578 1297 617 candor
1327 585 1367 617 et
1395 580 1488 617 anni

361 641 552 680 deficiunt
578 642 742 695 vitaque
771 642 875 694 fugit
904 643 1026 682 decus
1058 657 1173 682 omne
1205 644 1346 683 solut-a.

362 706 506 746 desere
535 722 643 746 nunc
671 721 812 746 nemus
843 714 884 747 et
910 709 1190 760 Nympharum
1220 709 1342 748 durus
1372 723 1541 750 amores,

360 778 400 811 at
430 772 591 811 diversa
621 773 759 825 Sagen
787 774 1015 812 turbantem
1044 774 1187 813 fallere
1216 788 1340 813 nervo

358 843 443 876 tum
470 839 640 890 primum
669 852 770 890 puer
798 853 918 877 ausus
947 839 1092 890 Hylas,
1124 853 1216 891 spes
1245 841 1420 879 maxima
1447 841 1565 880 bellis

357 903 527 954 pulcher
555 905 699 955 Hylas,
732 905 765 942 si
793 904 877 942 fata
907 905 1050 952 sinant,
1083 906 1116 942 si
1143 919 1336 957 prospera
1364 906 1483 955 Iuno,

356 970 652 1021 prostravitque
680 970 810 1007 virum
839 970 961 1008 celeri
989 983 1062 1022 per
1089 975 1254 1022 pectora
1281 971 1375 1010 telo.
1743 988 1798 1017 185

410 1034 636 1073 Accessere
668 1034 817 1087 (nefas)
845 1035 1023 1073 tenebris
1053 1035 1265 1074 fallacibus
1296 1038 1374 1074 acti

345 1140 424 1177 176.
475 1142 669 1186 cristasque
692 1142 865 1183 rubentes,
892 1141 956 1177 cfr.
985 1141 1096 1187 Verg.
1122 1142 1214 1178 Aen.
1240 1142 1304 1183 IX,
1332 1143 1395 1188 503
1422 1143 1503 1185 XII,
1530 1143 1594 1190 893
1614 1144 1741 1182 Claud.

249 1199 295 1235 de
320 1200 354 1238 4.
382 1212 480 1236 conS.
507 1200 602 1238 Hon.
628 1201 714 1243 524;
740 1201 844 1246 idyll.
883 1201 914 1243 5,
955 1201 1016 1244 50;
1056 1201 1119 1237 Sil.
1146 1201 1228 1244 XII,
1269 1202 1353 1245 1703
1383 1202 1530 1248 Coripp.
1568 1203 1606 1238 in
1642 1203 1741 1240 laud.

248 1259 341 1297 Iust.
368 1259 433 1302 ΠΙ,
461 1260 542 1296 241.

346 1319 424 1356 178.
472 1319 631 1365 fri-(lidus
658 1341 701 1345 —
727 1331 872 1356 somnus
898 1321 956 1356 est
980 1332 1090 1362 mors,
1117 1320 1179 1366 qui
1205 1322 1308 1356 artus
1335 1323 1375 1357 et
1400 1322 1570 1357 membra
1602 1322 1743 1368 frigida

247 1379 422 1425 reddit3
464 1379 589 1415 activa
630 1380 783 1416 notione
826 1380 1017 1416 interdum
1053 1380 1228 1416 scribitur
1265 1381 1336 1417 hoc
1371 1373 1599 1417 adiectivum
1638 1382 1744 1418 velut

245 1439 385 1484 friyida
409 1439 528 1474 sidera
552 1439 729 1485 leguntur
756 1439 822 1475 Ov.
849 1440 926 1476 her.
953 1439 1002 1482 Π,
1030 1440 1107 1475 123.
1362 1432 1367 1436 ’

348 1498 454 1534 Oculi
481 1499 628 1544 saepius
655 1510 677 1533 a
701 1499 823 1544 poetis
849 1500 949 1535 orbes
975 1499 1158 1542 dicuntur,
1198 1511 1220 1535 a
1245 1500 1326 1535 Val.
1354 1500 1415 1543 IV,
1442 1501 1530 1543 235;
1564 1503 1742 1546 purpurei

247 1558 270 1596 i.
299 1569 331 1596 e.
357 1558 458 1594 claro
490 1558 613 1594 colore
639 1558 843 1605 splendidi3
869 1559 921 1594 sic
947 1560 1059 1594 olores
1083 1559 1170 1595 Hor.
1199 1571 1229 1595 c.
1255 1559 1315 1601 IV,
1344 1560 1375 1605 1,
1403 1560 1467 1602 10;
1487 1561 1602 1595 lumen
1620 1561 1740 1595 iuven-

246 1622 306 1654 tae
330 1617 442 1663 Verg.
467 1618 560 1654 Aen.
586 1618 615 1663 1,
642 1618 728 1660 591;
755 1619 868 1654 Amor
895 1618 962 1655 OV.
989 1618 1080 1653 artis
1106 1618 1134 1660 I,
1161 1619 1246 1661 232;
1286 1620 1408 1663 capilli
1443 1619 1511 1654 331
1552 1621 1591 1655 et
1628 1619 1739 1665 frgm.

245 1678 347 1724 poet.
375 1677 432 1713 ed.
459 1677 501 1714 Β.
529 1677 613 1720 175;
641 1688 759 1713 comae
778 1677 925 1723 Coripp.
944 1678 983 1712 in
999 1678 1098 1714 laud.
1126 1678 1218 1714 Iust.
1245 1678 1273 1719 I,
1300 1678 1346 1713 35
1355 1692 1362 1721 ;
1390 1679 1470 1714 alae
1497 1679 1643 1715 Amoris
1674 1679 1739 1715 Ov.

245 1748 339 1773 rem.
360 1736 446 1783 7013
473 1737 588 1772 Nisus
614 1736 709 1772 Stat.
736 1737 815 1772 silv.
842 1737 913 1783 ΙΙΙ,
940 1738 972 1779 4,
992 1737 1038 1772 84
1047 1751 1054 1780 ;
1081 1738 1199 1772 vultus
1216 1737 1332 1773 Theb.
1351 1737 1433 1779 VII,
1453 1738 1539 1785 148;
1565 1739 1742 1774 columbae

247 1796 376 1832 Claud.
405 1796 522 1842 epith.
548 1796 642 1831 Pall.
671 1796 750 1832 104.

341 1867 420 1903 179.
472 1869 560 1903 anni
598 1868 781 1911 deficiunt3
816 1879 902 1903 rara
939 1868 1092 1904 notione
1140 1868 1228 1921 anni
1267 1868 1441 1904 dicuntur
1477 1881 1546 1915 pro
1588 1869 1742 1905 iuvenili

244 1926 461 1972 splendore,
501 1927 567 1963 sed
592 1927 658 1963 cfr.
686 1927 752 1963 Ov.
780 1939 851 1962 am.
878 1927 906 1969 L
935 1927 989 1972 10,
1018 1927 1062 1962 15
1089 1927 1230 1974 (Amor)
1256 1929 1334 1964 sine
1356 1928 1521 1963 sordibus
1556 1939 1671 1964 armos
1694 1950 1741 1955 —

243 1987 362 2033 habet3
392 1987 439 2023 de
463 1987 618 2023 iuvenili
642 1987 777 2022 robore
803 1987 898 2023 Stat.
926 1987 1042 2023 Theb.
1075 1987 1137 2033 VI,
1174 1988 1241 2022 757
1274 1989 1431 2033 inqentes
1460 1988 1611 2032 spondet
1643 1992 1740 2024 tener

243 2048 394 2091 impetus
420 2057 553 2092 annos3
577 2046 643 2084 cfr.
671 2047 786 2083 etiam
809 2046 912 2087 VIII,
939 2047 1020 2083 380.

340 2117 419 2155 181.
473 2117 563 2152 Cum
588 2118 708 2154 ironia
733 2118 990 2154 misericordia
1014 2101 1133 2153 mixta,
1158 2119 1253 2154 haec
1277 2119 1395 2154 verba
1419 2118 1593 2154 dicuntur
1620 2119 1667 2154 de
1693 2130 1738 2154 ea

243 2189 294 2219 re,
322 2189 418 2222 quae
443 2178 514 2213 hoc
542 2189 668 2213 rerum
692 2179 795 2213 statu
820 2178 900 2214 fieri
925 2190 1000 2213 non
1025 2179 1162 2224 potest,
1188 2179 1231 2213 ut
1270 2178 1371 2224 apud
1402 2178 1490 2214 Hor.
1525 2189 1581 2224 ep.
1618 2178 1667 2224 II,
1704 2179 1736 2221 2,

244 2237 289 2272 76
316 2248 400 2272 cum
426 2237 551 2281 aliqua
575 2237 835 2282 indignatione
861 2239 875 2273 i
899 2249 994 2273 nunc
1019 2242 1052 2273 et
1075 2249 1198 2273 versus
1227 2242 1339 2273 tecum
1369 2238 1539 2273 meditare
1569 2249 1720 2274 canoros
1727 2253 1740 2284 ,-

246 2298 309 2332 cfr.
339 2296 454 2332 etiam
481 2308 539 2342 ep.
564 2297 593 2337 I,
621 2298 652 2338 6,
681 2298 737 2332 17.

339 2367 419 2404 182.
466 2368 592 2410 fallere
617 2369 687 2403 hoc
712 2368 795 2404 loco
821 2368 996 2404 scribitur
1023 2369 1068 2404 de
1101 2368 1251 2404 homine
1288 2369 1379 2415 ipso,
1419 2368 1481 2413 qui
1518 2368 1633 2403 alium
1670 2369 1737 2404 im-

242 2427 468 2473 prudentem
494 2426 639 2468 occidit,
667 2427 815 2472 saepius
840 2427 896 2462 ita
920 2428 1084 2473 positum
1117 2428 1256 2473 legitur
1288 2427 1388 2473 apud
1411 2428 1549 2473 'poetas
1575 2428 1622 2464 de
1647 2428 1736 2470 telo,

243 2488 286 2522 ut
310 2486 423 2531 Verg.
450 2489 541 2522 Aen.
568 2486 611 2532 X,
640 2486 727 2528 754;
755 2486 817 2531 IX,
843 2487 929 2529 572;
958 2486 1019 2521 Sil.
1045 2488 1089 2529 V,
1116 2488 1197 2522 401.

339 2546 482 2582 diversa
507 2567 552 2571 —
577 2546 776 2581 turbantem
801 2546 823 2581 i.
852 2557 882 2581 e.
910 2547 1050 2582 diversa
1075 2547 1193 2591 campi
1214 2550 1330 2591 parte.

340 2617 418 2652 184.
464 2628 644 2662 prospera
661 2617 682 2651 i.
705 2628 734 2653 e.
752 2616 995 2662 propitia,-sic
1008 2618 1160 2652 Bellona
1179 2617 1244 2653 Ov.
1264 2617 1350 2653 fast.
1365 2616 1425 2659 VI,
1441 2616 1527 2660 202;
1543 2617 1735 2653 Noctiluca

242 2677 329 2713 Hor.
357 2688 387 2713 c.
414 2676 476 2722 IV,
503 2677 535 2719 6,
562 2676 624 2720 39;
655 2677 775 2712 Thetis
795 2675 944 2722 Coripp.
969 2676 1048 2714 Ioh.
1075 2676 1102 2719 I,
1132 2677 1218 2719 130;
1247 2676 1289 2723 (I,
1309 2676 1378 2711 406
1402 2677 1625 2722 prosperitas
1648 2676 1671 2712 i.
1698 2688 1732 2722 q.

242 2736 480 2782 benignitas).
