1890 3100
532 213 916 252 ARGONAVTICON
938 212 1085 250 LIBER.
1109 211 1212 248 Vm.
1519 211 1605 254 547

233 337 526 388 adversamque
553 334 693 387 procul
718 334 873 373 Peuces
902 332 1079 372 defertur
1104 332 1147 370 in
1175 343 1284 369 oram

160 406 185 420 ⁶*
234 415 330 441 cum
356 401 494 449 sociis3
523 400 681 452 gemino
708 412 803 438 nam
829 397 1021 437 scinditur
1047 396 1179 435 insula
1205 395 1314 434 flexu

237 466 427 505 Danubii.
484 465 560 504 hae
588 464 737 503 dudum
762 464 926 515 Minyae
951 463 1240 514 Pagasaeaque
1275 459 1419 512 puppis

234 531 280 570 in
307 531 479 569 statione
505 535 685 578 manent3
713 528 823 567 illine
849 528 1017 566 Aeetius
1043 526 1163 564 heros

240 594 399 634 obsidet
427 594 597 633 adversa
621 594 794 633 tentoria
818 590 1019 631 Thessala
1045 589 1175 628 classe
1614 598 1668 628 380

239 659 464 711 impatiens,
498 669 739 711 pugnaeque
765 656 882 695 datur
907 668 989 694 non
1015 653 1100 692 ulla
1126 657 1320 705 potestas.

238 730 379 763 noctes
407 730 528 776 atque
542 723 641 766 ,dies
667 722 792 761 vastis
819 732 930 760 mare
956 719 1141 758 fluctibus
1171 719 1275 756 inter

240 789 425 841 perfurit,
454 787 669 840 expediant
696 786 824 826 donec
850 785 1022 824 Iunonia
1047 795 1139 823 sese

238 853 409 892 consilia
436 858 557 905 atque
585 852 761 905 aliquem
786 850 895 890 bello
922 850 1026 889 ferat
1052 849 1173 887 anxia
1198 847 1332 886 finem.

293 917 349 955 At
374 917 538 968 Minyae
564 917 665 955 tanti
691 920 922 968 reputantes
950 914 1091 952 ultima
1116 911 1216 951 belli
1617 917 1672 947 385

240 987 415 1032 urguent
442 986 483 1020 et
509 980 695 1033 precibus
724 980 856 1019 cuncti
882 979 1122 1030 fremituque
1151 977 1322 1028 fatigant

240 1045 486 1085 Aesoniden.
542 1044 637 1098 quid
665 1058 709 1084 se
738 1050 904 1083 externa
930 1057 1001 1095 pro
1029 1043 1183 1094 virgine
1212 1041 1370 1080 clausos

241 1110 400 1158 obiciat,
431 1109 577 1163 quidve
604 1110 676 1148 illa
702 1110 786 1162 pati
812 1108 1039 1148 discrimina
1067 1105 1212 1159 cogat?

240 1176 462 1227 respiceret
486 1175 703 1227 pluresque
730 1174 882 1213 animas
908 1173 1141 1225 maioraque
1167 1172 1253 1210 fata

242 1245 303 1278 tot
330 1241 527 1287 comitum,
558 1241 625 1292 qui
651 1253 732 1278 non
759 1239 870 1278 furiis
898 1252 975 1277 nee
1004 1251 1137 1277 amore
1165 1235 1339 1276 nefando
1617 1250 1676 1280 aeo

243 1316 317 1356 per
342 1304 456 1352 freta,
486 1304 559 1343 sed
587 1302 673 1343 sola
700 1315 791 1343 sese
818 1304 965 1342 virtute
994 1308 1221 1356 sequantur.

245 1383 297 1408 an
322 1382 430 1417 vero,
459 1374 504 1407 ut
530 1369 715 1407 thalamis
743 1370 950 1421 raptisque
978 1365 1190 1419 indulgeat
1217 1380 1319 1405 unus

244 1433 464 1485 coniugiis?
490 1433 532 1472 id
558 1439 715 1486 tempus
746 1434 863 1472 enim.
920 1438 982 1471 sat
1008 1430 1163 1471 vellera
1192 1431 1323 1478 Grais,

232 1546 311 1581 376.
355 1546 485 1590 procul
507 1556 557 1582 se.
583 1545 632 1580 ab
658 1555 703 1581 ea
726 1546 848 1591 parte,
872 1545 938 1580 ubi
962 1545 1203 1590 Argonautae
1227 1543 1449 1581 tendebant.

233 1605 315 1641 377.
362 1605 538 1640 scinditur
573 1604 693 1640 insula
728 1604 752 1641 i.
791 1614 822 1641 e.
859 1615 882 1639 a
918 1603 1134 1639 continente
1171 1603 1388 1649 separatur,
1426 1602 1493 1638 cfr.
1532 1602 1622 1645 Tac,

138 1663 271 1702 Germ.
296 1673 327 1703 e.
346 1663 393 1699 43
418 1663 551 1699 dab-imit
575 1665 666 1699 em’m
681 1663 876 1708 scinditque
893 1663 1059 1699 sueviam
1078 1663 1284 1698 continuum
1299 1661 1468 1698 montium
1484 1663 1619 1707 imum,

140 1724 239 1759 ultra
261 1722 357 1768 quod
373 1723 554 1767 plurimae
576 1726 695 1768 gente-s
719 1730 843 1768 amna.

236 1781 318 1817 382.
366 1782 460 1817 inter
483 1792 552 1827 pro
577 1781 754 1817 adverbio
782 1782 849 1822 est,
877 1781 944 1818 cfr.
970 1781 1019 1816 ad
1043 1780 1086 1822 V,
1112 1781 1195 1817 336.

237 1840 317 1876 383.
365 1839 491 1886 Ipsum
514 1851 617 1876 mare
643 1851 752 1876 sensu
775 1840 982 1885 praeditum
1008 1839 1196 1885 cogitatur
1221 1839 1359 1884 furens,
1385 1839 1504 1874 donee
1528 1837 1623 1873 Iuno

140 1899 299 1936 consilia
323 1899 514 1944 expediat,
540 1898 639 1945 quod
662 1899 783 1944 ipsum
819 1910 963 1945 quoque
998 1898 1145 1944 poetice
1182 1908 1394 1943 expressum
1436 1899 1502 1938 est,
1538 1908 1621 1932 eum

142 1958 323 1994 dicuntur
348 1957 500 1993 consilia
524 1969 625 1994 sese
651 1957 838 2003 expedire.

240 2017 322 2053 385.
371 2021 575 2062 reputantes
597 2017 723 2052 ultima
746 2017 827 2052 belli
851 2017 874 2051 i.
902 2028 932 2052 e.
959 2016 1078 2063 qualis
1102 2016 1258 2052 tandem
1283 2017 1436 2052 eventus
1460 2015 1550 2051 belli
1567 2015 1624 2050 fu-

142 2077 252 2111 turus
277 2075 336 2111 sit.

241 2134 319 2170 388.
369 2134 500 2170 obiciat
535 2135 606 2170 hoo
642 2134 722 2170 loco
758 2134 910 2179 ponitur
935 2134 1013 2169 sine
1050 2134 1175 2170 dativo
1212 2145 1361 2180 prorsus
1390 2135 1433 2169 ut
1457 2135 1623 2170 nostrum

145 2192 263 2230 ⁴Preis
288 2193 441 2239 geben&
467 2192 519 2228 sie
545 2193 659 2229 etiam
682 2193 819 2229 Auson.
846 2193 963 2239 epigr.
989 2192 1029 2228 in
1054 2192 1228 2229 Solonem
1253 2205 1286 2229 v.
1312 2192 1367 2229 26.

242 2250 323 2289 389.
371 2253 511 2288 maiora
544 2252 626 2295 fata
662 2253 748 2287 sunt
774 2252 939 2298 heroum,
965 2251 1096 2297 quibus
1127 2251 1357 2288 destinatum
1382 2254 1448 2299 est,
1485 2263 1623 2298 magna

147 2310 317 2348 facinora
342 2310 477 2352 facere
504 2310 700 2356 opponitur
724 2310 845 2346 fatum
869 2310 1025 2347 Medeae
1050 2310 1181 2353 minus
1207 2312 1250 2346 ut
1273 2310 1435 2356 virginis.

243 2370 324 2406 390.
373 2381 448 2406 non
466 2370 576 2413 fin-iis
599 2380 661 2405 nec
684 2381 802 2405 amore
826 2369 980 2413 nefando
1005 2371 1115 2415 (more
1129 2368 1225 2411 vat„
1252 2381 1370 2406 amore
1394 2370 1452 2406 ed.
1470 2371 1561 2406 Bon.
1589 2372 1628 2406 et

149 2429 250 2476 Ald.)
276 2441 327 2466 sc.
351 2429 462 2470 ducti.
490 2429 557 2465 cfr.
586 2429 634 2465 ad
657 2429 686 2470 Ι,
713 2429 794 2465 802.

247 2488 327 2526 392.
375 2489 474 2534 Apte
499 2489 548 2527 ad
572 2488 666 2523 iram
690 2489 871 2524 sociorum
889 2489 1165 2535 exprimendam
1189 2490 1303 2535 poeta
1324 2489 1458 2535 plurali
1474 2500 1628 2524 numero

151 2547 319 2583 thalamis
334 2548 508 2593 conium-‘e
525 2547 654 2583 utitur.
693 2547 753 2582 Ad
769 2548 993 2583 sententiam
1010 2548 1255 2594 supplendam
1270 2550 1397 2584 mente
1413 2548 1628 2583 addendum

153 2611 207 2642 ‘se
233 2617 276 2642 eo
301 2606 453 2642 consilio
478 2608 621 2642 secutos
648 2609 750 2643 esse’.

250 2664 330 2700 393.
379 2665 417 2700 id
439 2669 575 2710 tempus
599 2667 704 2701 enim:
731 2677 813 2701 cum
837 2666 953 2702 ironia
978 2665 1115 2701 dictum
1143 2678 1210 2712 pro
1237 2677 1280 2702 eo
1306 2665 1406 2713 quod
1429 2667 1495 2706 est.
1522 2665 1628 2700 huius

1349 2724 1394 2759 35
