1890 3100
606 189 992 225 ARGONAVTICON
1018 189 1163 223 LIBER
1187 188 1229 223 V.
1576 191 1663 233 379

291 310 463 358 deserit3
492 310 655 348 ultrices
685 315 867 360 spectant
895 323 920 347 a
948 308 1119 347 culmine
1149 309 1287 346 Dirae.
1446 308 1450 311 ’
1667 313 1723 342 445

290 375 424 414 deficit
454 375 495 412 in
522 375 707 413 thalamis
734 375 972 426 turbataque
1000 373 1156 424 paelice
1185 373 1358 411 coniunx

246 475 253 481 .
290 440 440 492 pallam
470 446 510 478 et
538 440 794 491 gemmiferae
823 439 969 478 donum
997 438 1158 477 exitiale
1188 451 1358 476 coronae

293 511 458 557 apparat
486 511 579 544 ante
609 517 745 543 omnes
774 517 909 543 secum
939 503 1134 555 dequesta
1167 503 1339 541 labores

292 584 458 609 munere
487 584 566 622 quo
594 570 741 621 patrias
768 569 915 621 paelex
943 574 1104 606 ornatur
1132 567 1183 606 ad
1211 581 1300 606 aras

292 635 448 682 infelix3
485 641 531 674 et
552 636 631 673 iam
658 634 785 673 rutilis
815 639 997 685 correpta
1024 633 1191 671 venenis
1671 632 1726 661 450

293 701 470 753 implicat
496 701 590 752 igne
619 699 767 738 domos.
823 699 926 737 haec
953 705 1036 736 tum
1071 698 1262 736 miracula
1291 697 1455 736 Colchis

295 771 493 804 struxerat
519 765 744 817 ignipotens
773 764 948 803 nondum
976 764 1246 810 noscentibus,
1275 763 1345 802 ille

295 831 383 883 quis
411 830 534 877 labor,
571 830 731 882 aligeris
760 836 829 868 aut
858 843 961 881 quae
991 835 1102 868 secet
1130 829 1327 880 anguibus
1357 841 1473 867 auras

295 895 418 934 caede
447 895 630 934 madens:
661 895 782 934 odere
811 901 946 933 tamen
972 895 1164 946 visusque
1193 894 1415 933 reflectunt.

346 960 453 1010 Quin
481 960 587 999 idem
614 961 773 1012 Minyas
804 974 967 1012 operum
996 959 1190 998 defixerat
1218 973 1338 1006 error,
1670 967 1724 996 455

277 1090 358 1126 445.
408 1091 549 1126 ultrices
584 1111 627 1116 —
654 1090 754 1126 dirae
785 1091 897 1135 Verg.
934 1091 1029 1125 Aen.
1054 1089 1116 1127 IV.
1142 1089 1229 1131 473;
1267 1089 1322 1124 ita
1347 1088 1494 1134 saepius
1535 1088 1674 1124 Furiae

183 1150 436 1186 nominantur.

277 1209 357 1244 446.
408 1209 524 1251 deficit
561 1209 608 1244 de
645 1209 768 1244 animo
805 1208 883 1243 sine
921 1207 1034 1243 dubio
1071 1208 1142 1243 hoc
1179 1207 1261 1255 loco
1295 1207 1455 1249 dictum,
1494 1207 1581 1243 vide
1619 1207 1669 1242 ad

184 1268 215 1312 Ι,
240 1269 320 1304 331.

279 1327 360 1363 447.
410 1327 540 1371 donum
565 1327 721 1362 exitiale:
755 1327 983 1371 VergsAen.
1010 1326 1060 1366 ΙΙ,
1087 1326 1150 1372 31;
1188 1326 1285 1361 hanc
1310 1337 1486 1361 coronam
1512 1325 1670 1370 gemmis

185 1387 358 1422 ornatam
380 1386 452 1432 ipsi
469 1386 622 1422 Medeae
648 1397 670 1421 a
689 1385 830 1421 Venere
855 1385 890 1420 in
912 1385 1145 1421 celebrandis
1163 1396 1246 1420 cum
1263 1384 1395 1420 Iasone
1412 1384 1552 1430 nuptiis
1570 1385 1669 1420 dono

185 1446 312 1481 datam
348 1456 428 1481 esse
458 1446 591 1491 postea
621 1446 752 1480 narrat
774 1446 889 1490 poeta
914 1444 1018 1487 VIH,
1043 1445 1131 1490 237;
1166 1455 1241 1479 una
1267 1445 1395 1480 autem
1420 1455 1503 1479 eum
1530 1455 1668 1480 corona

185 1515 300 1540 aurea
313 1504 455 1550 pallam
472 1516 495 1540 a
510 1504 645 1540 Medea
661 1504 759 1540 filiae
779 1503 948 1539 Creontis
965 1504 1116 1538 missam
1134 1515 1214 1539 esse
1233 1503 1470 1539 consentiunt
1491 1503 1616 1539 Valeri
1634 1515 1678 1538 us

186 1562 270 1599 Sen.
287 1563 386 1598 Med.
403 1563 473 1598 570
490 1574 601 1608 seqq..
619 1563 687 1598 817
706 1574 818 1608 seqq..
845 1564 1040 1608 hypothes.
1076 1562 1201 1608 Eurip.
1217 1562 1322 1604 Med„
1341 1562 1455 1608 ipsius
1474 1564 1571 1608 trag.
1591 1562 1676 1613 786,

188 1621 280 1657 1159
311 1633 423 1667 seqq„
463 1622 555 1657 1186
579 1633 697 1667 seqq.;
737 1622 854 1657 solam
892 1633 1067 1658 coronam
1103 1621 1298 1657 nominant
1337 1622 1401 1657 Ov.
1436 1621 1552 1656 Ibidis
1595 1621 1675 1664 601,

185 1680 279 1716 Plin.
305 1682 384 1717 nat.
410 1681 495 1717 hist.
522 1681 571 1719 ΙΙ.
597 1681 676 1722 235,
703 1681 812 1717 Drac.
838 1681 880 1722 X,
904 1681 974 1715 492
1000 1681 1059 1722 B.;
1086 1681 1205 1716 solam
1227 1681 1370 1726 pallam
1394 1681 1565 1726 Apollod.
1591 1681 1621 1721 Ι,
1643 1680 1676 1715 9,

187 1739 244 1781 28,
282 1740 322 1782 2;
372 1741 489 1785 myth.
524 1739 609 1775 Vat.
648 1740 688 1781 Ι,
727 1740 789 1782 25;
832 1740 881 1780 11,
921 1739 1007 1787 1383
1045 1739 1156 1776 schol.
1198 1739 1328 1784 Crucq.
1367 1739 1456 1775 Hor.
1495 1740 1602 1785 epod.
1640 1740 1674 1782 3,

190 1799 252 1841 133
278 1799 325 1835 de
351 1799 442 1834 artis
468 1798 641 1844 operibus
674 1800 738 1834 cfr.
770 1798 994 1834 Weckleinii
1019 1799 1161 1844 proleg.
1199 1798 1238 1833 in
1270 1798 1392 1844 Eurip.
1425 1799 1542 1834 Med?
1565 1811 1601 1844 p.
1634 1799 1677 1834 19

194 1865 320 1894 annot.

285 1917 366 1953 448.
415 1917 579 1961 dequesta
604 1917 757 1963 labores3
783 1917 1012 1962 dequerendi
1036 1917 1194 1952 verbum
1218 1928 1241 1951 a
1260 1916 1408 1952 Valerio
1435 1928 1479 1952 ex
1505 1916 1675 1951 similitu-

189 1976 276 2012 dine
301 1975 522 2022 deplorandi
546 1978 725 2011 novatum
751 1977 823 2018 est3
861 1975 1029 2010 imitatur
1055 1975 1149 2011 Stat.
1176 1975 1290 2011 Theb.
1316 1975 1346 2017 Ι,
1372 1975 1443 2010 404
1478 1975 1592 2011 Notos
1617 1976 1675 2011 de-

191 2039 354 2080 questu&
392 2034 454 2079 XI,
481 2034 549 2069 627
573 2035 663 2069 talia
688 2035 884 2080 dequestus.

284 2098 366 2129 ante
388 2105 458 2140 pro
483 2093 663 2129 adverbio
681 2095 753 2129 est:
772 2093 988 2139 priusquam
1008 2095 1211 2139 appararet
1231 2094 1339 2134 dona,
1367 2105 1494 2129 omues
1511 2093 1673 2140 labores,

190 2164 280 2198 quos
305 2152 472 2198 pertulit.
499 2152 723 2198 dequeritur.

284 2223 365 2259 450.
414 2224 525 2259 rutila
550 2223 644 2258 dixit
669 2234 815 2258 venena
839 2223 1010 2258 Valerius
1035 2223 1084 2258 ad
1098 2223 1335 2259 indicandam
1352 2224 1551 2263 flammam,
1579 2235 1676 2268 quae

193 2293 237 2318 ex
263 2282 368 2318 donis
393 2283 571 2327 eruptura
602 2283 659 2317 est
685 2282 743 2317 vel
768 2282 843 2317 iam
871 2282 1002 2327 erupit.

285 2341 342 2377 De
357 2341 499 2386 templo
519 2340 613 2376 Solis
630 2341 721 2375 nihil
740 2341 855 2377 habet
874 2341 1098 2387 Apollonius,
1121 2343 1251 2378 contra
1268 2342 1477 2377 accuratius
1497 2342 1677 2377 describit

193 2411 308 2445 opera
331 2411 355 2435 a
379 2399 545 2435 Vulcano
569 2399 608 2434 in
634 2400 743 2436 domo
767 2400 848 2445 ipsa
872 2401 1014 2436 Aeetae
1040 2400 1143 2436 facta
1166 2400 1234 2446 ΙΙΙ,
1261 2401 1330 2436 215
1355 2412 1457 2446 seqq.

286 2470 366 2505 455.
416 2478 561 2515 operum*
595 2494 639 2499 —
676 2482 789 2512 error;
829 2471 962 2507 erroris
1000 2471 1237 2507 substantivo
1275 2483 1321 2507 ea
1357 2471 1525 2507 condicio
1564 2471 1678 2506 animi

196 2529 423 2574 designatur,
450 2541 523 2574 qua
547 2530 627 2574 quis
652 2529 809 2565 affectus
834 2530 963 2569 nescit,
982 2530 1070 2576 quid
1092 2530 1207 2566 faciat
1231 2530 1293 2566 vel
1316 2530 1457 2566 iudicet
1480 2531 1539 2566 vel
1565 2530 1677 2569 dicat.

197 2598 280 2623 cum
305 2587 448 2623 animus
484 2589 556 2623 huc
592 2588 679 2623 illuc
716 2590 836 2630 erret;
874 2589 949 2626 vid.
988 2589 1092 2624 Lucr.
1119 2589 1181 2631 111,
1222 2589 1314 2624 1050
1339 2589 1380 2625 B.
1407 2590 1519 2625 animi
1542 2590 1678 2624 incerto

195 2647 344 2688 fluitans
380 2658 497 2682 errore
534 2649 691 2693 vayarw
741 2647 759 2682 J
766 2648 803 2685 V.
847 2648 938 2683 1069
972 2650 1122 2691 fluctuat
1162 2650 1304 2684 incertis
1344 2649 1522 2684 erroribus
1562 2648 1672 2683 ardor
