1890 3100
237 246 292 291 72
763 246 801 284 ο.
826 247 1007 285 VALERI
1032 248 1208 285 FLAOCI

342 370 386 403 ut
415 366 546 405 socius
577 380 668 406 caro
695 368 846 419 pariter
880 368 1096 407 meditetur
1123 367 1274 408 Achilli

341 430 410 468 fila
436 431 552 482 lyrae
579 433 810 485 pariterque
839 434 952 473 leves
980 447 1082 486 puer
1109 434 1251 473 incitet
1278 434 1415 473 hastas

179 513 233 542 410
341 494 469 535 discat
498 510 622 550 eques
650 498 879 551 placidique
910 499 1129 539 escendere
1157 504 1275 551 terga
1302 500 1491 551 magistri.
1726 521 1801 563 390¹

178 576 233 606 483
340 561 405 600 hic
433 568 548 602 vates
577 564 813 616 Phoebique
841 564 942 604 fides
971 578 1052 603 non
1081 578 1187 604 vana
1214 565 1405 616 parentis,

339 626 518 679 Mopsus,
548 629 720 680 puniceo
750 630 814 668 cui
844 629 1084 669 circumfusa
1104 630 1299 669 cothurno

180 705 234 735 385
340 693 450 744 palla
477 694 577 733 imos
606 694 699 735 ferit
727 695 819 734 alba
846 695 973 747 pedes
1001 696 1227 748 vittataque
1255 696 1428 736 frontem

325 853 406 890 409.
455 854 520 897 fila
562 854 657 890 dixit
697 867 766 901 pro
809 856 957 892 chordis
997 856 1139 902 primus
1168 856 1320 893 Ovidius
1358 868 1480 903 neque
1519 868 1617 900 raro,
1643 859 1726 894 tum

231 911 373 948 Statius
400 914 652 960 compluribus
676 915 778 962 locis,
804 927 890 951 raro
917 916 980 951 alii
1004 917 1159 962 poetae:
1188 916 1251 953 Sil.
1278 916 1342 959 XI,
1369 917 1460 960 4343
1488 916 1572 954 Seu.
1591 920 1722 963 Agam.

230 971 317 1016 3603
345 971 471 1011 Claud.
497 975 595 1019 rapt.
613 974 784 1020 Proserp.
810 975 849 1010 Π
873 975 993 1021 praef.
1022 976 1087 1019 14;
1114 976 1226 1012 Mart.
1246 976 1330 1018 XII,
1357 976 1414 1022 94,
1442 977 1479 1019 5;
1505 977 1610 1012 Paul.
1641 977 1723 1014 Nol.

230 1031 382 1074 XXVII,
409 1033 454 1067 73
464 1046 472 1076 ;
490 1033 562 1070 inc.
588 1033 686 1076 XIX,
714 1035 746 1075 1,
772 1034 818 1069 23
843 1034 886 1071 B.

323 1104 445 1140 incitet
481 1105 606 1140 hastas
643 1105 722 1141 sine
761 1106 933 1151 exemplo
971 1106 1113 1141 dictum
1150 1106 1300 1143 videtur
1335 1119 1405 1153 pro
1444 1118 1487 1144 eo
1529 1108 1629 1153 quod
1666 1109 1724 1145 est

230 1164 487 1208 contorquere.

322 1236 404 1275 410.
440 1236 578 1272 Versus
614 1236 749 1272 iniuria
785 1236 971 1272 nonnullis
1009 1238 1213 1283 suspectus,
1251 1238 1319 1274 sed
1356 1238 1464 1275 deest
1501 1239 1722 1283 coniunctio,

229 1307 344 1341 quare
368 1297 472 1332 recte
497 1296 632 1332 Hartel
657 1308 782 1342 gymn.
815 1297 930 1332 austr.
957 1296 1088 1345 XXIV,
1116 1297 1182 1332 137
1209 1297 1359 1344 scripsit
1377 1299 1584 1344 placidique
1608 1310 1722 1335 escen-

228 1356 308 1391 dere
331 1367 400 1402 pro
427 1367 471 1392 eo
497 1356 597 1401 quod
623 1357 680 1392 est
704 1356 743 1391 in
769 1357 854 1394 Vat.
874 1356 1014 1401 placidi
1038 1357 1288 1400 conscendere;
1329 1358 1376 1394 de
1410 1369 1477 1404 que
1512 1358 1722 1404 particulae

228 1415 473 1451 collocatione
500 1415 567 1454 cfr.
595 1415 643 1451 ad
667 1428 701 1451 v.
727 1415 784 1451 49.

321 1487 402 1524 383.
451 1487 519 1529 hic,
546 1499 596 1523 sc.
623 1487 741 1529 sedet,
768 1488 811 1522 ut
835 1487 906 1522 436
934 1488 972 1523 et
997 1487 1067 1522 394
1093 1488 1186 1534 hinc,
1213 1500 1263 1525 sc.
1291 1489 1470 1534 sequitur.

321 1547 524 1592 Phoebique
539 1547 628 1589 fides
651 1558 725 1582 non
748 1558 844 1582 vana
862 1547 1031 1591 parentis·
1054 1547 1077 1583 i.
1100 1559 1130 1586 e.
1158 1547 1220 1593 qui
1246 1547 1365 1584 fidem
1380 1549 1507 1591 faciat,
1525 1549 1721 1586 Phoebum

225 1618 331 1642 suum
357 1617 439 1643 esse
462 1607 671 1652 parentem,
697 1607 740 1641 ut
767 1606 833 1642 Ov.
859 1607 949 1643 met.
976 1607 1056 1649 XII,
1075 1607 1145 1642 364
1171 1619 1248 1653 seq.
1274 1619 1375 1653 quem
1398 1609 1582 1654 Dolopum
1605 1614 1722 1646 rector

225 1667 311 1702 bello
344 1670 536 1711 superatus
560 1666 738 1712 Amyntor
762 1666 943 1702 Aeacidae
975 1666 1121 1702 dederat
1146 1668 1254 1712 pacis
1280 1669 1485 1716 piqnusque
1516 1669 1720 1715 fidemque

222 1725 245 1762 i.
273 1737 303 1762 e.
330 1726 373 1761 ut
397 1725 511 1762 fidem
535 1727 680 1762 faceret
706 1725 786 1761 fore
811 1726 854 1760 ut
878 1737 1013 1771 pacem
1038 1727 1219 1763 servaret.

320 1784 495 1821 Ceterum
521 1784 718 1820 confundit
750 1796 835 1821 eum
860 1785 1032 1821 Valerius
1069 1786 1140 1822 hoc
1177 1786 1258 1822 loco
1297 1798 1381 1823 cum
1418 1787 1539 1824 altero
1576 1787 1718 1836 Mopso,

221 1844 404 1891 Apollinis
439 1845 477 1880 et
501 1844 691 1880 Mantonis
721 1844 820 1880 filiae
846 1844 1012 1881 Tiresiae
1043 1845 1130 1892 filio,
1170 1846 1217 1881 de
1251 1858 1323 1891 quo
1349 1845 1417 1883 cfr.
1444 1846 1569 1885 Strab.
1595 1847 1659 1890 IX,
1685 1847 1718 1891 5,

222 1905 284 1947 22;
322 1904 422 1947 XIV,
451 1904 482 1950 1,
509 1904 554 1939 27
570 1917 578 1947 ;
617 1904 649 1946 ὁ,
678 1904 722 1938 16
746 1917 753 1947 ;
783 1903 920 1940 Conon.
954 1915 985 1942 c,
1011 1904 1033 1939 6
1059 1905 1117 1941 ed.
1144 1905 1365 1949 Westerm.;
1403 1907 1522 1952 myth.
1547 1906 1633 1943 Vat.
1666 1910 1718 1951 11,

221 1964 284 2007 86;
311 1964 403 2007 224;
443 1963 556 1999 schol.
584 1963 678 2000 Stat.
707 1963 826 1999 Theb.
852 1964 916 2006 III,
949 1963 1029 2006 521,
1069 1964 1135 1999 ubi
1172 1964 1269 2001 falso
1307 1966 1495 2002 Himantis
1530 1965 1716 2002 scribitur.

224 2023 362 2059 Contra
387 2023 539 2069 Mopsus
563 2023 785 2068 Argonauta
818 2024 900 2059 erat
925 2023 1020 2059 filius
1045 2023 1223 2070 Ampyci:
1249 2024 1371 2071 Apoll.
1398 2025 1428 2068 I,
1457 2025 1566 2069 1083;
1607 2025 1716 2069 1106;

220 2083 270 2130 Π,
295 2082 385 2126 925;
427 2083 484 2125 ΙΠ,
511 2082 601 2130 915;
644 2082 706 2124 IV,
735 2082 845 2125 1500;
888 2082 981 2129 Hyg.
1016 2083 1091 2119 fab.
1127 2084 1188 2127 14;
1230 2084 1315 2121 Hes.
1351 2086 1444 2121 scut.
1472 2084 1558 2128 181;
1599 2085 1716 2122 schol.

220 2142 340 2188 Apoll.
366 2142 396 2188 1,
422 2142 490 2185 65;
517 2142 678 2180 Pausan.
703 2141 747 2187 V,
775 2142 831 2189 17,
858 2142 914 2184 10,
949 2143 1063 2188 atque
1090 2143 1180 2179 alibi
1208 2143 1256 2179 ab
1281 2143 1363 2190 ipso
1387 2143 1538 2180 Valerio
1564 2143 1716 2190 Mopsus

219 2201 445 2248 Ampycides
482 2201 712 2237 nominatur:
755 2201 935 2247 111‚420;
974 2202 1061 2245 460;
1099 2202 1142 2245 V,
1169 2203 1248 2238 366.
1309 2203 1502 2250 Serpentis
1526 2214 1653 2240 morsu
1675 2203 1716 2239 in

219 2261 349 2297 Africa
373 2260 487 2307 periit
512 2261 716 2296 secundum
741 2261 862 2306 Apoll.
888 2261 949 2306 IV,
976 2261 1068 2296 1518
1093 2273 1207 2308 seqq.;
1234 2262 1329 2309 Hyg.
1357 2262 1436 2300 fab.
1469 2263 1524 2298 14.

314 2332 396 2370 384.
445 2332 603 2369 Dativus
640 2332 700 2368 cui
734 2332 878 2378 pendet
912 2343 934 2367 a
969 2332 1072 2375 ferit,
1113 2333 1258 2369 dativus
1289 2334 1444 2379 puniceo
1481 2334 1654 2371 cathamo
1693 2345 1716 2370 a

219 2392 446 2436 circumfusa.
770 2400 774 2403 ’

314 2464 395 2502 385.
444 2463 560 2499 Vates
584 2462 767 2508 Apollinis
795 2462 899 2508 palla
931 2462 1084 2499 indutus
1118 2465 1185 2506 est,
1220 2465 1263 2500 ut
1296 2466 1387 2502 deus
1411 2465 1493 2512 ipse
1518 2466 1620 2512 apud
1645 2466 1712 2504 Ov.

220 2536 292 2561 am.
318 2523 346 2567 Ι,
372 2523 405 2566 8,
432 2522 494 2566 59;
532 2522 641 2568 Prop.
667 2521 738 2568 ΙΠ,
764 2521 820 2563 31,
848 2521 892 2556 16
901 2535 909 2565 ;
949 2521 1014 2559 cfr.
1042 2523 1172 2560 notam
1203 2523 1308 2561 illam
1339 2525 1505 2563 statuam
1529 2525 1713 2572 Apollinis

219 2584 441 2629 Musagetae
477 2581 716 2623 Vaticanam;
754 2580 869 2626 longa
905 2581 1021 2617 vestis
1062 2582 1212 2628 Orpheo
1249 2583 1429 2620 tribuitur
1467 2585 1568 2631 apud
1602 2585 1712 2634 Verg,

219 2643 312 2680 Aen.
329 2642 391 2685 VI,
409 2641 479 2677 645
487 2655 495 2685 ;
520 2642 652 2678 vittata
676 2640 787 2676 cassis
814 2641 872 2676 est
895 2641 939 2675 ut
963 2641 1188 2685 sacerdotis3
1212 2643 1476 2688 praedicatum
1492 2645 1579 2691 teyit
1602 2656 1712 2691 zeug-

219 2704 322 2739 mate
349 2702 577 2739 audiendum
603 2712 647 2737 ex
663 2700 769 2747 ferit,-
794 2700 920 2735 laurus
944 2694 1069 2735 rursus
1086 2701 1231 2748 insigne
1250 2703 1456 2741 sacerdotis
1472 2703 1711 2750 Apollinaris.
