1890 3100
570 208 956 247 ARGONAVTICON
980 207 1127 244 LIBER
1152 207 1255 244 VIII.
1563 207 1650 251 545

266 332 359 384 ipsa
385 336 530 378 movet,
561 329 726 382 diraque
754 329 864 368 levat
890 327 1015 367 maria
1043 327 1168 366 ardua
1195 326 1358 379 lingua?
1424 352 1428 354 -

267 402 390 449 atque
417 397 561 435 iterum
587 393 827 441 Aesonides,
856 394 1000 432 iterum
1029 392 1256 432 defenditur
1283 397 1382 438 arte,

270 475 350 514 qua
378 460 510 500 solet?
545 460 642 498 haut
669 459 729 498 illi
757 464 897 504 cantus
927 463 968 497 et
995 457 1111 496 futile
1139 468 1317 495 murmur

270 525 459 578 proderit.
517 526 584 571 ite,
613 530 733 571 rates,
764 529 806 562 et
832 523 1005 574 frangite
1032 522 1196 573 virginis
1229 521 1406 559 undam'.
1652 525 1708 555 355

270 590 372 630 dixit
398 596 439 630 et
466 590 623 629 intortis
653 590 761 627 socio
790 601 880 627 eum
906 587 1032 625 milite
1061 587 1181 625 remis

267 656 440 708 prosilit3
470 661 510 694 at
537 655 660 693 fluctu
686 653 830 706 puppis
858 651 1060 691 labefacta
1086 664 1250 690 reverso

270 721 437 760 solvitur
464 713 713 771 effunffitque
740 718 847 756 viros
875 718 1086 770 ipsumque
1114 717 1332 755 minantem

271 792 368 824 tunc
397 798 556 838 quoque
585 789 627 822 et
654 783 762 822 elata
790 788 1051 835 quaerentem
1078 782 1196 820 litora
1223 781 1376 820 dextra.

268 851 352 890 ibat
380 856 421 889 et
449 863 557 888 arma
584 848 719 887 ferens
749 854 790 886 et
819 848 998 886 strictum
1025 847 1243 899 naufragus
1273 860 1429 895 ensem3
1652 858 1709 888 360

268 915 406 967 incipit
434 920 476 953 et
502 927 633 953 remos
663 919 704 952 et
733 926 926 965 quaerere
955 918 1129 951 transtra
1157 913 1313 951 solutae

269 993 409 1032 sparsa
435 979 543 1026 ratis,
574 984 747 1017 maestas
777 977 867 1016 altis
898 977 1106 1016 intendere
1134 991 1256 1016 voces

268 1044 487 1097 puppibus;
525 1050 587 1082 ast
615 1044 720 1082 inter
747 1049 880 1081 tantos
910 1057 1142 1082 succurrere
1170 1043 1314 1081 fluetus

268 1109 381 1149 nulla
407 1114 552 1162 potest,
583 1114 651 1146 aut
679 1108 763 1146 ulla
790 1108 910 1155 velit3
939 1109 1205 1160 quotiensque
1233 1109 1484 1160 propinquat,

268 1180 364 1213 tunc
394 1173 503 1212 aliud
529 1186 666 1211 rursus
696 1172 842 1210 dirimit
869 1186 990 1211 mare.
1029 1173 1125 1211 iam
1153 1179 1288 1211 tamen
1316 1178 1438 1220 extat,
1653 1190 1709 1219 365

257 1310 338 1346 355.
387 1309 557 1355 Wagner
581 1309 631 1344 ‘in
658 1320 701 1345 eo
726 1310 867 1344 tamen'
892 1308 1014 1355 inquit
1032 1315 1217 1354 bpet-,casse
1233 1308 1383 1344 videtur
1407 1311 1533 1355 poeta,
1549 1309 1651 1355 quod

162 1370 202 1405 in
224 1369 309 1415 ipsa
332 1370 560 1414 tempestate
593 1368 648 1403 ita
683 1368 884 1404 verbosum
914 1367 1068 1403 inducat
1098 1366 1247 1410 Stirum,
1285 1370 1329 1403 ut
1364 1380 1482 1415 prope
1518 1369 1654 1414 viginti
1707 1412 1711 1416 .

163 1427 355 1465 versiculis
381 1427 497 1462 animi
521 1438 630 1463 sensa
657 1428 875 1472 expromat'.
925 1426 1022 1462 Sane
1058 1427 1113 1462 ita
1149 1438 1190 1463 se
1214 1438 1274 1463 res
1299 1428 1426 1475 habet,
1457 1428 1525 1464 sed
1550 1429 1653 1464 certe

163 1489 235 1524 hoe
258 1499 334 1523 non
356 1486 477 1532 magis
502 1486 647 1527 mirum,
675 1497 786 1531 quam
809 1486 875 1521 illa
902 1485 1085 1522 Gesandri
1120 1486 1248 1527 oratio,
1292 1498 1387 1534 quae
1425 1487 1563 1533 legitur
1587 1487 1652 1532 VI,

163 1545 363 1596 323-339.
410 1546 498 1582 Iure
546 1546 661 1582 etaiam
699 1557 742 1581 eo
780 1544 959 1586 offendas,
998 1546 1098 1591 quod.
1124 1545 1242 1581 Stisus
1266 1547 1347 1582 tam
1372 1546 1488 1583 feroci
1513 1548 1652 1584 virtute

163 1605 358 1652 praeditus
382 1606 453 1641 hoc
477 1605 560 1641 loco
586 1604 823 1650 describitur,
848 1616 931 1640 cum
954 1604 1017 1646 VI,
1055 1604 1127 1640 265
1150 1616 1253 1652 seqq.
1291 1617 1365 1642 non
1402 1607 1482 1641 tam
1515 1606 1652 1643 fortem

164 1675 204 1700 se
228 1664 472 1710 praestiterit„
498 1663 570 1699 nisi
592 1665 768 1710 putamus
793 1663 858 1699 illo
884 1664 965 1700 loco
983 1663 1124 1699 Stirum
1140 1675 1267 1700 amore
1285 1665 1442 1702 Medeae
1460 1666 1652 1702 incensum

163 1736 204 1760 se
228 1723 320 1769 fuga
345 1724 462 1760 amori
500 1723 607 1770 quasi
631 1735 780 1759 servare
804 1723 965 1759 voluisse
992 1735 1036 1760 ex
1067 1724 1222 1770 proelio,
1257 1725 1318 1760 hic
1355 1727 1481 1761 autem
1518 1726 1652 1762 eodem

163 1794 292 1819 amore
327 1782 456 1828 iraque
482 1793 640 1828 sponsae
666 1783 819 1828 ereptae
850 1782 1122 1818 inflammatum
1160 1795 1240 1820 esse
1277 1784 1327 1819 ad
1358 1785 1535 1821 acerrime
1560 1797 1652 1830 pug-

163 1841 339 1878 nandum„

257 1900 337 1936 356.
386 1901 530 1936 intortis
559 1901 680 1942 remim
724 1900 791 1937 cfr.
819 1900 947 1937 Claud.
974 1901 1021 1937 de
1047 1913 1142 1937 cons.
1170 1902 1250 1939 Stil.
1277 1902 1344 1944 111,
1371 1903 1441 1938 363
1471 1904 1651 1949 intorquet

162 1959 300 1995 olavum
324 1959 478 1995 Silenus.

257 2018 339 2056 357.
382 2019 529 2063 prosilit
565 2020 617 2054 ‘er
653 2019 782 2054 macht
821 2019 929 2054 einen
953 2019 1152 2062 Vorstoss’3
1186 2021 1320 2066 puppis
1357 2023 1483 2058 autem
1514 2023 1651 2059 tumul·

162 2077 285 2113 tuaria
310 2077 454 2114 scilicet
479 2089 594 2123 opera
619 2077 818 2113 aedificata
845 2077 956 2114 facile
981 2079 1148 2115 solvitur.

256 2136 339 2172 360.
387 2136 465 2172 ibat
490 2148 550 2193 sc..
564 2147 632 2182 per
657 2136 821 2178 fluctum,
856 2137 879 2173 i.
907 2148 937 2172 e.
964 2138 1100 2181 nabat;
1138 2138 1190 2174 sic
1216 2139 1263 2176 de
1294 2140 1478 2186 puppibus
1516 2142 1650 2178 dicitur

164 2194 230 2230 Ov.
255 2195 334 2231 her.
359 2195 428 2236 m,
455 2195 516 2237 66;
555 2195 602 2231 de
628 2195 799 2231 Leandro
829 2207 897 2241 per
937 2196 1220 2243 Hellespontum
1256 2201 1410 2236 natante
1442 2201 1558 2242 XVII,
1585 2201 1650 2245 92;

164 2253 252 2297 158;
278 2253 365 2300 1943
392 2253 533 2299 XVIII,
559 2254 615 2295 32,
644 2254 734 2296 161;
761 2255 808 2290 de
835 2255 964 2302 quovis
989 2258 1161 2293 natatore
1186 2269 1277 2297 rem.
1304 2270 1374 2295 am.
1404 2260 1482 2296 122.

256 2312 339 2350 362.
387 2313 496 2355 Quod
533 2313 603 2349 hoc
640 2313 721 2349 loeo
760 2325 904 2360 puppes
931 2314 1151 2352 Colchorum
1176 2317 1278 2353 altae
1303 2318 1486 2366 dicuntur,
1522 2332 1645 2357 recen—

162 2371 319 2408 tioribus
345 2371 541 2409 offensioni
566 2371 655 2419 fuit3
680 2373 747 2408 sed
779 2374 883 2409 recte
907 2385 946 2410 se
972 2374 1097 2416 habet,
1130 2387 1214 2411 eum
1238 2378 1327 2423 apte
1350 2380 1465 2424 poeta
1490 2380 1561 2416 hoc
1585 2393 1649 2417 vo·

163 2429 296 2466 cabulo
321 2431 428 2467 nobis
455 2433 544 2467 ante
571 2431 695 2467 oculos
720 2433 838 2477 ponat
862 2431 1001 2469 Stirum
1027 2445 1072 2470 ex
1097 2446 1196 2482 aqua
1221 2448 1352 2472 vocem
1375 2437 1573 2475 tollentem
1600 2441 1650 2475 ad

166 2499 240 2533 eos,
265 2489 329 2536 qui
353 2490 561 2536 superiores
587 2490 626 2525 in
649 2490 835 2536 puppibus
860 2492 1023 2529 stabant.

258 2547 339 2586 364.
387 2549 445 2584 ille
469 2549 564 2589 Vat„
602 2550 677 2585 uua
714 2550 803 2586 edit.
830 2550 991 2594 Bonon.;
1028 2553 1110 2588 velit
1147 2553 1226 2590 fere
1262 2554 1364 2591 idem
1402 2557 1516 2604 atque
1542 2559 1650 2594 audet

165 2606 235 2642 hoe
259 2606 351 2644 loco.

258 2665 337 2703 365.
388 2672 485 2703 errat
509 2667 601 2714 Vat„
628 2672 726 2703 extat
753 2668 840 2710 edit,
867 2669 951 2707 Ald.
983 2669 1161 2712 Quotiens
1186 2684 1254 2718 per
1278 2674 1396 2709 undas
1430 2677 1556 2712 terrae
1584 2687 1647 2721 ap-
