1890 3100
521 209 909 248 ARGONAVTICON
930 209 1080 245 LIBER
1102 208 1172 246 ΙΠ.
1534 212 1621 255 207

248 337 434 369 conserat
462 336 503 369 et
530 331 663 369 saevis
690 329 892 369 erroribus
918 327 1098 380 implicet
1124 327 1277 366 urbem.

243 409 325 434 nox
353 402 439 435 erat
466 402 508 434 et
532 395 618 435 leni
643 394 843 445 canebant
868 407 1047 445 aequora
1073 393 1199 440 sulco,

244 467 286 499 et
310 461 391 499 iam
416 474 544 512 prona
568 460 683 498 leves
710 459 956 511 spargebant
982 458 1117 497 sidera
1142 471 1316 497 somnos.

242 539 340 564 aura
365 525 494 574 vehit3
521 524 695 576 religant
719 530 858 563 tonsas
884 523 1060 576 veloque
1087 524 1318 562 Procneson

241 597 282 629 et
308 596 351 629 te
377 591 456 628 iam
481 588 615 629 medio
641 589 868 635 flaventem,
895 588 1131 636 Rhundace,
1159 594 1283 640 ponto

240 667 551 707 spumosumque
577 654 719 706 legunt
745 653 874 692 fracta
902 653 1131 705 Scylaceon
1158 653 1209 691 ab
1238 652 1361 691 unda.

226 779 284 815 32.
332 789 405 815 ηοω
426 782 504 813 emt
528 782 579 824 εις
605 777 673 814 cfr.
697 777 808 823 Verg.
834 778 927 812 Aen.
953 776 1024 822 111,
1050 777 1139 819 147;
1165 776 1227 818 IV,
1251 777 1335 813 522.

225 838 283 876 33.
324 849 447 884 pmna
471 859 516 864 -—
539 838 678 883 sida-m
700 837 866 873 cadentia
890 837 991 882 apud
1014 837 1128 882 Verg.
1152 837 1246 873 Aen.
1270 836 1320 877 Π.
1353 836 1399 884 9;
1422 836 1618 872 Baehrens

131 897 280 945 scripsit
296 897 421 942 prim
442 908 484 942 8,,
506 908 642 942 parum
666 896 766 932 enim
788 896 969 932 credibile
994 907 1086 942 esse,
1111 896 1180 931 sub
1205 907 1343 932 novam
1357 896 1484 931 lucem
1498 896 1617 941 Argo—

130 958 331 993 nautarum
352 956 517 992 reditum
538 967 779 1002 pugnamque
803 955 926 991 locum
941 955 1127 991 habuisse.
1153 956 1204 991 At
1219 966 1342 1000 neque
1356 966 1479 1001 prona
1494 955 1621 990 sidera

131 1015 346 1063 significant
367 1027 505 1051 novam
527 1015 659 1055 lucem,
684 1015 753 1050 sed
775 1016 926 1060 tempus
950 1026 974 1050 a
996 1014 1123 1050 media
1146 1016 1259 1050 nocte
1282 1014 1462 1060 incipiens
1495 1025 1618 1059 neque

133 1074 282 1112 omnino
306 1074 476 1110 Valerius
499 1074 681 1120 hmporis
704 1073 868 1119 spatium
892 1075 1066 1109 accurate
1097 1073 1322 1114 observavit,
1362 1074 1539 1119 quoniam
1570 1085 1620 1110 ne

131 1133 173 1169 id
191 1133 347 1179 quidem
370 1133 474 1169 credi
496 1134 635 1179 potest,
660 1133 898 1178 Argonautas
922 1134 1033 1168 nocte
1069 1132 1147 1168 iam
1183 1134 1315 1168 exorta
1349 1134 1506 1179 praeter
1528 1125 1619 1169 Pro-

132 1203 334 1229 connesum
354 1192 469 1238 longo
494 1191 640 1228 ambitu
664 1193 705 1227 et
728 1191 804 1227 leni
827 1193 942 1227 vento
967 1193 1095 1227 vectos
1120 1191 1171 1227 ad
1194 1192 1443 1237 Rhyndacum
1479 1192 1620 1228 flumen

131 1251 369 1297 pervenisse,
393 1253 476 1286 tum
499 1251 670 1296 Cyzicum
705 1250 907 1286 revertisse
943 1252 984 1286 et
1020 1262 1090 1296 per
1125 1252 1276 1286 noctem
1312 1251 1511 1287 etiamtum
1553 1251 1620 1286 du-

133 1312 282 1347 rantem
319 1321 518 1356 pugnasse.
581 1309 682 1345 Haec
722 1310 848 1345 omnia
886 1310 947 1345 vel
986 1309 1088 1344 intra
1122 1309 1314 1355 integrum
1352 1310 1461 1346 unius
1497 1310 1619 1346 noctis

129 1369 294 1416 spatium
327 1369 410 1406 fieri
446 1381 522 1405 non
555 1370 725 1414 possunt.
774 1368 899 1404 Sensit
933 1369 1005 1404 hoc
1039 1369 1121 1414 ipse
1146 1369 1317 1405 Valerius
1352 1369 1392 1404 in
1428 1370 1618 1406 narrando

127 1440 355 1475 progressim
379 1439 495 1474 quare
519 1440 555 1464 v.
578 1428 651 1466 210
673 1429 824 1464 noctem
846 1428 945 1463 iusto
971 1428 1181 1473 longiorem
1204 1428 1320 1464 fuisse
1344 1428 1447 1464 dicit
1514 1429 1617 1464 Nihil

129 1487 252 1534 ig'tur
268 1488 341 1524 hoc
361 1487 447 1523 loco
469 1487 690 1522 mutandum
714 1498 837 1532 neque
861 1498 946 1522 cum
969 1487 1164 1523 Koestlino
1189 1488 1319 1524 Philol.
1343 1487 1392 1523 48
1415 1500 1452 1534 p.
1487 1488 1557 1523 659
1581 1501 1616 1524 v.

129 1547 177 1582 33
198 1547 288 1593 post
309 1546 358 1582 38
381 1546 630 1582 collocandus.
680 1546 896 1591 Apollonius
921 1548 1048 1582 autem
1080 1546 1190 1582 anxie
1229 1547 1382 1583 veritati
1421 1548 1618 1584 consulens

129 1605 212 1642 sub
234 1606 386 1642 noctem
407 1605 676 1641 vehementi
697 1607 929 1651 tempestate
952 1607 1102 1651 raptam
1126 1617 1263 1642 navem
1286 1618 1413 1642 rursus
1439 1607 1488 1642 ad
1514 1607 1617 1652 Cyzi-

130 1675 306 1701 cenorum
326 1663 489 1700 insulam
512 1664 686 1700 celeriter
709 1664 878 1700 delatam
901 1676 983 1701 esse
1007 1667 1141 1700 narrat
1164 1665 1192 1704 L
1219 1665 1313 1700 1015
1337 1677 1441 1711 seqq.

223 1723 281 1759 34.
329 1724 535 1759 Ρνοαιωοη
556 1723 670 1759 metri
693 1735 807 1759 causa
830 1735 940 1759 ausus
978 1726 1035 1760 est
1072 1725 1198 1760 dicere
1225 1725 1396 1760 Valerius
1430 1738 1501 1771 pro
1527 1726 1616 1762 Pro-

130 1793 291 1819 connoeo
315 1782 409 1829 (sive
430 1782 556 1828 potius
579 1782 805 1824 Promneso,
839 1782 907 1819 cfr.
931 1783 1046 1819 Prisc.
1077 1784 1218 1829 perieg.
1256 1784 1354 1831 556);
1391 1784 1523 1820 similis
1559 1786 1619 1820 est

131 1841 253 1879 forma
279 1841 437 1886 Vesviw,
460 1852 551 1877 saue
576 1841 692 1877 ofiam
715 1842 765 1877 ab
802 1841 886 1877 aliis
920 1842 1043 1888 poetis
1079 1844 1276 1888 usurpata;
1314 1843 1383 1879 cfr.
1419 1846 1620 1889 praeterea

131 1900 265 1936 Iamo
287 1900 399 1946 Prop.
422 1900 484 1941 IV,
510 1902 543 1941 1,
568 1900 631 1942 293
656 1901 758 1936 Ascli
780 1901 844 1937 Sil.
871 1901 970 1947 Vm,
993 1901 1075 1938 438.

223 1959 283 1996 35.
330 1970 405 1995 ooee
427 1961 501 1995 iam
523 1960 623 1999 Vat„
649 1964 683 1995 et
705 1964 741 1995 te
763 1961 838 1995 iam
862 1961 944 1996 cod.
969 1961 1115 1997 Monac.
1142 1973 1166 1997 a
1188 1973 1301 1997 manu
1325 1973 1398 1997 sec.

225 2017 444 2064 Rhyndacus
467 2019 628 2055 colorem
651 2031 758 2054 suum
775 2019 891 2055 etiam
913 2020 953 2055 in
977 2020 1074 2054 mari
1098 2022 1244 2062 servat;
1269 2020 1390 2056 simile
1416 2021 1553 2056 dicitur
1570 2021 1619 2057 de

130 2077 265 2113 Rheba
286 2076 438 2114 flumine
461 2077 592 2114 Avien.
617 2077 716 2113 orbis
740 2078 811 2112 964
847 2090 925 2124 seq.
963 2078 1107 2114 Rhebas
1143 2080 1269 2125 cyanei
1304 2081 1367 2124 qui
1402 2080 1522 2116 disicit
1558 2091 1617 2116 ae-

131 2137 379 2182 quon-aponi,
403 2136 546 2172 Rhebas
568 2141 715 2182 amento
738 2138 885 2172 similem
908 2139 971 2183 qui
987 2139 1146 2183 porriqit
1170 2139 1323 2183 undam5
1353 2139 1423 2175 cfr.
1461 2140 1511 2174 ad
1534 2139 1616 2175 Val.

131 2194 199 2239 lv,
220 2194 303 2232 ΒΜ.
350 2195 577 2241 Rhyndacus
602 2196 812 2231 accuratius
837 2197 1062 2232 describitur
1098 2196 1223 2233 Strab.
1261 2197 1344 2244 ΧΠ,
1380 2198 1414 2239 8,
1455 2200 1511 2240 11,
1549 2199 1619 2234 sed

131 2253 227 2291 nihil
247 2253 302 2291 ibi
325 2254 463 2300 legitur
486 2254 534 2290 de
560 2265 606 2290 ea
630 2266 682 2293 re.
708 2266 819 2299 quam
843 2255 1013 2291 Valerius
1037 2259 1187 2303 narrat3
1213 2259 1327 2293 antea
1366 2269 1452 2293 eum
1476 2258 1615 2303 Lycum

58 2342 61 2346 .
131 2314 307 2348 vocatum
332 2324 413 2349 esse
438 2313 530 2348 dicit
554 2313 649 2349 Plin.
675 2315 752 2349 nat.
778 2313 864 2350 hist.
889 2314 932 2355 V,
960 2314 1039 2351 142.

228 2371 287 2408 36.
335 2372 563 2418 navifrayum
587 2374 745 2408 vocatur
768 2372 985 2418 Scylaceum
1011 2385 1035 2408 a
1059 2374 1226 2419 Vergilio
1250 2375 1341 2411 Aen.
1367 2375 1434 2413 ΪΠ.
1472 2376 1543 2411 553
1578 2377 1618 2412 in

134 2429 292 2466 Bruttiis
316 2430 439 2472 situm,
460 2431 548 2467 inde
573 2431 742 2467 Valerius
767 2431 917 2468 videtur
939 2433 1175 2469 transtulisse
1199 2445 1402 2478 spumosum
1438 2436 1483 2470 ab
1520 2436 1619 2471 wuda

131 2488 253 2532 [mdo
275 2489 482 2536 Scylaceon,
521 2501 609 2525 nam
645 2501 693 2526 ne
718 2490 839 2526 forma
876 2491 1027 2537 quidem
1052 2492 1257 2538 Scylaceum
1292 2493 1480 2530 invenitur
1516 2495 1617 2540 apud

62 2566 69 2571 ¹
134 2546 249 2584 dium
270 2548 491 2596 scriptorem
513 2561 582 2595 pro
608 2549 754 2595 Scylace
777 2550 914 2596 oppido
939 2551 989 2586 ad
1013 2551 1282 2597 Propontidem
1305 2553 1378 2589 sito
1404 2556 1443 2589 et
1469 2554 1517 2589 ab
1545 2554 1616 2590 He-

134 2605 268 2643 rodoto
291 2606 411 2644 Plinio
436 2607 590 2653 aliisque
615 2611 922 2651 commemorato:
946 2621 1038 2645 sata
1077 2611 1259 2657 Scylaoeia
1298 2612 1366 2654 (sic
1403 2614 1507 2649 recte
1546 2624 1614 2649 em.

71 2703 75 2712 ,
134 2663 320 2711 Heinsius)
342 2669 444 2712 Argo
466 2667 601 2713 legisse
626 2667 762 2703 dicitur
787 2668 881 2714 eleg.
905 2669 944 2704 in
970 2670 1086 2706 Maec.
1113 2670 1192 2706 107.
