1890 3100
624 181 1023 218 ARGONAVTICON-
1036 181 1183 216 LIBER
1200 181 1283 216 vn.
1599 181 1686 225 515

305 313 464 365 iamque
490 304 773 365 propinquanti
799 318 958 351 noctem
986 312 1180 364 implicat;
1208 311 1278 350 ille
1307 311 1499 351 fatiscens

307 378 349 415 in
378 382 497 428 caput
524 377 646 428 inque
674 390 834 415 umeros
862 377 951 428 ipsa
977 377 1018 414 vi
1046 376 1162 414 molis
1192 381 1233 414 et
1260 376 1344 414 irae
1458 379 1461 382 “

309 443 478 494 proruit3
507 442 662 480 invadit
690 447 878 494 totusque
906 442 1099 480 incumbit
1126 442 1248 479 Iason

310 507 484 559 desuper
512 513 632 559 atque
663 508 744 545 suis
774 507 975 545 defectum
1002 506 1162 544 flatibus
1191 511 1348 556 urguet.

307 578 433 624 utque
463 572 575 610 dedit
601 571 744 610 vinclis
772 571 988 623 validoque
1018 570 1229 609 obstrinxit
1257 575 1400 617 aratro,

310 638 477 675 suscitat
504 637 590 688 ipse
619 649 727 687 genu
756 648 959 687 saevaque
989 636 1072 686 agit
1099 636 1264 686 insuper
1290 635 1419 682 hasta,

305 715 386 739 non
415 714 532 740 secus
561 715 586 739 a
611 700 743 739 medio
773 714 891 752 quam
921 701 988 752 qui
1016 700 1172 738 telluris
1200 700 1314 738 hiatu

307 771 424 817 terga.
450 765 622 804 recentis
653 765 745 816 equi
771 765 1022 817 primumque
1051 765 1196 803 invasit
1223 765 1393 803 habenis
1685 783 1743 812 605

306 844 484 868 murmur
512 836 553 868 et
579 831 620 868 in
650 843 803 868 summa
830 829 1023 881 Lapithes
1053 830 1236 881 apparuit
1265 829 1382 869 Ossa.

359 906 437 945 Ille
465 906 579 945 velut
608 920 768 958 campos
797 906 948 957 Libyes
978 920 1025 945 ac
1052 907 1217 958 pinguia
1243 906 1326 944 Nili

307 971 451 1010 fertilis
482 985 577 1010 arva
606 977 728 1018 secet,
758 971 879 1022 plena
908 972 964 1009 sic
994 972 1146 1009 semina
1174 971 1317 1010 dextra

296 1112 378 1148 598.
421 1113 686 1157 propinquanti
726 1116 861 1147 noctem
897 1113 1071 1156 implicat:
1117 1112 1276 1157 caligine
1314 1112 1438 1148 obruit
1452 1141 1460 1154 ,
1504 1124 1551 1149 ne
1588 1112 1688 1149 Iaso-

199 1183 287 1208 nem
313 1172 525 1217 conspicere
550 1172 675 1217 possit.
737 1171 795 1207 De
832 1171 1108 1207 constructione
1144 1171 1251 1207 verbi
1287 1172 1503 1217 implicandi
1540 1171 1607 1208 cfr.
1640 1172 1689 1207 ad

198 1229 269 1275 ΠΙ,
297 1231 377 1265 271.

294 1289 375 1325 599.
424 1291 531 1334 inque
554 1299 693 1333 umeros
730 1309 773 1315 —
805 1290 970 1335 proruit3
1020 1300 1160 1324 umeros
1195 1289 1297 1325 boum
1335 1290 1396 1325 vel
1424 1289 1496 1325 Cic.
1523 1290 1617 1325 dixit
1641 1290 1689 1325 de

198 1349 276 1383 nat.
303 1348 403 1384 deor.
430 1348 478 1388 II,
506 1348 603 1384 159.-

293 1406 374 1443 601.
424 1407 577 1450 defixum
601 1407 698 1448 Vat„
724 1407 895 1449 defectum
912 1406 1055 1443 Burm.:
1082 1407 1156 1442 suis
1181 1407 1296 1453 ipsius
1313 1407 1464 1443 flatibus
1489 1419 1529 1444 se
1555 1407 1691 1444 defati-

197 1465 303 1511 gavit
326 1466 467 1502 taurus.

290 1524 371 1561 604.
420 1536 463 1560 ac
486 1525 582 1566 Vat„
610 1536 634 1559 a
658 1524 782 1567 Thilo;
820 1526 853 1560 si
877 1525 973 1566 Vat.,
1012 1526 1075 1570 qui
1106 1525 1286 1561 Koestlin.
1315 1525 1449 1561 Philol.
1475 1526 1531 1567 39,
1557 1538 1593 1572 p.
1619 1525 1675 1572 383
1709 1544 1711 1546 ·

196 1594 273 1619 non
298 1583 421 1619 aliena
446 1584 495 1618 ab
522 1583 680 1619 audacia
704 1583 903 1619 Valeriana
928 1585 1014 1619 sunt
1031 1584 1147 1619 verba
1171 1596 1195 1619 a
1218 1585 1331 1620 medio
1356 1607 1400 1613 —-
1427 1585 1564 1620 tellao-is
1586 1585 1689 1620 hiatu

194 1645 298 1688 terga
319 1643 470 1678 racemis
495 1644 575 1687 equi
598 1643 621 1678 i.
641 1654 671 1678 e.
692 1643 790 1688 equi,
808 1643 871 1688 qui
894 1654 1024 1678 recens
1051 1654 1095 1679 ex
1121 1643 1227 1678 hiatu
1243 1645 1369 1679 terrae
1388 1645 1491 1679 ortus
1510 1645 1602 1685 erat,
1622 1643 1689 1679 cfr.

198 1700 267 1736 621
286 1702 429 1746 primae
451 1713 476 1736 a
499 1706 612 1737 matre
636 1713 766 1737 manus
788 1702 812 1738 i.
839 1713 869 1738 e.
897 1713 920 1737 a
944 1703 1067 1738 matre
1090 1702 1229 1738 tellure
1254 1702 1434 1738 orientes:
1467 1703 1616 1738 omnino
1641 1703 1689 1738 de

200 1759 323 1805 ellipsi
345 1760 453 1796 verbi
478 1760 622 1796 oriendi
646 1760 732 1796 vide
764 1761 813 1796 ad
844 1761 874 1801 I,
901 1760 971 1796 489
998 1762 1037 1796 et
1066 1762 1111 1797 de
1146 1761 1392 1797 collocatione
1416 1762 1617 1797 verborum
1643 1762 1691 1796 ad

198 1817 230 1865 L
262 1888 278 1900 .
296 1865 498 1911 Comparat
521 1867 636 1911 poeta
660 1866 843 1907 Iasonem,
870 1867 933 1911 qui
957 1868 1086 1902 tauros
1111 1867 1180 1902 sub
1205 1867 1334 1912 iugum
1359 1867 1493 1912 coegit,
1521 1878 1604 1902 cum
1621 1867 1690 1902 La-

198 1924 317 1970 pitha,
355 1924 418 1969 qui
452 1924 594 1969 primus
632 1935 766 1969 equum
792 1936 814 1959 a
839 1924 1013 1970 Neptuno
1053 1926 1222 1960 creatum
1259 1927 1298 1961 et
1333 1936 1379 1961 ex
1415 1925 1522 1960 hiatu
1545 1925 1691 1961 telluris

202 1983 464 2028 exsurgentem
489 1982 605 2018 frenis
630 1983 783 2019 domuit.

295 2041 376 2078 605.
424 2053 586 2076 murmur
610 2042 704 2076 dixit
727 2043 842 2087 poeta
880 2042 970 2077 satis
997 2042 1179 2078 audacter
1201 2054 1271 2087 pro
1302 2054 1397 2087 equo
1422 2044 1689 2085 murmurante,

201 2099 399 2142 fremente,
425 2112 535 2146 quem
559 2100 728 2136 nominat
745 2100 856 2146 Verg.
875 2112 1003 2146 georg.
1021 2101 1052 2145 1,
1079 2101 1146 2147 133
1175 2101 1242 2137 cfr.
1269 2103 1312 2137 ad
1330 2113 1365 2136 v.
1383 2101 1463 2143 578,
1490 2101 1551 2138 vel
1567 2102 1691 2147 potius

199 2171 269 2206 pro
294 2172 359 2196 ore
385 2160 470 2205 equi
494 2159 700 2196 frementis.
751 2158 926 2204 Sequitur
949 2159 1118 2195 Valerius
1152 2171 1235 2195 eam
1260 2160 1438 2206 fabulam,
1472 2173 1546 2206 qua
1577 2172 1690 2207 equus

203 2229 226 2254 a.
249 2218 426 2265 Neptuno
450 2219 489 2253 in
515 2218 709 2254 Thessalia
734 2220 884 2254 creatus
910 2218 1116 2259 dicebatur,
1158 2219 1244 2255 vide
1283 2220 1332 2254 ad
1356 2219 1386 2261 I,
1425 2220 1510 2262 424;
1558 2221 1693 2256 invasit

198 2277 462 2324 praedicatum
487 2277 604 2313 etiam
630 2277 679 2312 ad
704 2277 892 2313 obiectum
917 2281 1018 2322 terya
1040 2278 1276 2314 referendum
1302 2279 1371 2315 est.

296 2336 378 2373 608.
427 2336 508 2372 Nili
529 2336 676 2379 fertili&
715 2337 785 2371 hoc
819 2336 1047 2371 adjectivum
1083 2337 1228 2382 saepius
1260 2337 1529 2382 significatione
1567 2338 1693 2374 activa

202 2394 417 2441 praeditum
450 2395 597 2441 legitur,
636 2396 679 2429 ut
715 2394 803 2431 Hor.
842 2405 871 2430 c.
910 2394 958 2435 IL
1002 2394 1034 2436 6,
1068 2395 1129 2437 19;
1172 2395 1238 2432 Ov.
1270 2398 1358 2432 met.
1395 2396 1438 2438 V,
1476 2397 1564 2443 6423
1606 2398 1690 2432 fast.

202 2453 246 2495 V,
285 2453 369 2496 127;
411 2454 522 2500 Prop.
560 2453 622 2495 IV,
660 2453 693 2494 6,
732 2453 796 2495 76;
836 2454 922 2491 Luc.
948 2453 1018 2499 111,
1055 2454 1141 2496 260;
1179 2454 1314 2491 Boeth.
1341 2455 1388 2491 de
1427 2455 1562 2492 consol.
1600 2456 1691 2501 phil.

204 2511 235 2554 1,
261 2512 294 2554 2,
319 2512 375 2547 20.
522 2520 524 2526 ’

299 2571 491 2617 Benignos
517 2582 626 2616 agros
651 2570 791 2616 largius
818 2582 861 2606 ac
885 2571 1036 2617 spissius
1060 2572 1134 2608 seri
1150 2584 1261 2618 quam
1278 2573 1467 2618 improbos
1493 2575 1596 2610 recte
1614 2574 1691 2609 ani-

206 2630 413 2666 madvertit
439 2630 603 2666 Caussin.

1408 2692 1454 2726 33
