1890 3100
1418 14 1425 19 -
1525 3 1531 21 Ξ

1498 25 1561 202 A&

1564 206 1589 220 x

602 222 990 262 AscosAvncox
1013 221 1160 257 LffisR.
1184 220 1215 255 1.
1595 217 1651 261 57

1550 371 1578 394 ‘A

274 413 424 465 fugerit
449 412 548 450 Inoo
582 410 771 462 linquens
798 407 1044 445 Athamanta
1070 403 1272 450 Learcho}
1291 430 1309 445 x

275 491 419 517 aureus
431 477 705 547 “utini-tinem
733 470 1015 511 miserantibus
1043 469 1178 508 intulit
1206 467 1325 506 undis

169 609 393 646 difficultate
417 606 543 652 aliqua
565 605 627 641 vel
650 615 756 640 mora
781 603 842 639 vel
868 602 1016 637 actione
1039 600 1255 642 molesta,
1285 599 1327 632 ut
1351 597 1450 632 iusto
1474 595 1656 640 longius

169 669 358 710 videatur;
382 677 473 702 sane
497 665 614 702 etiam
640 663 809 709 Orpheus
834 661 1010 698 heroibus
1034 660 1185 695 noctem
1210 657 1316 703 quasi
1345 655 1564 702 prolataviss,
1589 654 1657 690 sed

167 727 365 764 iucundo
397 726 511 761 cantu
540 725 580 760 et
608 723 665 758 ita
696 722 905 768 longiorem
938 719 1040 761 fecit⁷
1079 730 1191 763 quam
1222 717 1338 752 fuisse
1368 716 1449 751 visa
1480 715 1588 755 esset.
1626 713 1658 748 si

170 798 257 824 eam
279 787 403 822 totam
425 796 555 820 somno
581 782 805 827 exegissent.
852 780 997 816 Eadem
1021 778 1168 814 ratione
1193 775 1417 813 extrahendi
1441 774 1558 810 verbo
1582 773 1659 808 iam

166 858 254 882 usus
278 847 363 881 erat
394 844 480 879 Luc.
506 842 567 883 lv,
593 841 664 877 200
689 841 846 876 extrahit
869 838 1042 874 insomnis
1065 838 1233 873 bellorum
1256 836 1385 878 fabula
1410 838 1538 870 nocte-3.

285 917 367 952 281.
390 914 640 950 mantibus
664 912 794 960 ,intulit
823 911 946 946 undis:
986 909 1187 944 miseratae
1218 918 1299 943 esse
1324 906 1448 941 undae
1474 904 1658 945 dicuntur,

168 977 271 1022 quod
306 975 463 1012 arietem
499 973 639 1010 vellere
681 983 795 1007 aureo
833 972 873 1007 et
908 970 1046 1005 Phrixo
1072 970 1111 1004 et
1134 967 1243 1003 Helle
1268 966 1468 1012 gravatum
1491 964 1661 999 tulerunt

166 1046 290 1081 neque
325 1034 552 1075 merserunt;
591 1031 733 1068 etenim
769 1030 939 1065 natando
978 1028 1081 1076 apud
1117 1026 1310 1066 Valerium
1347 1025 1445 1060 aries
1482 1023 1661 1059 Phrixum

167 1094 208 1130 in
233 1094 390 1130 Colchos
414 1092 587 1128 abstulit:
629 1091 670 1126 id
693 1090 756 1126 vel
781 1101 826 1125 ex
857 1089 982 1125 verbis
1013 1088 1135 1123 intulit
1168 1087 1274 1121 undis
1303 1085 1475 1131 apparet,
1514 1083 1580 1118 cfr.
1614 1082 1663 1117 ad

167 1166 204 1191 v.
228 1154 310 1190 288.
371 1152 558 1188 Notabilis
585 1151 624 1186 in
648 1151 720 1186 hac
746 1149 876 1184 fabula
902 1147 1156 1193 discrepantia
1189 1146 1350 1191 apparet
1373 1144 1474 1179 inter
1499 1142 1663 1178 Graecos

168 1213 429 1258 Romanosque
462 1211 684 1256 scriptores:
722 1209 778 1244 illi
810 1208 890 1244 fere
916 1218 1044 1243 omnes
1069 1206 1200 1241 dicunt
1223 1203 1422 1240 volando
1451 1213 1532 1248 per
1557 1212 1664 1237 aera

175 1283 283 1318 super
306 1282 412 1307 mare
437 1271 595 1306 arietem
626 1269 676 1304 ad
702 1268 859 1304 Colchos
882 1266 1115 1312 pervenisse:
1150 1276 1295 1310 argum.
1315 1262 1436 1309 Apoll.
1463 1262 1522 1297 ed.
1540 1260 1663 1302 Well.;

168 1331 341 1377 Apollod.
371 1330 402 1371 Ι.
436 1329 469 1371 9,
506 1330 536 1375 1,
570 1329 613 1370 4;
656 1328 742 1362 Luc.
780 1327 827 1362 de
858 1326 942 1362 salt.
973 1325 1036 1367 42;
1080 1324 1167 1359 dial.
1199 1335 1290 1359 mar.
1324 1322 1363 1363 9;
1402 1322 1450 1357 de
1485 1322 1575 1357 astr.
1601 1320 1663 1365 143

169 1391 291 1426 Tzetz.
326 1389 441 1425 schol.
477 1388 517 1424 in
552 1387 736 1433 Lycophr.
761 1387 807 1421 22
831 1398 868 1431 p.
894 1385 964 1420 313
990 1384 1048 1420 ed.
1074 1384 1141 1425 M.;
1178 1382 1300 1418 Noun.
1337 1381 1491 1426 Dionys,
1516 1380 1560 1420 X.
1594 1378 1662 1414 99.

171 1449 348 1485 Philostr.
370 1447 483 1493 imag.
507 1446 556 1483 H.
583 1447 646 1487 15;
684 1445 742 1480 his
767 1444 915 1480 accedit
946 1442 1145 1488 Augustin.
1176 1442 1224 1477 de
1250 1441 1320 1477 civ.
1355 1440 1418 1475 dei
1448 1438 1586 1479 XVIII,
1615 1437 1664 1472 13

161 1509 308 1552 ,eontra
330 1506 499 1547 Romani,
536 1506 636 1541 inter
673 1516 764 1550 quos
788 1503 971 1544 Valerius,
1008 1501 1214 1537 natando
1256 1511 1326 1546 per
1362 1510 1467 1534 mare
1505 1498 1664 1533 arietem

166 1566 346 1602 Phrixum
369 1576 538 1602 servasse
563 1565 614 1599 ad
639 1563 796 1599 Colchos
819 1562 993 1597 tradunt:
1021 1561 1089 1597 Ov.
1113 1561 1193 1598 her.
1219 1558 1336 1599 Xvn,
1357 1558 1426 1594 143
1442 1569 1556 1602 seqq.;
1575 1556 1660 1591 fast.

167 1626 238 1668 III,
263 1625 350 1668 868;
390 1625 489 1660 trist.
514 1624 543 1665 L
571 1623 626 1665 10,
652 1623 715 1665 27;
757 1622 883 1657 Mam'l.
910 1621 972 1661 IV,
1004 1621 1091 1662 515;
1134 1619 1221 1661 746;
1262 1618 1351 1655 Tac.
1386 1629 1472 1655 ann.
1503 1616 1567 1657 VI,
1600 1616 1666 1655 34;

168 1684 278 1732 Apul.
301 1684 468 1725 metVL
494 1683 557 1725 29;
582 1683 701 1728 myth.
719 1682 805 1717 Vat.
830 1681 860 1721 Ι,
886 1681 950 1722 23;
970 1681 1018 1725 ΙΙ,
1045 1680 1130 1721 134;
1157 1678 1242 1715 Sen.
1260 1678 1414 1722 Thyesta.
1433 1677 1521 1716 851;
1548 1674 1663 1711 schol.

170 1743 264 1780 Stat.
302 1743 421 1780 Theb.
459 1742 508 1784 H,
546 1742 637 1788 2813
677 1741 720 1782 V,
752 1741 840 1782 475;
877 1741 969 1775 Aah.
1001 1739 1030 1786 I⁷
1063 1738 1126 1780 28;
1158 1739 1224 1779 65;
1262 1737 1377 1773 schol.
1419 1736 1542 1772 Germ.
1581 1734 1667 1775 14'2;

168 1803 267 1849 Hyg.
296 1802 373 1839 fab.
404 1803 444 1844 3;
482 1804 571 1837 astr.
603 1802 651 1842 Π,
690 1801 752 1843 20;
792 1798 1031 1835 consentiunt
1069 1810 1114 1834 ex
1153 1797 1307 1833 Graecis
1344 1796 1527 1841 Palaeph.
1565 1805 1597 1830 c.
1621 1793 1666 1828 31

171 1863 230 1899 ed.
269 1862 330 1899 W.
372 1863 413 1898 et
458 1873 602 1907 argum.
642 1860 763 1906 Apoll.
811 1860 870 1896 ed.
917 1858 1074 1895 Merkel.
1122 1857 1240 1892 Nimis
1283 1856 1419 1891 mirum
1465 1854 1668 1889 videbatur

170 1921 350 1958 Romanis
389 1921 548 1957 arietem
587 1919 733 1955 volasse
769 1930 838 1964 per
875 1929 964 1954 aera
1000 1917 1128 1962 itaque
1168 1916 1303 1952 Graeci
1340 1914 1456 1951 fontis
1493 1913 1669 1959 (fortasse

171 1980 441 2022 Eratosthenis,
479 1980 527 2016 de
551 1991 624 2024 quo
650 1978 718 2014 cfr.
744 1977 859 2024 infra)
886 1977 1061 2022 ambigue
1093 1975 1234 2021 scripta
1269 1975 1387 2010 verba
1415 1971 1671 2019 probabiliore

173 2041 220 2076 ut
250 2040 504 2088 opinabantur
535 2039 682 2075 ratione
715 2038 1008 2084 explicaverunt.
1057 2036 1183 2071 Etiam
1215 2035 1378 2070 artifices
1412 2033 1571 2070 arietem
1606 2043 1670 2067 vo-

163 2100 319 2136 lantem
354 2099 535 2144 effingere
571 2098 683 2134 veriti
719 2098 815 2134 sunt.
854 2096 923 2133 cfr.
958 2096 1070 2132 Gerh.
1109 2107 1186 2140 ges.
1218 2095 1314 2129 Abh.
1346 2093 1396 2138 Π,
1427 2093 1491 2134 81;
1532 2091 1672 2137 Helbig

173 2159 398 2205 Wandgem.
437 2158 563 2203 Camp.
602 2157 691 2193 Nro.
730 2156 933 2197 1251—58;
978 2167 1064 2191 ann.
1107 2154 1226 2191 instit.
1264 2153 1368 2198 1867,
1404 2165 1441 2198 p.
1478 2151 1526 2187 88
1557 2162 1670 2196 seqq..

163 2219 332 2258 'schum
357 2218 498 2264 griech.
531 2217 613 2253 Rel.
638 2216 727 2254 Nro.
755 2217 839 2262 1243
878 2215 1059 2261 Stephani
1085 2215 1235 2259 compte
1259 2213 1364 2249 rend.
1392 2212 1485 2248 1869
1514 2224 1551 2257 p.
1592 2211 1671 2248 109.

178 2277 342 2314 Maxime
364 2276 542 2313 notabilis
567 2277 627 2312 est
650 2275 753 2311 locus
774 2274 961 2310 Ciceronis
981 2274 1088 2309 Tusc.
1114 2273 1209 2318 disp.
1235 2272 1302 2314 ΠΙ,
1321 2273 1377 2313 67,
1403 2271 1469 2307 ubi
1485 2270 1671 2316 Euripidis

177 2347 307 2372 voesus
329 2336 603 2382 interpretatus
628 2336 686 2371 est
709 2334 838 2371 Phrixi
860 2333 1082 2379 tragoediae
1108 2333 1180 2378 frg.
1206 2332 1275 2367 821
1302 2343 1421 2376 seqq.:
1456 2332 1485 2367 εἰ
1510 2331 1568 2376 μὲν
1600 2330 1671 2366 τόδ’

175 2396 413 2442 ἥμαρπρῶτον
436 2397 478 2441 ἦν
501 2391 700 2440 κακουμένῳ
725 2395 781 2430 καὶ
806 2393 852 2440 μὴ
878 2396 1038 2439 μακρὰν
1061 2397 1110 2437 δὴ
1135 2395 1203 2428 διὰ
1226 2393 1362 2429 πὸνων
1387 2389 1670 2427 ἐναυστὸλουν.

178 2454 269 2499 εἰκὸς
290 2456 477 2501 σφαδᾴζειν
500 2453 540 2499 ἦν
566 2454 606 2490 ἂν
632 2465 663 2490 e.
689 2465 725 2498 q.
748 2465 789 2492 s..
814 2463 911 2497 quae
940 2451 1068 2487 Cicero
1094 2451 1191 2487 falso
1217 2451 1264 2486 de
1282 2449 1525 2495 navigatione
1542 2448 1672 2483 Phrixi

177 2524 246 2562 per
268 2525 372 2550 mare
395 2513 435 2549 in
459 2513 579 2549 ariete
605 2513 707 2548 facta
730 2511 955 2557 intellegens
980 2511 1036 2546 ita
1060 2511 1192 2546 vertit:
1230 2511 1264 2546 si
1300 2510 1389 2545 mihi
1424 2520 1518 2544 mmc
1559 2508 1673 2542 tristis

175 2572 332 2618 pnsum
360 2573 547 2608 mhmbset
571 2573 646 2608 dies
670 2571 747 2607 Nec
770 2575 843 2606 tam
881 2581 1146 2606 aerumnoso
1183 2570 1385 2615 naviqm
1394 2570 1522 2604 issem
1557 2567 1669 2602 salo

182 2630 290 2668 Eam
313 2632 454 2668 dolendi
477 2642 587 2667 cauca
613 2642 643 2667 e.
670 2643 704 2676 q.
730 2643 770 2672 s.;
808 2630 960 2665 minime
999 2630 1098 2666 enim
1139 2628 1319 2665 credibile
1357 2629 1424 2664 est.
1454 2627 1670 2662 Ciceronem

185 2690 281 2726 haec
315 2701 385 2736 per
419 2690 707 2726 translationem
744 2689 889 2725 dixisse.
950 2689 1135 2734 Ambigue
1173 2688 1375 2733 loquuntur
1414 2686 1519 2721 Pind.
1562 2685 1670 2729 Pyth

274 348 446 387 Phrixus
474 352 516 386 et
542 346 709 383 iniustas
737 347 946 381 contectus
973 339 1147 378 nubibus
1176 351 1266 376 aras
1362 372 1390 415 l
1535 362 1562 377 7,
1591 351 1654 381 ,4,
1675 329 1803 378 «ἄφ-
1827 338 1890 362 -h

1419 404 1458 417 nn
1508 415 1517 419 -
1654 411 1710 441 w
1760 436 1765 437 ⁷
1847 396 1890 424 φ

1436 439 1438 446 ’
1460 448 1751 490 >-¹.›„‚Q'f54742<
1775 436 1890 489 &Z
