1890 3100
239 213 322 256 104
763 213 798 249 C.
827 214 1007 249 VALERI
1033 215 1207 251 FLAOCI

342 346 422 371 non
450 346 563 372 meus
595 332 720 373 Orion
749 340 816 372 aut
847 348 991 373 saevus
1020 335 1159 374 Pliade
1190 336 1348 374 Taurus

342 398 478 436 mortis
509 412 630 438 causa
659 413 799 438 novae.
854 401 1008 439 miseris
1038 406 1082 438 tu
1111 401 1310 452 gentibus,
1341 401 1463 454 Argo,

342 462 426 501 fata
454 477 582 515 paras,
614 477 688 502 nec
717 464 795 502 iam
824 465 965 503 merito
994 464 1077 513 tibi,
1109 465 1256 517 Tiphy,
1289 467 1466 518 quietum

342 528 426 567 ulla
453 542 598 580 parens
627 530 737 568 volet
765 529 952 581 Elysium
981 544 1201 583 manesque
1230 532 1407 583 piorun1.'
1727 543 1781 573 650

343 594 444 632 haec
475 595 529 632 ait
559 599 598 633 et
626 600 791 646 pontum
819 600 933 646 pater
963 609 1008 634 ac
1037 596 1195 635 turbata
1222 598 1379 649 reponit

343 658 461 698 litora
490 659 739 712 depellitque
768 665 896 708 notos,
928 674 1027 713 quos
1059 661 1242 700 caerulus
1271 663 1410 701 horror

343 730 384 763 et
411 724 571 763 madido
602 726 734 776 gravis
764 725 872 764 unda
901 727 989 764 sinu
1018 726 1220 779 longeque
1251 734 1412 767 secutus
1584 773 1589 775 ³

343 790 471 828 imber
500 789 551 828 ad
579 790 749 829 Aeoliae
778 791 950 830 tendunt
979 792 1096 830 simul
1126 806 1317 847 aequore
1329 800 1494 861 portam.
1582 776 1609 845 Λ,

342 856 504 893 emicuit
532 862 711 894 reserata
741 856 826 895 dies
858 857 1094 910 caelumque
1123 858 1288 897 resolvit
1729 868 1783 898 655

328 991 408 1027 647.
461 990 573 1027 Orion
610 992 705 1027 filius
743 993 906 1038 Neptuni
940 993 987 1039 ΙΙ,
1020 993 1106 1042 507;
1145 994 1205 1035 IV,
1242 995 1326 1042 1233
1364 995 1534 1042 Apollod.
1571 997 1599 1039 Ι,
1625 998 1658 1039 4,
1686 999 1726 1046 3;

233 1050 340 1086 huius
371 1051 642 1096 Pleiadumque
680 1053 858 1088 autumno
897 1064 1048 1088 occasus
1086 1053 1292 1089 matutinus
1331 1066 1443 1091 causa
1481 1057 1543 1092 vel
1579 1056 1728 1092 initium

232 1110 503 1155 tempestatum
542 1111 772 1147 habebatur:
812 1111 960 1147 Hesiod.
996 1108 1072 1158 ἔργα
1105 1113 1173 1148 618
1212 1124 1328 1159 seqq.;
1366 1114 1497 1159 Polyb.
1536 1115 1565 1158 Ι,
1598 1116 1654 1157 37,
1686 1117 1726 1163 43

233 1169 338 1204 Arat.
359 1169 499 1205 Phaen.
528 1170 614 1216 2643
645 1170 739 1207 Stat.
766 1171 846 1206 silv.
874 1171 901 1217 Ι,
928 1171 960 1213 3,
987 1171 1050 1214 95;
1077 1171 1106 1213 Ι,
1133 1172 1166 1214 6,
1193 1172 1257 1215 22;
1283 1172 1366 1211 Val.
1391 1173 1434 1216 ΙΙ,
1452 1174 1539 1216 405;
1564 1175 1624 1217 IV,
1645 1175 1726 1218 268:

233 1228 328 1265 Plin.
355 1230 431 1264 nat.
459 1228 544 1264 hist.
572 1229 708 1275 XVIII,
735 1229 814 1264 278.
864 1230 1061 1276 Neptunus
1088 1231 1189 1275 dicit,
1216 1244 1290 1268 non
1328 1232 1496 1268 futurum
1533 1233 1647 1270 fuisse
1686 1236 1729 1270 ut
1777 1259 1779 1261 ·

236 1287 404 1324 homines
429 1288 468 1323 in
493 1288 588 1323 mari
613 1290 843 1335 tempestate
868 1289 1078 1336 interirent,
1116 1290 1183 1326 nisi
1211 1291 1311 1337 Argo
1337 1291 1436 1327 viam
1465 1294 1725 1341 monstrasset5

234 1346 301 1384 cfr.
328 1347 414 1384 Luc.
441 1347 508 1389 ΙΙΙ,
537 1347 605 1383 193
631 1360 731 1394 seqq.

327 1412 408 1451 647.
456 1424 582 1448 saevus
625 1415 752 1449 Pliade
789 1418 931 1461 taurus3
971 1415 1143 1451 Pleiades
1181 1416 1259 1452 sive
1296 1416 1486 1462 Vergiliae
1522 1418 1561 1453 in
1609 1419 1728 1454 cauda

231 1472 331 1506 tauri
365 1473 467 1507 sunt:
506 1473 600 1509 Plin.
633 1475 710 1509 nat.
742 1474 827 1509 hist.
855 1474 902 1516 Π,
931 1475 1022 1521 11Ο;
1062 1474 1259 1520 singularis
1291 1477 1420 1512 autem
1445 1477 1549 1513 Plias
1581 1478 1727 1524 saepius

233 1531 333 1576 apud
363 1533 495 1577 poetas
526 1544 594 1578 pro
620 1532 815 1568 Pleiadum
841 1533 963 1569 sidere
988 1533 1192 1570 invenitur:
1231 1534 1311 1571 Val.
1338 1534 1386 1577 II,
1413 1535 1500 1578 357;
1538 1537 1625 1584 406;
1664 1537 1726 1578 IV,

232 1590 318 1638 2693
352 1591 464 1636 Verg.
496 1603 624 1637 georg.
657 1591 717 1634 IV,
745 1592 831 1635 233;
872 1592 936 1628 Ov.
964 1594 1040 1629 her.
1069 1593 1184 1639 XVII,
1214 1594 1297 1636 188;
1338 1606 1383 1630 ex
1408 1595 1517 1631 Pont.
1543 1595 1573 1640 I,
1599 1595 1632 1638 8,
1660 1596 1725 1639 28;

233 1649 320 1686 Luc.
346 1650 395 1694 ΙΙ,
422 1651 509 1696 722;
536 1650 638 1693 VIII,
665 1651 752 1690 852:
780 1651 875 1690 Stat.
902 1652 981 1687 silv.
1009 1653 1036 1694 I,
1064 1652 1095 1694 6,
1123 1653 1185 1695 223
1213 1653 1281 1695 ΙΙΙ,
1308 1654 1340 1696 2,
1368 1654 1433 1700 ’76,·
1459 1654 1628 1690 Grattius
1667 1667 1727 1701 cy-

232 1720 316 1754 neg.
343 1709 405 1756 59;
435 1709 558 1746 Germ.
583 1711 719 1756 phaen.
745 1711 834 1756 266;
872 1723 1003 1757 progn.
1031 1711 1094 1751 IV.
1121 1712 1162 1759 93
1189 1712 1337 1748 Namat.
1365 1713 1393 1756 I,
1421 1714 1506 1759 1873
1534 1714 1724 1752 Claudian.

232 1767 271 1803 in
296 1768 348 1803 IV
375 1780 473 1805 cons.
499 1769 594 1806 Hon.
619 1770 709 1812 4383
737 1770 784 1806 de
809 1770 909 1806 bello
935 1771 1027 1807 Poll.
1054 1771 1135 1807 209.

327 1834 407 1870 649.
458 1838 531 1869 tam
556 1834 658 1878 Vat.;
685 1836 758 1870 iam
783 1836 872 1873 edit.
914 1836 1056 1874 Bonon.
1084 1838 1122 1872 et
1146 1837 1231 1873 Ald.
1258 1837 1396 1874 Nolent
1420 1839 1561 1875 matres
1588 1850 1725 1885 eorum,

235 1893 297 1938 qui
321 1894 480 1939 posthac
504 1905 607 1930 mare
632 1894 876 1940 navigabunt,
915 1907 1043 1932 manes
1069 1895 1117 1932 te
1140 1896 1179 1957 in
1203 1897 1327 1942 Elysio
1352 1897 1501 1943 placide
1534 1909 1578 1934 ac
1608 1898 1726 1934 liben-

233 1953 293 1988 ter
320 1953 502 1999 excipere.

329 2018 409 2053 653.
459 2019 614 2054 Poetica
647 2019 810 2064 imagine
848 2021 1046 2056 ventorum
1084 2021 1237 2057 comites
1275 2021 1547 2069 describuntur,
1585 2023 1652 2059 sed
1687 2023 1726 2058 in

233 2076 333 2111 unda
359 2077 410 2112 eis
436 2077 676 2124 adiungenda
708 2090 767 2114 res
798 2080 935 2124 poetae
966 2091 1041 2115 non
1068 2080 1229 2116 feliciter
1255 2081 1376 2123 cessit,
1416 2081 1554 2127 quippe
1580 2093 1675 2127 quae
1701 2093 1724 2118 a

234 2135 328 2170 mari
354 2136 515 2182 disiungi
541 2138 602 2173 vel
628 2137 814 2173 disiuncta
841 2138 999 2184 cogitari
1031 2140 1203 2184 nequeat,
1230 2151 1301 2175 nec
1327 2151 1411 2176 eam
1428 2141 1595 2186 Wagner
1620 2143 1724 2177 recte

236 2195 439 2240 explicavit
471 2196 589 2232 nubes
615 2197 723 2232 undis
749 2198 937 2243 gravidas,
973 2210 1056 2233 cum
1080 2198 1251 2234 Valerius
1276 2199 1437 2236 imbrem
1462 2201 1596 2246 postea
1624 2211 1721 2236 com-

234 2255 433 2296 memoret;
460 2255 580 2290 imber
606 2258 732 2292 autem
757 2257 869 2302 longe
896 2257 1073 2303 sequitur,
1099 2258 1212 2293 bene:
1239 2269 1328 2294 nam
1347 2258 1493 2294 etiamsi
1509 2258 1613 2295 venti
1639 2259 1721 2294 abs-

236 2314 383 2355 cedunt,
417 2326 491 2349 non
517 2315 646 2350 statim
670 2316 791 2351 imber
818 2316 964 2352 desinit.

330 2379 408 2414 754.
459 2390 614 2424 aequora
632 2385 761 2424 portae
789 2381 882 2428 Vat.;
909 2382 976 2417 sed
1003 2393 1086 2417 cum
1111 2394 1185 2418 non
1223 2382 1375 2428 liqueat,
1415 2394 1510 2428 quae
1547 2383 1622 2418 sint
1661 2394 1721 2420 ae-

234 2450 351 2484 quora
376 2438 529 2474 Aeoliae
554 2441 699 2484 portae,
725 2440 848 2475 locum
873 2442 915 2475 ut
939 2441 1045 2486 potui
1070 2453 1203 2477 sanare
1230 2443 1384 2478 conatus
1410 2454 1500 2478 sum.

329 2503 408 2539 655.
458 2509 617 2539 reserata
642 2505 716 2541 dies
724 2519 731 2547 ;
758 2505 812 2540 ita
850 2506 1042 2542 reserandi
1079 2507 1236 2542 verbum
1273 2508 1338 2542 aut
1375 2507 1424 2542 ad
1460 2507 1609 2542 initium
1634 2507 1718 2549 diei,

233 2563 330 2599 veris
357 2563 403 2600 al.
428 2563 669 2599 indicandum
695 2564 904 2607 adhibetur,
943 2566 986 2600 ut
1011 2565 1107 2603 Stat.
1133 2566 1250 2603 Theb.
1275 2565 1316 2608 V,
1343 2565 1431 2609 479;
1469 2566 1574 2602 Lucr.
1600 2567 1629 2608 I,
1658 2567 1718 2610 11;

232 2622 343 2668 Verg.
371 2634 497 2668 georg.
524 2623 585 2665 IV,
612 2623 667 2665 52,
698 2623 842 2669 Coripp.
870 2624 922 2659 VI
950 2625 1009 2671 (V)
1037 2626 1098 2667 223
1138 2626 1203 2663 aut
1229 2625 1278 2661 ad
1302 2625 1547 2662 serenitatem
1570 2626 1719 2662 restitu-

232 2682 322 2727 tam,
362 2683 404 2717 ut
429 2682 561 2718 Boeth.
589 2682 635 2718 de
669 2694 766 2719 cons.
798 2683 886 2728 phil.
914 2677 998 2728 1‚'3,
1028 2684 1047 2718 7
1074 2696 1149 2729 seq.
1200 2685 1307 2720 Hanc
1337 2685 1370 2720 si
1404 2685 1563 2722 Threicio
1595 2686 1719 2722 boreae

1862 2652 1890 2725 ,Α

1859 2591 1885 2697 2}

1858 2791 1879 2837 δὲ

1851 2834 1878 2994 f}
