1890 3100
252 188 339 231 436
778 185 815 222 C.
841 185 1022 221 VALERI
1047 185 1222 221 FLAcci

361 305 429 344 dat
458 305 611 344 catulos
640 310 732 357 post
759 311 874 357 terga
901 306 978 353 leo,
1010 305 1066 343 sic
1096 305 1314 343 comminus
1342 305 1500 344 hastam

358 370 557 409 Aeacides
587 384 850 423 gressumque
879 376 991 409 tenet
1020 376 1240 422 contraque
1269 376 1453 409 mentem

360 441 527 488 septeno
555 436 731 474 validam
759 436 987 475 circumfert
1014 436 1192 487 tegmine
1220 435 1378 474 molem.

358 514 434 540 nec
463 502 593 540 minus
621 502 715 540 hinc
744 507 889 553 urguet
919 501 1111 553 Scythiae
1140 514 1281 539 manus
1311 514 1501 554 armaque
1531 500 1680 540 Canthi

360 567 530 619 quisque
560 567 635 605 sibi
664 573 704 606 et
734 567 855 606 Graio
884 580 1056 618 poenam
1086 566 1136 605 de
1166 579 1330 618 corpore
1358 579 1543 618 poscens.

359 632 506 670 arduus
535 631 629 671 inde
657 632 771 671 labos
800 632 1014 684 medioque
1043 633 1084 670 in
1114 644 1278 683 corpore
1307 645 1444 684 pugna

360 698 594 736 conseritur.
650 711 795 749 magno
824 697 951 736 veluti
981 711 1070 735 cum
1099 697 1259 735 turbine
1290 709 1380 735 sese

358 764 484 815 ipsius
513 762 683 802 Aeoliae
711 762 902 814 frangunt
928 763 970 800 in
996 763 1132 801 limine
1161 763 1283 810 venti,

359 842 478 880 quem
506 828 641 880 pelagi
669 828 814 875 rabies,
846 841 964 880 quem
992 828 1141 875 nubila,
1173 841 1373 880 quemque
1404 833 1596 880 sequatur

358 894 427 932 ille
457 893 565 932 dies:
596 893 744 932 obnixa
770 894 898 931 virum
928 893 984 931 sic
1013 893 1232 931 comminus
1260 893 1402 932 haeret

347 1020 428 1057 347.
478 1020 541 1054 dat
578 1019 714 1054 catulos
744 1022 831 1063 post
855 1022 955 1064 terya
979 1019 1047 1060 leo;
1087 1017 1153 1054 cfr.
1179 1019 1222 1060 V,
1251 1018 1335 1062 1483
1360 1018 1522 1054 Phaedr.
1548 1018 1610 1060 IV,
1639 1018 1694 1058 10,
1721 1018 1744 1053 2

251 1080 413 1125 (peram)
433 1082 519 1123 post
544 1082 680 1123 teryum
705 1078 800 1113 dedit
808 1091 815 1120 ;
843 1076 927 1114 Sen.
953 1078 1092 1113 Phoen.
1119 1077 1186 1112 577
1206 1078 1351 1122 palmas
1367 1078 1487 1113 vineta
1505 1082 1591 1122 post
1608 1081 1746 1123 terqum

252 1139 374 1183 datas,
411 1138 541 1173 Troad.
581 1137 650 1172 152
687 1148 814 1172 manus
844 1148 884 1182 p.
924 1141 945 1171 t.
987 1137 1101 1181 dabit3
1139 1137 1248 1174 Drac.
1286 1136 1369 1181 Hyl.
1403 1136 1449 1172 73
1487 1137 1621 1172 dantur
1650 1149 1689 1182 p.
1715 1142 1743 1174 t.

245 1199 453 1243 pharetrae.
503 1198 645 1232 hastam
671 1222 713 1227 -
738 1207 964 1242 gressumque
995 1200 1086 1231 tenet
1118 1196 1140 1234 i.
1167 1207 1199 1232 e.
1235 1196 1400 1238 cohibet,
1439 1207 1561 1242 neque
1595 1197 1746 1233 hastam

250 1268 364 1292 manu
392 1256 530 1293 emittit
555 1268 676 1302 neque
701 1256 741 1291 in
774 1257 901 1292 hostes
926 1256 1088 1301 proruit,
1127 1255 1167 1290 id
1205 1255 1323 1291 solum
1357 1267 1506 1298 curans,
1545 1257 1588 1291 ut
1614 1267 1745 1302 corpus

252 1316 344 1352 socii
370 1315 563 1351 interfecti
587 1316 748 1352 tueatur.

352 1388 433 1425 348.
482 1392 641 1423 ruentem
667 1399 716 1423 sc.
745 1387 987 1429 Gesandrum,
1026 1398 1137 1432 quem
1162 1399 1246 1423 suos
1273 1388 1420 1423 secutos
1447 1397 1527 1422 esse
1552 1386 1652 1423 ultro
1678 1398 1744 1434 ap-

251 1449 369 1494 paret,
395 1449 438 1483 ut
462 1459 537 1483 non
563 1458 715 1483 necesse
741 1446 789 1481 sit
814 1450 955 1482 ruentes
979 1446 1154 1482 scribere.

324 1519 405 1555 349.
431 1523 573 1564 septeno
586 1519 742 1554 validam
757 1539 799 1544 -
815 1519 964 1563 teymine
976 1519 1112 1555 molem:
1129 1517 1389 1563 septemplices
1402 1518 1525 1554 solent
1539 1529 1619 1554 esse
1634 1517 1745 1564 clipei

251 1579 441 1624 ingentes:
457 1579 588 1613 auctor
600 1577 687 1612 talis
702 1577 959 1623 descriptionis
973 1576 1046 1612 fuit
1053 1577 1244 1619 Homerus,
1260 1577 1323 1622 qui
1336 1577 1497 1623 clipeum
1509 1577 1631 1612 Aiacis
1644 1575 1744 1615 ἑπτα-

253 1639 359 1685 βὸειον
383 1638 552 1674 nominat
579 1637 662 1681 (cfr.
682 1636 792 1683 Soph.
819 1636 874 1672 Ai.
901 1637 996 1680 576),
1023 1637 1089 1672 sed
1114 1638 1244 1672 tamen
1261 1636 1408 1671 addidit
1425 1637 1600 1672 octavum
1617 1637 1744 1673 orbem

254 1709 412 1734 aeneum
437 1697 480 1732 Il.
507 1696 588 1739 VII,
615 1697 685 1731 222
711 1708 830 1742 seqq.;
856 1696 1016 1742 clipeum
1042 1696 1326 1742 septemplicem
1342 1695 1465 1731 Aiacis
1490 1696 1659 1732 nominat
1677 1696 1744 1735 Ov.

253 1758 342 1793 met.
381 1756 484 1799 XIII,
523 1757 562 1803 2;
605 1756 691 1798 346;
732 1768 805 1792 am.
830 1756 859 1797 I,
887 1756 918 1797 7,
958 1756 978 1790 7
989 1769 996 1793 2
1038 1755 1128 1791 artis
1153 1755 1221 1796 III,
1249 1755 1336 1798 112;
1374 1754 1490 1790 Turni
1513 1756 1626 1801 Verg.
1651 1755 1743 1792 Aen.

251 1816 334 1858 XII,
362 1816 451 1859 9253
478 1817 624 1862 septem
650 1815 758 1861 clipei
784 1816 894 1851 orbes
922 1816 1118 1851 enumerat
1145 1817 1233 1852 Aen.
1260 1814 1303 1856 X,
1330 1814 1416 1857 7833
1452 1814 1519 1853 cfr.
1543 1815 1747 1861 praeterea

254 1875 348 1911 Stat.
375 1875 492 1911 Theb.
518 1875 599 1915 VII,
639 1875 728 1920 3103
768 1875 855 1910 Ach.
883 1874 910 1915 Ι,
949 1874 1037 1917 470;
1071 1875 1180 1920 Verg.
1216 1878 1306 1913 Aen.
1333 1873 1435 1919 VIII,
1471 1874 1558 1922 4483
1592 1873 1635 1910 Il.
1662 1874 1744 1912 Lat.

252 1935 339 1978 293;
380 1935 466 1978 612;
505 1935 616 1973 Drac.
644 1935 705 1971 Or.
732 1935 820 1981 712;
862 1934 990 1970 Claud.
1015 1934 1054 1969 in
1091 1934 1244 1980 Eutrop.
1270 1933 1320 1978 H,
1345 1933 1428 1970 387.
1475 1933 1749 1977 circumferenda·

252 1995 369 2031 verbo
395 1995 512 2030 utitur
535 1994 706 2030 Valerius
733 1994 941 2040 exemplum
966 1993 1077 2039 Verg.
1103 1994 1195 2030 Aen.
1222 1994 1266 2036 X,
1292 1993 1362 2029 887
1388 1994 1547 2029 secutus.

347 2066 428 2103 351.
473 2077 629 2111 poenam
670 2066 711 2101 de
751 2077 899 2111 corpore
932 2076 1100 2111 poscens,
1142 2077 1191 2103 sc.
1229 2066 1272 2100 ut
1315 2065 1478 2101 cadaver
1517 2064 1747 2111 insepultum

252 2125 472 2172 proiciatur.

348 2184 428 2220 352.
477 2185 652 2221 Exoritur
687 2197 815 2231 pugna
852 2185 1034 2221 acerrima
1061 2185 1108 2221 de
1134 2195 1288 2230 corpore
1316 2183 1452 2219 Canthi
1475 2182 1678 2225 interfecti,
1703 2183 1749 2218 ut

254 2244 353 2290 apud
379 2244 582 2280 Homerum
614 2245 660 2280 de
700 2256 856 2290 corpore
880 2243 1043 2280 Patrocli
1068 2255 1159 2280 sane
1183 2243 1302 2279 multo
1326 2243 1440 2278 fusius
1464 2243 1637 2285 narrata;
1680 2243 1745 2278 cfr.

256 2302 368 2339 etiam
393 2303 488 2339 Stat.
515 2303 631 2339 Theb.
658 2304 724 2350 IX,
751 2304 820 2339 133
845 2315 945 2349 seqq.

348 2361 429 2397 354.
479 2362 534 2398 De
560 2362 687 2398 Aeolia
718 2363 915 2398 ventorum
940 2363 1028 2398 sede
1058 2373 1118 2398 res
1143 2363 1245 2405 nota,
1278 2361 1353 2398 vid.
1380 2361 1429 2397 ad
1451 2360 1481 2402 I,
1508 2360 1595 2408 5763
1617 2371 1751 2406 pugna

253 2421 418 2457 virorum
458 2423 696 2466 comparatur
734 2433 818 2457 cum
847 2433 976 2468 pugna
1011 2422 1209 2458 ventorum
1245 2421 1345 2457 inter
1381 2431 1422 2456 se
1447 2419 1671 2456 certantium
1698 2419 1746 2456 de

256 2480 450 2517 dominatu
479 2480 591 2515 maris
625 2481 663 2516 et
699 2480 870 2523 nubium;
913 2482 1061 2516 secutus
1100 2481 1157 2517 est
1191 2481 1306 2526 poeta
1330 2479 1437 2516 Hom.
1474 2478 1518 2515 11.
1545 2478 1642 2522 XVI,
1677 2478 1751 2515 765

255 2551 376 2585 seqq.;
401 2539 514 2586 Verg.
540 2542 631 2577 Aen.
664 2538 712 2585 ΙΙ,
738 2539 826 2585 416,
850 2539 894 2586 X,
930 2540 1000 2575 356
1034 2551 1151 2585 seqq.;
1177 2539 1369 2574 Burmann
1393 2538 1516 2574 locum
1540 2550 1615 2574 non
1639 2539 1750 2575 recte⁴

255 2599 458 2636 intellexit.

354 2658 433 2694 355.
485 2668 653 2704 quemque
676 2661 846 2703 sequatur
869 2658 927 2693 ille
951 2658 1026 2699 dees
1049 2657 1073 2696 i.
1093 2669 1123 2694 e.
1150 2657 1213 2702 qui
1225 2657 1360 2694 ventus
1384 2656 1449 2693 illo
1468 2655 1541 2699 die,
1568 2667 1640 2702 quo
1667 2667 1749 2693 cer-

1745 523 1800 554 350

1746 844 1801 874 355
