1890 3100
553 185 939 223 ARGONAVTICON
961 185 1109 222 LIBER
1132 185 1233 221 VIII.
1542 186 1629 229 549

259 306 443 357 ignorare
473 306 607 344 sinunt
634 305 876 357 decretaque
903 305 1032 343 tristia
1059 297 1230 344 servant.

313 370 397 409 Sed
423 371 545 409 miser
570 376 616 409 ut
641 384 781 418 vanos,
807 383 925 409 veros
952 370 1010 409 ita
1037 383 1158 421 saepe
1185 370 1347 407 timores

257 440 391 474 versat
421 449 540 483 amor,
570 435 734 487 fallique
764 435 856 473 sinit
882 448 958 473 nec
985 434 1150 485 virginis
1180 447 1318 472 annos.

255 513 303 538 ac
329 501 436 551 prior
461 500 549 551 ipsa
576 499 688 538 dolos
718 505 759 538 et
787 498 1004 552 quamlibet
1030 498 1168 537 intima
1196 498 1321 537 sensit
1628 503 1684 533 410

254 577 336 602 non
362 564 431 602 fidi
458 565 537 602 iam
565 565 680 615 signa
706 564 780 602 viri
807 564 1049 614 nimiumque
1079 562 1243 600 silentes

254 642 336 667 una
363 642 512 668 omnes.
566 629 666 667 haut
691 629 762 666 illa
790 628 851 666 sui
878 633 1013 666 tamen
1039 627 1246 665 immemor
1272 640 1460 679 umquam

254 707 330 732 nec
358 693 498 732 subitis
526 693 684 731 turbata
710 692 838 739 minis,
867 692 974 743 prior
1001 696 1169 742 occupat
1195 704 1319 729 unum

255 757 488 797 Aesoniden
515 757 716 808 longeque
743 756 875 803 trahit,
904 769 998 794 mox
1024 755 1171 794 talibus
1200 755 1305 794 infit:

257 827 330 861 ‘me
360 835 529 874 quoque,
561 821 656 874 quid
682 827 815 860 tecum
841 821 1017 872 Minyae,
1047 820 1261 859 fortissima
1286 821 1427 873 pubes,
1629 830 1684 859 415

255 893 373 925 nocte
402 886 547 939 dieque
575 892 748 934 movent,
776 886 897 925 liceat
926 899 1169 937 cognoscere
1196 885 1370 934 tandem,

240 1046 320 1083 407.
370 1047 576 1090 decretaque
599 1066 644 1072 —
668 1049 811 1080 servant
835 1056 882 1080 ne
907 1045 1091 1080 violentur
1116 1056 1165 1081 sc.
1192 1045 1505 1088 enuntiand03
1538 1057 1628 1082 sane

146 1106 365 1152 plerumque
391 1105 544 1141 decreta
569 1105 710 1140 servari
735 1104 917 1146 dicuntur,
945 1116 1028 1139 cum
1052 1115 1127 1140 non
1152 1104 1340 1140 violantur
1365 1106 1558 1150 agendo.

240 1164 322 1200 408.
371 1165 513 1199 timores
547 1168 665 1199 versat
696 1175 810 1199 amor:
850 1163 918 1200 cfr.
942 1174 1082 1198 versare
1106 1164 1205 1199 dolos
1228 1164 1339 1209 Verg.
1365 1165 1457 1200 Aen.
1488 1165 1538 1206 ΙΙ,
1565 1165 1627 1207 62;

145 1223 208 1265 IV,
234 1223 320 1270 5633
346 1223 411 1267 ΧΙ,
430 1223 514 1265 704;
552 1222 638 1259 Sen.
662 1223 795 1268 Agam.
813 1222 899 1265 632;
937 1233 1043 1258 curas
1059 1222 1171 1268 Verg.
1194 1226 1285 1259 Aen.
1302 1223 1346 1268 V,
1365 1223 1451 1266 7013
1479 1225 1630 1259 consilia

146 1282 178 1324 Ι,
205 1282 291 1324 657;
335 1286 466 1317 vertere
489 1286 635 1327 questus
658 1282 796 1327 legitur
820 1281 901 1316 val.
927 1281 1010 1326 VII,
1036 1281 1069 1317 6.

240 1340 322 1376 409.
368 1341 520 1385 fallique
555 1341 642 1376 sinit
665 1352 727 1376 nec
751 1341 902 1386 viminis
926 1351 1054 1383 armo&
1098 1341 1121 1377 i.
1150 1352 1180 1376 e.
1206 1353 1253 1376 ne
1279 1341 1454 1386 simplicis
1479 1342 1629 1387 quidem

147 1401 187 1435 et
211 1399 382 1435 iuvenilis
406 1399 570 1445 puellae3
596 1400 642 1435 de
668 1400 856 1435 sententia
881 1399 947 1435 cfr.
973 1400 1084 1445 Verg.
1110 1400 1200 1436 Aen.
1226 1399 1287 1442 IV,
1314 1400 1383 1435 296
1409 1401 1490 1445 quis
1502 1401 1629 1443 fallere

139 1459 265 1503 possit
288 1462 479 1494 amantem!
510 1469 573 1494 nee
596 1458 770 1493 scribitur
792 1470 861 1504 pro
885 1470 933 1494 ne
958 1479 1002 1484 —
1029 1458 1186 1504 quidem,
1211 1458 1286 1494 vid.
1312 1459 1361 1493 ad
1385 1459 1447 1502 IV,
1474 1459 1555 1496 200.

239 1517 320 1552 410.
363 1518 471 1562 prior
494 1519 576 1562 ipsa
600 1518 697 1553 dolos
713 1538 758 1543 —
774 1518 884 1552 sensit
900 1529 949 1553 sc.
975 1518 1077 1553 nullo
1095 1518 1257 1559 auctore,
1283 1518 1385 1563 prius
1404 1529 1516 1565 quam
1534 1519 1628 1555 alius

146 1576 378 1623 enuntiaret3
404 1575 470 1612 cfr.
495 1575 606 1621 Verg.
632 1587 759 1621 georg.
785 1575 834 1617 Π,
862 1576 922 1619 10;
948 1576 1034 1618 459;
1061 1576 1128 1612 ecl.
1154 1576 1216 1618 IV,
1243 1576 1306 1619 21;
1343 1577 1436 1612 Aen.
1462 1577 1510 1618 ΙΙ,
1540 1578 1626 1612 174;

144 1634 250 1671 Lucr.
275 1634 337 1677 IV,
364 1635 451 1677 129;
479 1634 544 1670 Ov.
569 1634 657 1670 artis
682 1633 730 1676 Π,
756 1634 842 1676 479;
868 1634 978 1671 Mart.
1002 1634 1065 1676 IX,
1092 1635 1148 1680 31,
1167 1634 1198 1669 5.

243 1694 322 1728 411.
372 1704 445 1729 non
467 1694 534 1736 fidi
556 1694 628 1728 iam
652 1694 756 1738 siyna
779 1694 865 1729 viri:
893 1693 1021 1728 futura
1045 1694 1202 1739 perfidia
1229 1694 1370 1730 Iasonis
1394 1694 1527 1731 leviter
1550 1695 1627 1730 iam

152 1752 328 1798 tangitur.

243 1811 325 1847 413.
373 1822 437 1846 nec
459 1812 585 1846 subitis
609 1812 754 1846 turbata
777 1813 899 1847 minis:
933 1812 1100 1857 Wagner
1124 1814 1241 1848 minas
1263 1812 1536 1858 interpretatur
1559 1824 1627 1858 pe-

147 1869 273 1915 ricula,
300 1869 401 1916 quod
424 1881 498 1905 non
523 1869 632 1905 facile
658 1870 803 1906 admitti
818 1882 925 1916 posse
951 1872 1053 1915 puto,
1082 1871 1148 1906 sed
1171 1871 1294 1907 minae
1312 1871 1488 1906 videntur
1513 1871 1624 1915 signi—

144 1928 254 1964 ficare
279 1939 342 1964 eas
366 1940 435 1970 res,
475 1940 519 1964 ex
545 1929 676 1975 quibus
714 1929 853 1974 aliquid
877 1930 1030 1965 terroris
1055 1930 1115 1965 vel
1138 1930 1295 1975 periculi
1318 1930 1512 1965 imminere
1540 1942 1625 1966 con·
1696 1959 1706 1966 .

146 1987 245 2023 cludi
267 1987 403 2033 possit:
442 1988 534 2023 haec
559 1990 646 2023 sunt
672 1989 742 2023 hoc
769 1989 850 2024 loco
874 1989 997 2023 tristia
1021 1989 1163 2024 Iasonis
1190 1991 1228 2024 et
1253 1989 1435 2024 sociorum
1465 1989 1623 2030 silentia,

145 2046 270 2082 vultus
293 2046 489 2087 minantes,
516 2046 664 2088 similja3
700 2047 765 2082 cfr.
791 2047 833 2092 V,
860 2047 940 2091 341,
975 2047 1040 2082 ubi
1065 2048 1208 2083 somnia
1233 2047 1472 2083 formidolosa
1508 2050 1626 2084 minae

149 2105 398 2141 nominantur.

238 2164 319 2200 414.
369 2165 469 2209 lonye
494 2185 536 2190 —
563 2165 673 2200 trahit
698 2176 746 2200 sc.
774 2176 795 2199 a
821 2165 944 2211 sociis;
986 2165 1052 2202 cfr.
1078 2165 1146 2206 ΙΙΙ,
1173 2165 1252 2201 372.
1302 2165 1358 2201 De
1384 2176 1423 2200 re
1448 2165 1530 2211 ipsa
1555 2165 1622 2202 cfr.

144 2222 315 2268 Apollon.
339 2222 403 2268 IV,
428 2223 498 2258 350
522 2234 635 2268 seqq„
667 2224 732 2258 ubi
758 2225 886 2259 tamen
910 2224 1043 2260 Medea
1074 2224 1192 2260 multo
1217 2224 1473 2260 vehementius
1498 2225 1623 2260 Iasoni

144 2281 340 2327 perfidiam
366 2282 575 2327 exprobrat.

237 2341 318 2377 415.
367 2342 475 2376 vittae
498 2352 575 2376 cum
600 2341 696 2386 Vat„
722 2342 808 2386 quid
832 2346 941 2377 tecum
961 2342 1153 2384 ·Heinsius;
1186 2343 1272 2388 quid
1295 2346 1405 2378 tecum
1424 2366 1468 2371 —
1484 2347 1622 2379 movent

145 2399 169 2436 i.
198 2410 230 2436 e.
252 2399 465 2442 moliuntur,
491 2399 556 2435 cfr.
582 2400 659 2437 Liv.
686 2400 822 2442 XXIII,
848 2401 905 2445 39,
931 2401 953 2435 4
977 2402 1039 2437 sed
1056 2402 1164 2446 prius
1188 2412 1225 2436 se
1256 2406 1373 2437 aestas
1408 2403 1619 2447 circumegit,

148 2469 254 2503 quam
276 2469 411 2494 movere
434 2470 477 2494 ac
499 2460 618 2494 moliri
642 2460 831 2504 quidquam
855 2471 918 2495 rea:
935 2465 1071 2505 posset;
1116 2461 1162 2496 de
1194 2461 1396 2496 indicativo
1421 2466 1557 2496 movent
1582 2461 1621 2496 in

146 2517 438 2563 interrogatione
464 2530 560 2565 quae
586 2518 718 2553 dicitur
742 2519 925 2555 indirecta
948 2520 1069 2565 posito
1096 2519 1162 2557 cfr.
1189 2522 1233 2555 ad
1251 2520 1280 2564 Ι,
1306 2519 1386 2556 281.
1426 2519 1621 2555 Sententia

150 2586 324 2621 expressa
348 2578 405 2612 est
430 2588 474 2612 ex
497 2577 617 2623 Apoll.
643 2577 705 2619 IV,
724 2577 793 2612 355
818 2578 983 2624 Αἰσονίδη,
1007 2579 1076 2615 τίνα
1099 2580 1196 2625 τήνδε
1215 2581 1454 2624 συναρτύνασθε
1472 2578 1621 2624 μενοινὴν

147 2633 231 2680 ἀμφ’
257 2633 338 2680 ἐμοί.

1340 2697 1406 2731 35*
