1890 3100
239 225 328 268 208
765 222 802 257 O.
830 221 1009 256 VALERI
1034 220 1208 256 FLACCI

348 344 433 394 ipse
464 341 569 380 diem
599 342 720 392 longe
751 340 927 393 solisque
958 340 1104 379 cubilia
1133 340 1289 392 Tiphys

349 407 532 454 consulit,
563 407 649 458 ipse
679 412 807 445 ratem
835 411 955 445 vento
986 405 1195 458 stellisque
1225 405 1432 443 ministrat.

348 478 401 520 at,
432 473 499 525 qui
527 472 639 510 illum
669 485 750 510 non
779 477 884 519 ante,
916 484 1035 523 sopor
1063 470 1279 509 luctamine
1308 476 1419 508 tanto

347 538 446 577 lenit
476 550 601 589 agens
630 537 765 575 divum
792 537 986 589 imperiis;
1017 536 1122 575 cadit
1151 537 1277 574 inscia
1305 535 1419 574 clavo

352 603 519 649 dextera
549 602 800 654 demittitque
831 602 980 649 oculos,
1012 601 1221 653 solataque
1251 601 1394 653 puppis

336 735 381 770 ab
406 734 520 776 unda;
546 733 776 779 praepositio
803 743 954 768 causam
979 732 1122 767 indicat
1150 732 1198 766 ‘in
1224 731 1361 776 Folge’,
1389 731 1430 766 ut
1458 731 1517 772 VI,
1545 731 1630 773 389;
1651 731 1733 777 VII,

240 794 327 841 484;
356 793 422 829 cfr.
451 793 499 828 ad
524 793 626 835 VIII,
653 793 734 828 317.

336 853 393 889 37.
431 853 546 889 Redit
569 854 684 898 poeta
709 852 748 886 in
773 851 989 887 narratione
1016 851 1065 886 ad
1089 851 1130 886 id
1154 852 1312 896 tempus,
1340 861 1410 896 quo
1443 850 1498 886 sol
1538 849 1735 886 occidebat

242 913 454 959 Tiphysque
492 912 636 948 caelum
674 912 720 947 de
758 911 987 956 tempestate
1026 910 1155 945 futura
1192 909 1422 945 consulebat.
1473 909 1566 945 Solis
1605 910 1736 945 cubilia

243 972 391 1018 scripsit
417 972 533 1008 etiam
557 972 646 1007 Hor.
674 982 703 1007 c.
730 970 791 1014 IV,
819 971 873 1011 15,
902 970 946 1004 16
974 970 1132 1015 (cubile);
1166 969 1259 1006 Stat.
1286 969 1366 1006 silv.
1392 968 1460 1010 ΙΙΙ,
1501 970 1532 1009 1,
1571 968 1648 1011 183;
1689 968 1736 1005 al.

338 1032 394 1068 38.
443 1033 519 1076 ipse
543 1035 655 1066 ratem
680 1034 781 1065 vento
806 1030 983 1074 stellisque
1019 1029 1201 1064 ministrat
1238 1028 1331 1063 dixit
1360 1028 1528 1064 Valerius
1566 1028 1737 1074 paullum

244 1091 398 1127 mutatis
424 1091 549 1127 verbis
575 1089 799 1135 Vergilianis
825 1093 937 1124 ratem
961 1089 1047 1123 velis
1070 1089 1251 1123 ministrat
1288 1087 1379 1124 Aefl'.
1417 1087 1479 1129 VI,
1520 1088 1589 1123 302
1629 1089 1668 1123 et
1694 1087 1736 1130 X,

245 1152 330 1198 2183
358 1151 565 1186 accuratius
592 1149 743 1185 Tacitus
770 1148 978 1194 Vergilium
1004 1148 1187 1193 expressit
1203 1147 1327 1184 Germ.
1347 1147 1394 1181 44
1413 1158 1476 1182 uec
1493 1147 1637 1193 (naves)
1654 1148 1740 1182 velis

245 1212 462 1246 ministrant.
512 1210 622 1245 Falso
649 1210 776 1244 autem
800 1209 1004 1243 ministrare
1031 1207 1239 1253 explicatur
1263 1206 1327 1248 ita,
1355 1208 1397 1241 ut
1435 1206 1484 1241 sit
1518 1206 1558 1242 in
1595 1217 1739 1252 germa-

246 1271 331 1306 nica
355 1270 484 1315 lingua
511 1268 730 1310 ‘bedienen’;
758 1279 832 1303 non
859 1267 958 1303 enim
983 1267 1021 1302 in
1047 1267 1260 1302 accusativo
1285 1266 1436 1311 ponitur
1461 1267 1571 1302 homo
1591 1266 1652 1302 vel
1669 1277 1740 1311 res,

251 1330 309 1366 cui
333 1329 583 1365 ministerium
608 1328 820 1373 praebetur,
848 1327 915 1363 sed
939 1327 988 1372 id,
1017 1326 1116 1372 quod
1154 1326 1188 1361 ei
1224 1326 1441 1371 praebetur.
1497 1325 1590 1361 Velis
1626 1325 1742 1371 igitur

249 1390 349 1436 apud
389 1389 606 1434 Vergilium.
649 1391 751 1422 vento
788 1387 964 1431 stellisque
1002 1386 1102 1431 apud
1142 1385 1333 1421 Valerium
1370 1384 1581 1421 necessario
1620 1384 1740 1420 dativi

249 1451 336 1485 sunt
372 1447 626 1493 intellegendi.
685 1446 825 1492 Tiphys
862 1446 982 1480 tradit
1019 1446 1141 1480 ratem
1177 1445 1291 1480 vento
1330 1444 1525 1489 agendam,
1566 1444 1742 1479 audacius

248 1510 364 1555 poeta
404 1507 542 1544 adiecit
581 1506 709 1547 stellis,
750 1517 833 1540 cum
870 1505 1003 1541 stellae
1040 1505 1145 1550 ipsae
1183 1515 1319 1539 navem
1357 1515 1431 1539 non
1466 1503 1636 1548 dirigant,
1677 1503 1744 1539 sed

250 1568 390 1614 Tiphys
426 1578 495 1612 per
532 1566 660 1602 stellas
687 1565 915 1601 observatas.
967 1563 1049 1598 Alia
1087 1575 1146 1599 res
1186 1564 1252 1604 est,
1292 1574 1375 1597 cum
1414 1562 1510 1598 sine
1549 1562 1743 1598 obiecto

250 1626 486 1662 ministrandi
511 1626 668 1661 verbum
693 1624 844 1670 ponitur
871 1624 954 1658 ‘den
981 1623 1113 1658 Dienst
1138 1623 1343 1663 versehen',
1362 1622 1466 1657 velut
1483 1622 1591 1667 Prop.
1619 1621 1664 1663 II,
1685 1622 1741 1665 22,

250 1687 297 1722 35
322 1687 416 1722 caelo
441 1686 542 1721 modo
566 1686 620 1720 sol
643 1684 745 1719 moclo
771 1684 858 1718 luna
883 1683 1079 1723 ministrat;
1106 1683 1187 1716 tum
1211 1681 1402 1716 interdum
1429 1681 1579 1716 additur
1606 1681 1742 1716 ablati-

250 1758 328 1788 vus,
355 1747 397 1781 ut
423 1745 664 1790 exprimatur,
693 1755 763 1789 qua
789 1754 829 1778 re
866 1742 946 1787 quis
985 1741 1231 1776 ministerium
1269 1740 1396 1782 faciat,
1435 1741 1478 1775 ut
1503 1739 1598 1777 Stat.
1625 1740 1741 1782 Theb,

251 1805 328 1848 VH,
357 1806 425 1839 752
449 1805 525 1849 ipse
548 1804 672 1839 sedens
696 1803 784 1847 telis,
805 1802 1012 1846 pariterque
1036 1802 1216 1836 ministrat
1241 1801 1388 1836 habenis·
1413 1800 1548 1835 Delius.

347 1864 404 1900 39.
454 1868 557 1908 atque
582 1863 678 1899 Vat,
706 1866 743 1897 at
769 1863 828 1907 qui
853 1861 947 1896 Phil.
975 1861 1161 1911 Wagner,
1178 1860 1407 1905 synaloephe
1434 1871 1523 1895 sane
1541 1859 1741 1901 rarissima,

254 1925 321 1961 sed
347 1924 413 1959 cfr.
441 1924 482 1965 V,
509 1923 590 1958 459.

347 1984 534 2019 luctamine
558 1986 658 2017 tanto
684 1982 769 2017 lenit
792 1981 814 2015 i.
843 1992 871 2016 e.
899 1980 1073 2015 leniendo
1099 1979 1238 2014 liberat
1263 1980 1371 2014 tanto
1409 1978 1628 2020 luctamine;
1667 1989 1742 2013 non

251 2043 372 2089 magis
397 2043 578 2077 usitatum
603 2043 669 2082 est,
698 2040 798 2086 quod
822 2040 1013 2075 luctamen
1032 2038 1330 2084 intellegendum
1347 2049 1421 2074 non
1440 2037 1604 2083 corporis
1621 2037 1742 2082 labor,

255 2103 322 2138 sed
347 2102 472 2137 animi.

348 2162 404 2196 40.
455 2172 562 2206 aqeus
588 2159 887 2204 coniungendum
925 2170 1007 2194 cum
1034 2158 1152 2192 divum
1189 2157 1356 2201 imperiis,
1396 2168 1471 2192 non
1509 2168 1591 2191 cum
1629 2155 1745 2190 verbo

254 2223 348 2266 lenit,
374 2222 416 2256 ut
442 2220 636 2256 contendit
662 2219 823 2254 Schenkl
847 2218 944 2254 stud.
970 2230 1004 2263 p.
1032 2216 1111 2258 339,
1140 2216 1202 2261 qui
1227 2216 1405 2252 nonnulla
1431 2215 1479 2250 ad
1517 2226 1623 2250 suam
1661 2225 1745 2250 sen-

253 2281 413 2317 tentiam
452 2279 744 2315 confirmandam
781 2278 952 2323 exempla
991 2276 1129 2316 attulit,
1168 2287 1323 2321 quorum
1360 2287 1407 2311 ne
1444 2287 1558 2310 unum
1595 2273 1747 2319 quidem

257 2340 429 2386 quadrat,
457 2339 524 2375 cfr,
552 2339 601 2374 ad
626 2339 689 2383 IV,
719 2339 798 2374 111.

351 2400 448 2435 cadit
465 2420 508 2424 -
533 2400 630 2434 clavo
657 2398 818 2442 decuteret,⁸
844 2397 910 2433 cfr.
937 2396 1033 2431 infra
1058 2408 1091 2431 v.
1120 2395 1163 2430 52
1191 2395 1320 2440 auriqa
1342 2395 1442 2438 rotis,
1460 2393 1571 2428 muris
1588 2393 1748 2427 claustra

258 2460 399 2496 cadunt.

355 2518 479 2562 inscia,
507 2516 573 2552 cfr.
601 2517 650 2551 ad
674 2516 703 2561 Ι,
735 2516 813 2551 109.

354 2578 412 2613 41.
462 2576 677 2620 demittitque
702 2576 837 2616 oculos3
867 2586 910 2610 ex
937 2574 1103 2614 dextera,
1132 2584 1225 2618 quae
1253 2574 1309 2608 est
1335 2571 1510 2617 Tiphyos,
1536 2570 1645 2606 facile
1664 2569 1748 2604 sub-

260 2638 401 2674 iectum
425 2637 504 2682 ipse
530 2635 669 2681 Tiphys
696 2634 856 2670 auditur.
951 2631 954 2634 ’

356 2697 537 2740 solataque
558 2695 710 2739 puppim
737 2692 883 2729 solandi
908 2692 1024 2728 verbo
1050 2691 1189 2736 primus
1217 2702 1301 2726 usus
1327 2690 1477 2725 videtur
1495 2688 1622 2725 Senec.
1649 2689 1747 2733 trag.

1877 1891 1890 1963 xxxma...
1883 1716 1890 1883 „mu-...Am-m-
1886 1697 1890 1707 -
1887 1685 1890 1690 ί
1888 1669 1890 1674 .

1870 2150 1890 2266 thesram
1874 2097 1878 2101 '
1880 2031 1881 2034 „
