1890 3100
574 262 962 300 ARGONAV'I'ICON
985 263 1133 298 LIBER.
1150 263 1212 299 VL
1425 305 1429 307 v
1550 264 1638 308 445

260 382 408 436 datque
437 383 535 421 alias
565 383 651 421 sine
678 382 772 434 lege
800 382 926 421 colus.
980 383 1084 420 hanc
1111 382 1285 420 maxima
1313 380 1430 420 Circe
1637 397 1693 428 445

261 448 442 488 terrificis
470 449 613 486 mirata
639 447 779 495 modis,
807 447 911 486 hanc
940 447 1099 486 advena
1124 447 1308 493 Phrixus,

264 514 444 566 quamvis
472 514 634 551 Atracio
662 513 798 551 lunam
826 525 1011 564 spumare
1038 518 1197 550 veneno

263 579 383 618 sciret
411 584 452 617 et
478 578 713 617 Haemoniis
742 578 884 628 agitari
912 577 1094 616 cantibus
1123 577 1296 615 umbras.

263 657 360 696 ergo
389 644 530 696 opibus
557 643 721 695 magicis
749 648 791 681 et
817 643 1047 694 virginitate
1074 641 1325 681 tremendam

261 709 363 748 Iuno
393 708 485 747 duci
512 709 659 747 sociam
687 708 931 759 coniungere
960 707 1115 760 quaerit
1142 707 1312 746 Achivo.
1641 716 1697 746 450

263 787 345 813 non
372 774 490 812 aliam
518 774 641 812 tauris
669 772 782 812 videt
809 779 850 811 et
877 772 1136 811 nascentibus
1165 773 1284 811 armis

265 839 413 892 quippe
439 851 588 890 parem,
616 851 693 876 nec
722 851 826 890 quae
854 836 987 876 medio
1016 843 1095 875 stet
1122 837 1164 875 in
1192 837 1351 888 agmine
1379 837 1575 877 flammae.

266 902 433 958 [nullum
461 909 595 942 mente
622 903 749 950 nefas,
779 902 911 941 nuilos
938 902 1173 941 horrescere
1200 901 1339 955 visus]

265 967 362 1021 quid
390 969 424 1007 si
450 981 595 1007 caecus
624 982 734 1006 amor
762 981 988 1020 saevusque
1017 968 1233 1006 accesserit
1259 967 1391 1019 ignis?

265 1034 367 1072 hinc⁹
386 1034 555 1072 Veneris
581 1033 779 1071 thalamos
809 1046 1047 1085 semperque
1074 1033 1254 1071 recentia
1282 1034 1399 1072 sertis
1644 1036 1700 1066 455

255 1176 336 1211 446.
386 1176 551 1217 terrificis
577 1196 618 1201 -
644 1175 777 1220 modis5
813 1174 971 1210 ablativi
994 1175 1163 1220 pendent
1187 1175 1232 1210 ab
1258 1174 1446 1211 adiectivo
1471 1176 1645 1222 maxima3

162 1235 288 1271 nodus
311 1236 438 1271 autem
462 1235 583 1270 dictus
608 1234 758 1270 videtur
781 1246 850 1280 pro
875 1234 1009 1280 specie,
1040 1245 1114 1280 qua
1140 1233 1230 1280 quid
1256 1235 1423 1280 apparet,
1450 1234 1517 1270 cfr.
1544 1233 1646 1270 Curt.

164 1293 268 1336 vm,
305 1294 352 1329 33
375 1295 439 1339 qm·
460 1295 618 1339 spatium
653 1305 771 1330 corum
811 1298 874 1336 (sc.
911 1293 1106 1338 mensium)
1147 1294 1197 1328 ad
1234 1294 1329 1334 hunc
1365 1294 1471 1329 lunae
1506 1293 1648 1329 modum

260 1413 343 1450 447.
391 1413 541 1448 Atracio
566 1435 611 1441 -
642 1423 790 1454 υεηεπος
816 1412 935 1447 Atrax
968 1411 1144 1457 oppidum
1177 1413 1261 1447 erat
1292 1411 1520 1453 Thessaliae,
1562 1411 1651 1447 inde

166 1473 363 1518 poetarmn
373 1482 477 1507 more
494 1471 662 1507 Atracius
676 1471 812 1506 dicitur
823 1483 892 1517 pro
899 1470 1121 1512 Tbessalico,
1139 1471 1183 1505 ut
1195 1482 1258 1506 ars
1274 1471 1427 1507 Atracia
1440 1471 1652 1516 estmagica

166 1531 267 1576 apud
279 1530 374 1569 Stat.
388 1530 505 1566 Theb.
522 1531 549 1575 1,
564 1531 649 1572 105;
675 1530 857 1576 imprimis
871 1531 961 1565 luna
984 1530 1187 1566 laborabat
1200 1532 1283 1566 arte
1295 1530 1444 1575 magica
1455 1530 1652 1566 incantata

166 1590 374 1635 tantopere,
411 1590 454 1624 ut
478 1591 670 1635 spumaret
693 1601 838 1625 veneno
869 1601 1113 1636 spumamque
1155 1589 1203 1624 ad
1239 1591 1383 1625 terram
1419 1589 1650 1630 demitteret,

166 1647 235 1684 cfr.
259 1647 342 1685 Val.
366 1648 446 1689 VII,
472 1649 559 1695 3303
587 1649 653 1685 Ov.
680 1660 751 1684 am.
777 1648 806 1690 L
832 1649 865 1690 8,
893 1649 953 1686 12:
991 1648 1041 1690 IL
1068 1649 1100 1690 1,
1126 1649 1189 1690 23;
1234 1649 1321 1685 Luc.
1346 1648 1408 1690 VI,
1434 1648 1521 1690 506;
1559 1647 1650 1690 669;

168 1708 262 1745 Stat.
288 1707 405 1744 Tbeb.
431 1708 459 1749 Ι,
486 1708 571 1750 106;
597 1708 642 1749 11,
667 1708 753 1749 284;
780 1707 843 1744 Sil.
869 1708 966 1749 VIII,
994 1708 1081 1750 500;
1107 1708 1214 1753 Apul.
1240 1710 1331 1743 met.
1357 1707 1384 1749 L
1411 1708 1445 1742 3.

259 1773 340 1809 448.
390 1772 516 1808 Etiam
540 1773 692 1808 umbras
717 1784 830 1818 saepe
855 1773 1013 1819 legimus
1031 1773 1202 1808 cantibus
1228 1772 1365 1818 agitari
1390 1774 1430 1808 et
1446 1773 1651 1814 sollicitari,

163 1833 210 1867 nt
234 1832 300 1868 Ον.
325 1835 415 1869 met.
440 1833 525 1873 VH,
552 1832 639 1874 206;
665 1833 776 1878 Verg.
794 1833 885 1868 Aen.
910 1833 975 1873 IV,
1000 1832 1087 1875 490;
1112 1832 1188 1868 Tib.
1214 1833 1243 1867 I.
1270 1832 1303 1873 2,
1329 1832 1376 1866 45
1401 1843 1496 1878 seq.;
1522 1831 1651 1867 Claud.

165 1890 207 1927 in
230 1891 316 1928 Ruf.
341 1891 371 1934 1,
399 1891 477 1926 154.

259 1951 340 1986 449.
388 1952 595 1996 virginitate
618 1951 832 1986 tremendam
863 1952 967 1986 recte
991 1962 1031 1986 se
1072 1951 1205 1986 habet:
1244 1950 1387 1995 grande
1425 1949 1526 1985 enim
1562 1960 1655 1995 opus

165 2010 319 2046 molitur
341 2010 446 2051 Iuno,
481 2022 565 2045 cum
587 2010 771 2055 virginem
796 2021 871 2045 non
896 2010 1017 2044 minus
1033 2010 1176 2054 pudore
1193 2009 1366 2054 virginali
1380 2020 1492 2054 quam
1506 2008 1656 2054 magica

164 2070 249 2106 arte
273 2080 428 2115 gravem
453 2072 491 2105 et
515 2069 741 2105 horrendam
765 2070 919 2104 conetur
945 2068 1143 2104 conciliare
1168 2068 1248 2104 viro
1272 2068 1483 2114 peregrino.

259 2128 341 2165 452.
392 2127 449 2163 De
474 2128 605 2173 quippe
628 2127 836 2173 particulae
863 2127 1108 2162 collocatione
1134 2127 1207 2164 vid.
1233 2127 1282 2162 ad
1307 2126 1335 2162 l.
1361 2126 1442 2163 699.

261 2193 343 2231 453.
390 2192 528 2228 Versus
565 2192 675 2227 valde
716 2193 919 2237 suspectus,
961 2203 1044 2227 cum
1084 2203 1160 2228 non
1200 2192 1320 2227 solum
1345 2192 1657 2228 constructionem

167 2252 367 2288 verborum
389 2252 529 2292 turbet,
568 2251 635 2287 sed
661 2251 776 2287 etiam
801 2251 850 2286 ad
881 2251 1104 2287 sententiam
1144 2262 1218 2286 non
1256 2251 1559 2287 accommodatus
1596 2251 1655 2286 sit.

167 2310 253 2347 Non
277 2311 375 2347 enim
400 2311 490 2346 ferri
509 2313 642 2356 potest,
681 2311 780 2357 quod
804 2310 908 2356 virgo
937 2310 1156 2356 virginitate
1191 2310 1390 2346 tremenda
1414 2310 1543 2356 paucis
1574 2322 1657 2346 ver-

168 2369 270 2406 sibus
309 2371 396 2416 post
429 2370 571 2405 nullum
609 2369 715 2405 nefas
753 2370 969 2405 horrescere
1006 2369 1152 2420 dicitur,
1195 2370 1261 2405 sed
1301 2370 1416 2405 etiam
1455 2371 1536 2404 tum
1574 2371 1657 2405 erat

169 2428 308 2465 Medea
330 2429 437 2475 virgo
474 2441 625 2475 prorsus
661 2429 806 2474 pudica,
845 2430 959 2469 casta,
998 2429 1047 2464 ab
1086 2428 1185 2464 omni
1220 2429 1360 2464 scelere
1398 2428 1656 2469 remotissima,

174 2487 240 2525 cfr.
266 2488 315 2524 ad
338 2489 383 2528 V.
406 2488 487 2524 330.

262 2547 347 2584 455.
395 2547 669 2584 Nax-rationem.
713 2558 808 2592 quae
848 2547 924 2582 iam
964 2547 1140 2592 sequitur,
1197 2546 1244 2582 de
1285 2546 1426 2582 Iunone
1470 2546 1659 2591 cingulum

166 2605 321 2643 Veneris
344 2606 532 2652 magicum
555 2607 712 2652 petente
736 2605 906 2642 Valerius
932 2606 1114 2652 expressit
1140 2617 1184 2641 ex
1209 2606 1317 2641 Hom.
1354 2605 1398 2641 Il.
1425 2605 1522 2649 XIV,
1561 2604 1646 2646 188;

175 2665 290 2702 etim
326 2665 426 2711 apud
461 2664 663 2700 Homerum
700 2663 792 2700 Iuno
829 2664 1023 2701 mendacio
1058 2676 1126 2700 usa
1162 2675 1290 2700 veram
1327 2664 1465 2709 cinguli
1501 2658 1659 2709 petendi

179 2734 331 2760 causam
355 2724 464 2760 celat.
514 2724 667 2759 Prorsus
693 2723 803 2759 aliter
828 2724 1044 2769 Apollonius
1079 2724 1334 2759 narrationem
1359 2723 1532 2758 instituit.
1559 2722 1660 2767 apud
