1890 3100
193 179 281 222 448
718 176 754 212 C.
782 177 962 212 VALERI
989 177 1163 213 FLACCI

300 309 380 334 non
408 296 547 348 pudor,
579 301 619 334 at
649 302 786 335 contra
814 297 914 335 levis
945 302 985 336 et
1014 296 1161 335 festina
1190 296 1333 349 cupido

301 361 542 414 adfatusque
572 361 666 400 mali
696 361 905 415 dulcisque
934 362 1163 401 labantibus
1194 375 1303 401 error

301 433 342 465 et
369 433 499 466 metus
531 433 571 466 et
600 427 764 466 demens
795 428 915 467 alieni
945 442 1040 466 cura
1067 427 1220 480 pericli.

303 492 444 531 ‘omne’
477 493 531 530 ait
561 493 781 545 ‘imperium
811 498 1075 545 natorumque
1106 506 1215 531 arma
1242 506 1422 531 meorum
1686 502 1741 533 4⁷5

302 563 445 596 cuncta
474 557 587 606 dedi3
619 571 892 611 quascumque
921 558 1021 596 libet
1048 572 1155 596 nunc
1183 563 1352 596 concute
1380 558 1560 597 mentes’.

356 623 542 675 Cingitur
571 624 724 662 arcanis
756 624 944 662 Saturnia
971 624 1080 662 laeta
1108 624 1307 671 venenis„

304 694 425 741 atque
453 689 546 727 hinc
574 690 780 741 virgineae
810 690 921 727 venit
950 689 1001 728 ad
1028 689 1253 741 penetralia
1283 688 1388 727 sedis

307 753 555 806 Chalciopen
582 755 737 793 imitata
766 768 863 793 sono
891 755 1099 806 formaque
1130 768 1316 793 sororem.

303 819 415 858 fulsit
445 820 494 858 ab
523 820 648 858 invita
676 820 812 858 lumen
839 820 990 871 procul,
1023 826 1062 858 et
1091 833 1216 872 pavor
1244 825 1352 858 artus
1690 822 1745 852 480

303 885 483 938 protinus
513 891 635 937 atque
663 886 806 936 ingens
835 884 1010 924 Aeetida
1037 885 1208 937 perculit
1235 886 1385 924 horror.

307 955 415 1002 ‘ergo
444 965 519 989 nec
548 951 695 1002 ignotis
723 951 884 1002 Minyas
913 951 991 988 huc
1019 950 1217 989 fluctibus’
1248 951 1377 1003 inquit

308 1016 546 1064 ‘advenisse‚
577 1029 698 1063 soror,
729 1029 805 1054 nec
833 1021 969 1053 nostro
1000 1015 1087 1054 sola
1114 1016 1271 1067 parenti

307 1083 384 1120 scis
415 1081 543 1119 socias
573 1081 752 1119 iunxisse
781 1079 949 1119 manus?
979 1086 1019 1119 at
1048 1087 1182 1119 cetera
1210 1094 1343 1119 muros

306 1146 424 1184 turba
451 1150 564 1184 tenet
591 1145 816 1197 fruiturque
844 1145 972 1183 virum
1003 1145 1242 1185 caelestibus
1272 1146 1402 1194 armis,
1692 1155 1746 1185 485

200 1272 349 1317 τριτάτην
374 1272 530 1316 θάμβησε
560 1272 655 1307 πάλιν
684 1273 806 1317 χρυσῆν
836 1269 1035 1316 Ἀφροδίτην
1068 1272 1169 1315 Φάρεῖ
1197 1271 1319 1307 κόλπον
1350 1267 1488 1318 ἔχουσαν
1517 1269 1659 1308 ἐπίσκιον
1685 1282 1693 1291 ·

202 1330 287 1376 ἀμφὶ
312 1330 350 1366 δὲ
376 1334 488 1375 μαζοῒς
505 1330 632 1366 Κεστὸν
658 1328 721 1372 ἕλιξ
746 1331 941 1377 κεχάλαστο,
966 1331 1058 1376 χάρις
1081 1327 1111 1365 δ’
1132 1328 1300 1377 ἐνενήχετο
1325 1334 1448 1376 κεστῷ;
1474 1330 1585 1376 atque
1612 1342 1695 1366 cum

202 1390 273 1425 hae
299 1389 551 1435 descriptione
578 1400 755 1434 compara
781 1389 936 1424 Veneris
961 1388 1163 1434 imaginem
1201 1389 1312 1424 simili
1337 1390 1473 1425 ornatu
1509 1389 1694 1435 insignem

203 1449 304 1495 apud
329 1449 514 1484 Mueller-
527 1448 642 1485 Wies.
663 1460 823 1484 monum.
839 1449 888 1494 II,
907 1448 962 1490 26,
989 1448 1068 1483 289.
1110 1448 1192 1483 Iam
1205 1448 1448 1494 intellegitur,
1467 1460 1540 1494 qua
1552 1449 1698 1486 ratione

202 1508 352 1544 Valerio
379 1509 449 1543 hoc
476 1508 665 1552 cingulum
704 1508 818 1543 etiam
851 1509 979 1543 monile
1003 1507 1195 1543 nominare
1228 1508 1375 1544 licuerit
1399 1507 1498 1543 infra
1537 1520 1570 1545 v.
1609 1508 1696 1543 668:

206 1567 344 1603 etenim
355 1567 493 1603 monile
505 1578 648 1612 quoque
664 1567 711 1602 ab
727 1567 822 1603 collo
837 1567 886 1601 ad
897 1568 1029 1612 pectus
1043 1567 1232 1602 interdum
1246 1567 1497 1613 dependebat,
1512 1567 1578 1603 cfr.
1592 1567 1697 1605 Paul.

204 1626 286 1663 Nol.
314 1626 413 1670 XXI,
442 1627 486 1660 74
512 1637 633 1671 seqq:
660 1638 749 1671 quae
774 1629 948 1672 (sorores)
974 1627 1080 1661 simul
1104 1627 1296 1662 adstrictae
1321 1627 1452 1662 divinis
1469 1627 1609 1662 dotibus
1624 1638 1698 1661 am-

206 1687 270 1722 bae
292 1686 471 1728 Virtutum
496 1687 620 1721 varias
643 1689 684 1720 ut
707 1686 789 1721 viva
804 1686 991 1721 monilia
1007 1697 1161 1731 yemmas
1179 1686 1362 1721 Mentibus
1380 1687 1526 1721 excultis
1543 1686 1699 1731 specioso

201 1749 381 1791 pectore
403 1749 554 1791 gaes-tant.
597 1745 855 1781 Christodorus
880 1744 995 1790 igitur
1020 1757 1095 1780 non
1118 1745 1259 1790 primus
1285 1745 1368 1791 fuit,
1394 1745 1457 1791 qui
1473 1746 1589 1782 κεστὸν
1615 1756 1700 1780 con-

207 1804 308 1840 fudit
326 1816 409 1840 cum
425 1804 565 1851 monili,
583 1804 681 1850 quod
697 1805 832 1850 putare
850 1804 999 1840 videtur
1017 1804 1127 1840 Klein
1145 1816 1229 1840 ann.
1248 1804 1366 1841 instit.
1387 1805 1486 1840 arch.
1503 1803 1606 1851 1894,
1619 1803 1700 1842 250.

305 1876 387 1912 472.
437 1876 584 1920 cupid0;
606 1874 720 1921 ἵμερος
746 1876 847 1921 apud.
873 1875 979 1911 Hom.

303 1947 383 1983 473.
435 1947 599 1990 adfatu8;
625 1949 803 1993 πάρφασις.

305 2018 386 2054 475.
435 2022 602 2054 natorum
626 2030 730 2053 arma
753 2029 909 2053 meorum.
933 2022 1061 2053 cuncta
1086 2018 1183 2053 dedi:
1222 2018 1332 2053 tanta
1357 2017 1471 2063 igitur
1503 2018 1558 2053 vis
1595 2017 1701 2054 unius

210 2078 309 2113 illius
335 2077 474 2123 cinguli
501 2079 568 2122 est,
594 2079 736 2124 quanta
760 2077 924 2113 omnium
950 2089 1102 2113 arcuum
1130 2076 1359 2122 Cupidinum.

306 2150 387 2186 477.
437 2151 594 2195 cinyitur
631 2171 675 2177 —
704 2151 865 2192 venenis;
904 2161 1051 2186 venena
1082 2149 1172 2186 licet
1214 2149 1339 2185 dicere
1365 2161 1492 2186 omnes
1529 2160 1588 2185 res
1625 2148 1704 2185 acri

213 2209 251 2245 vi
275 2209 479 2255 praeditas,
506 2211 549 2244 ut
575 2209 640 2245 Ov.
667 2210 808 2246 remed.
834 2209 920 2252 3513
947 2210 1057 2254 Verg.
1084 2220 1211 2254 georg.
1238 2209 1285 2250 ΙΙ,
1311 2208 1398 2256 465;
1436 2208 1527 2245 Α611.
1553 2207 1583 2254 Ι,
1614 2207 1703 2247 688:

213 2268 290 2315 VH,
315 2268 401 2312 3543
427 2268 515 2304 Hor.
544 2280 600 2314 ep.
627 2269 672 2315 II,
699 2269 732 2316 1,
757 2269 847 2314 2073
874 2268 937 2304 Sil.
963 2268 1027 2311 III,
1054 2268 1140 2314 5803
1165 2268 1242 2314 VH,
1269 2267 1349 2304 453.

309 2339 391 2376 480.
441 2350 570 2375 numen
598 2340 696 2385 Vat„
736 2341 854 2376 lumen
877 2339 983 2388 Pius3
1024 2351 1249 2387 quamquam
1280 2339 1389 2375 dea-m
1425 2349 1465 2375 se
1503 2349 1583 2375 esse
1608 2338 1701 2375 Iuno

217 2399 486 2446 dissimulabat,
527 2400 657 2435 tamen
681 2399 808 2436 lumen
834 2400 1000 2436 divinum
1026 2400 1074 2435 ab
1106 2411 1152 2436 63
1189 2410 1278 2435 sane
1314 2399 1434 2434 11117113
1475 2397 1591 2444 fulsit,
1633 2409 1705 2443 quo

215 2458 352 2495 Medea
376 2470 518 2504 pavore
543 2458 713 2494 afficitur.

311 2530 394 2568 485.
444 2529 565 2576 Saepe
589 2529 650 2565 hic
674 2541 754 2565 mos
771 2529 969 2566 mulierum
995 2530 1034 2565 et
1058 2541 1188 2565 senum
1214 2528 1369 2574 apoetis
1385 2529 1705 2571 commemoratur,

217 2590 260 2625 u‘fi
286 2589 392 2627 Hom.
418 2589 462 2626 Il.
488 2589 553 2636 ΠΙ,
579 2589 665 2635 150;
690 2590 778 2625 Hor.
807 2600 836 2626 e.
863 2589 928 2631 m,
955 2591 988 2635 2,
1014 2589 1036 2623 6
1055 2600 1173 2634 seqq.;
1201 2587 1266 2624 Ov.
1293 2588 1382 2624 met.
1406 2587 1505 2635 VIII,
1531 2587 1594 2632 193
1619 2587 1707 2625 Luc.

217 2648 297 2692 VII,
324 2649 395 2684 370
419 2660 519 2696 seqq.
547 2649 593 2686 al.
