1890 3100
533 267 920 305 ARGONAVTICON
943 266 1091 302 LIBER
1114 266 1183 301 ΠΙ.
1547 267 1632 310 251

262 402 461 427 remorum
489 401 611 427 sonus
639 393 680 426 et
705 387 839 425 laetae
868 385 1080 424 concordia
1105 385 1227 423 vocis.

261 454 443 506 Iuppiter
468 457 706 504 urguentem
733 464 809 490 ceu
838 464 991 489 summa
1019 449 1228 495 Ceraunia,
1246 449 1395 488 nubem
1635 462 1693 491 465

264 532 355 557 cum
380 517 535 570 pepulit
561 517 763 568 movitque
791 516 907 567 iugis,
936 515 1087 553 fulsere
1114 519 1282 566 repente

263 590 305 623 et
331 596 495 622 nemora
521 588 563 622 et
590 581 743 633 scopuli
769 580 1000 633 nitidusque
1027 579 1232 619 reducitur
1259 579 1416 618 aether:

265 650 322 687 sic
350 649 469 687 animi
495 647 652 686 rediere
679 647 787 693 viris,
815 647 975 698 iamque
1003 646 1090 697 ipse
1118 646 1310 696 magister

261 719 376 752 nutat
404 713 453 752 ab
482 726 574 751 arce
601 713 708 759 ratis,
738 712 939 763 remisque
966 711 1152 749 insistere
1179 709 1362 749 tendunt.

260 779 483 817 instaurant
507 778 624 830 primi
652 777 869 815 certamina
896 775 1000 814 liber
1027 776 1175 814 amictu
1633 776 1690 805 4⁷0

0 891 3 896 Ι
263 844 444 895 Eurytus
472 849 514 881 et
541 842 656 880 dictis
685 842 803 880 Talai
830 854 911 879 non
938 842 1099 880 territus
1127 840 1240 889 Idas3

0 898 10 970 ἐξ
261 908 355 947 inde
383 907 451 946 alii
477 908 717 959 increpitant
745 912 866 959 atque
895 919 1071 958 aequora
1097 911 1260 958 pectore
1288 906 1445 944 tollunt.

8 972 9 977 ’
261 986 335 1025 par
362 973 514 1024 gemitu
540 973 740 1024 pulsuque
767 972 892 1019 labor,
921 985 1162 1024 versumque
1190 972 1367 1010 vicissim

156 1074 251 1109 lecto.
301 1072 403 1109 Serv.
430 1073 479 1108 ad
501 1073 614 1118 Verg.
640 1072 732 1108 Aen.
765 1072 793 1113 Ι,
835 1071 904 1107 708
940 1076 1056 1107 torum
1093 1072 1256 1117 explicat
1290 1072 1448 1107 herbam
1482 1073 1639 1118 tortam3

156 1143 246 1168 sane
269 1143 419 1178 prorsus
443 1131 550 1177 falso,
575 1132 607 1166 si
631 1131 679 1167 ad
702 1131 808 1166 illum
831 1131 988 1176 Vergilii
1012 1131 1134 1166 locum
1150 1131 1313 1176 respicis,
1339 1131 1406 1166 sed
1422 1131 1508 1167 vide
1526 1131 1640 1167 etiam

155 1190 251 1227 Non.
275 1203 311 1237 p.
339 1191 382 1226 11
410 1192 449 1226 et
472 1191 561 1225 Isid.
587 1190 679 1235 orig.
706 1190 787 1233 XX,
814 1191 846 1224 1.

251 1249 332 1288 464.
380 1250 567 1295 concordia
591 1251 686 1285 vocis
709 1261 759 1286 sc.
786 1249 941 1295 Orphei,
978 1249 1047 1286 cfr.
1076 1249 1106 1291 Ι,
1131 1250 1202 1284 471
1232 1261 1326 1295 seq.;
1359 1251 1416 1285 est
1446 1261 1519 1285 vox
1549 1261 1642 1285 sono

157 1321 346 1346 remorum
370 1321 533 1346 concors.

253 1368 334 1403 465.
383 1368 441 1404 De
465 1368 743 1413 comparatione
769 1367 837 1405 cfr.
861 1368 966 1404 Hom.
991 1368 1035 1403 Il.
1061 1367 1159 1413 XVI,
1184 1367 1253 1403 297
1279 1379 1380 1414 seqq.

251 1426 332 1463 469.
357 1427 524 1463 obsistere
535 1427 618 1462 tend
624 1427 720 1469 Vat..
732 1428 899 1463 obsistere
910 1428 1022 1463 tendit
1034 1427 1151 1463 ceteri
1165 1427 1399 1463 codd.Verba
1410 1427 1553 1463 tradita
1566 1439 1643 1463 non

159 1486 234 1522 alia.
248 1486 394 1522 ratione
419 1486 598 1532 explicari
620 1498 730 1532 posse
753 1488 845 1532 puto
868 1488 982 1532 atque
999 1486 1088 1522 fecit
1104 1486 1271 1522 Dureau:
1296 1488 1376 1522 tam
1396 1487 1643 1522 vehementer

160 1543 347 1582 remorum
368 1545 479 1591 pulsu
503 1557 719 1581 concussam
745 1547 783 1581 et
806 1545 1026 1591 promotam
1058 1557 1138 1582 esse
1174 1557 1320 1587 navem,
1357 1547 1401 1581 nt
1425 1546 1565 1592 Tiphys
1602 1546 1644 1581 in

159 1604 248 1641 sede
272 1615 340 1640 sua
363 1604 463 1640 celsa
486 1606 622 1640 nutare
645 1605 826 1650 inciperet
851 1606 890 1641 et
915 1606 1046 1640 contra
1060 1605 1246 1645 tenderet,
1264 1616 1312 1640 ne
1329 1606 1419 1641 sede
1437 1605 1643 1642 decideret.

158 1663 235 1700 Sed
256 1664 327 1700 hoc
347 1663 539 1700 Valerium
563 1664 687 1699 dicere
711 1664 870 1700 voluisse
896 1675 980 1699 cum
1010 1664 1162 1700 minime
1187 1664 1366 1700 credibile
1400 1665 1460 1705 sit,
1493 1665 1645 1700 tendunt

159 1722 290 1769 scripsi
314 1721 576 1759 Schenkelium
599 1724 747 1759 secutus
773 1724 813 1759 et
836 1724 998 1759 insistere
1023 1735 1107 1759 cnm
1130 1723 1197 1759 Ph.
1223 1724 1415 1769 Wagnero
1433 1723 1565 1759 Philol.
1584 1723 1641 1765 20,

159 1781 240 1818 637.
287 1781 408 1817 Nntat
433 1783 559 1818 autem
582 1782 722 1828 Tiphys
747 1782 796 1817 ad
820 1782 938 1818 socios
967 1782 1189 1824 incitandos,
1223 1794 1342 1828 neque
1374 1782 1525 1824 frustra,
1559 1794 1642 1818 cum

161 1840 291 1876 stetim
316 1841 546 1877 contendant
568 1841 680 1877 remis
704 1841 885 1877 insistere.

253 1899 334 1936 470.
382 1900 590 1935 immarcmt
624 1902 835 1935 certamina:
874 1902 1012 1946 parant
1038 1901 1291 1946 exordiuntur,
1328 1901 1382 1936 sic
1424 1902 1508 1937 inst.
1552 1901 1644 1937 diem

159 1959 272 2004 Verg.
297 1961 390 1994 Aen.
414 1958 476 2000 IV,
502 1959 549 1994 63
574 1960 613 1995 et
636 1959 731 1995 Stat.
758 1959 874 1995 Theb.
899 1960 950 2004 Π,
967 1959 1034 2007 88;
1058 1971 1198 1995 mensas
1222 1959 1285 1995 Sil.
1310 1960 1372 2002 XL
1398 1960 1486 2008 4213
1503 1961 1645 1997 tunicas

159 2017 252 2054 Plin.
277 2018 355 2054 nat.
380 2017 466 2054 hist.
492 2017 556 2063 XI,
584 2019 646 2064 773
672 2023 896 2054 monumenta
920 2019 1052 2060 XXXI,
1079 2019 1118 2066 63
1145 2020 1254 2064 dapes
1272 2019 1399 2055 Claud.
1425 2021 1522 2065 rapt.
1539 2020 1643 2057 Pros.

161 2075 235 2118 111,
259 2076 340 2113 216.

257 2136 339 2174 471.
392 2136 540 2171 Talaum
564 2136 673 2182 fingit
696 2138 811 2182 poeta
835 2137 1014 2173 nonnulla
1039 2137 1174 2173 dixisse
1200 2138 1249 2173 ad
1272 2137 1505 2174 irridendum
1522 2138 1640 2178 Idam,

120 2190 125 2194 ’
162 2194 263 2240 quod
285 2194 414 2240 Euryti
440 2195 579 2230 viribus
604 2207 679 2231 non
702 2207 773 2240 pax·
798 2197 906 2237 esset,
933 2196 994 2241 qui
1018 2195 1126 2232 fortis
1152 2196 1375 2232 describitur
1398 2196 1427 2238 L
1452 2196 1532 2232 439.

78 2276 86 2296 ἦ
257 2253 337 2288 472.
387 2255 620 2299 increpitant:
658 2256 875 2300 provocant,
902 2255 1160 2296 adhortantur,
1186 2257 1229 2290 ut
1255 2255 1365 2301 Verg.
1389 2257 1482 2292 Aen.
1507 2255 1535 2298 L
1554 2256 1641 2303 7383

162 2309 225 2347 Sil.
250 2311 319 2354 ΠΙ,
346 2313 430 2354 14Ο;
471 2313 534 2355 IV,
560 2313 646 2355 5OE;
691 2313 754 2349 XI.
782 2314 839 2350 72.

21 2398 26 2419 3
90 2410 94 2411 ⁷
250 2375 394 2417 pedore
416 2372 582 2408 breviter
607 2383 726 2418 neque
749 2373 901 2418 proprie
926 2373 1067 2409 dictum
1091 2385 1160 2419 pro
1186 2385 1230 2410 eo
1256 2374 1355 2419 quod
1381 2376 1438 2410 est
1454 2385 1639 2410 remorum

23 2431 29 2455 '-
164 2430 305 2476 capulis
329 2431 379 2466 ad
402 2433 538 2477 pectus
559 2431 731 2467 admotis.

24 2484 28 2521 ἕ
79 2487 98 2534 ‚j
256 2489 334 2525 473.
379 2501 453 2535 par
467 2492 598 2536 qemitu
612 2492 785 2536 pulsuque
804 2492 923 2537 labor,-
939 2492 1081 2538 gemitu
1099 2494 1139 2528 et
1153 2493 1262 2538 pulsu
1279 2493 1426 2528 dativos
1442 2493 1640 2538 intellego:

14 2568 31 2591 ι
164 2546 273 2584 labor
295 2559 413 2594 aeque
437 2560 594 2595 magnus
621 2551 678 2586 est
703 2551 816 2595 atque
842 2562 896 2592 ea,
922 2562 1017 2596 quae
1042 2551 1110 2587 sub
1137 2563 1244 2588 aures
1270 2554 1309 2588 et
1334 2552 1459 2588 oculos
1485 2552 1639 2587 cadunt:

14 2588 42 2658 ιζ
166 2606 324 2652 gemitus
347 2608 509 2654 pectoris
536 2608 656 2644 editus
681 2608 719 2644 in
750 2609 969 2655 remigando
1001 2611 1040 2646 et
1069 2610 1193 2656 pulsus
1224 2622 1410 2647 remorum
1438 2611 1640 2655 marisque;

18 2683 19 2686 =
46 2663 57 2714 ss.
75 2668 100 2715 J,
167 2663 215 2700 de
238 2666 380 2711 gemitu
402 2666 441 2702 in
466 2667 542 2702 acri
567 2667 806 2709 contentione
830 2668 961 2704 virium
987 2680 1032 2704 ex
1055 2671 1210 2714 pectore
1236 2670 1337 2705 edito
1355 2669 1422 2705 cfr.
1443 2669 1516 2704 Cic.
1534 2669 1640 2704 Tusc.

166 2721 215 2765 H,
232 2723 279 2759 56
295 2726 437 2770 χωρίζω
451 2736 532 2762 vero
549 2727 653 2761 etiam
669 2737 746 2761 cum
761 2726 897 2769 feriunt
922 2728 1178 2773 adversarium,
1203 2730 1243 2764 in
1267 2729 1444 2764 iacta-ndis
1468 2728 1642 2764 caestibus
