1890 3100
165 159 252 202 264
688 156 725 192 c.
751 156 932 191 VALERI
958 156 1132 192 FLAcol

271 290 351 314 vox
379 276 476 314 mihi
505 276 692 314 mentitas
723 276 858 315 tulerit
886 277 1078 315 Parnasia
1107 282 1246 323 sortes,

275 342 432 393 agmine
464 341 512 380 de
541 347 652 380 tanto
685 342 834 380 socium
865 343 932 394 qui
956 342 1151 380 maximus
1181 342 1300 380 armis

274 406 439 454 adforet,
469 407 576 445 hunc
603 407 711 445 Iovis
740 407 914 459 imperiis
943 407 1105 459 fatoque
1134 407 1262 445 teneri
1650 405 1704 435 620

275 477 368 510 ante
397 471 668 524 procellosum
699 473 874 524 scopulis
905 472 1128 511 errantibus
1159 486 1318 524 aequor.

276 537 448 576 necdum
476 537 584 576 fama
610 538 686 576 viri
714 551 790 576 nec
820 539 963 576 certior
993 538 1122 577 extitit.
1153 543 1301 576 auctor.

272 616 411 641 verum
441 603 546 654 agite
577 608 627 650 et,
659 602 788 642 dubiis
817 604 973 642 variant
1002 604 1095 656 quia
1122 610 1286 655 pectora
1315 603 1429 650 curis,

276 667 472 706 consulite
503 674 553 716 et,
584 669 701 707 motis
735 682 806 707 seu
834 682 906 707 vos
935 669 1001 707 via
1028 669 1186 706 flatibus
1215 674 1370 719 urguet,

273 733 429 784 pergite
459 739 500 772 et
527 734 708 785 inceptos
742 747 898 772 mecum
926 739 1113 772 revocate
1142 733 1313 780 labores,
1660 743 1714 773 625

278 811 350 837 seu
378 799 502 850 pluris
531 799 704 837 tolerare
736 812 866 837 moras
896 812 1114 851 rursusque
1142 799 1375 851 propinquis

276 865 524 916 quaesivisse
553 865 668 915 iugis,
701 865 873 916 pretium
902 865 999 902 haut
1027 864 1118 903 leve
1149 865 1337 916 temporis
1368 864 1468 903 acti.'

279 929 451 977 dixerat3
484 936 524 968 et
553 930 694 968 studiis
726 929 957 967 iamdudum
985 929 1089 968 freta
1116 931 1302 968 iuventus

277 1001 362 1033 orat
390 995 490 1033 inire
519 996 624 1043 vias;
655 1009 778 1033 unum
806 1001 917 1033 tanto
948 995 1057 1033 afore
1088 1001 1216 1042 coetu,

275 1073 351 1098 nec
380 1061 509 1098 minus
538 1061 579 1098 in
609 1073 700 1099 sese
731 1061 890 1111 generis
922 1060 1163 1112 dextrasque
1192 1066 1377 1112 potentes
1662 1069 1717 1100 630

264 1191 344 1226 618.
394 1202 463 1226 voa:
488 1192 672 1226 Parnasia
706 1193 763 1226 est
787 1203 859 1226 vox
894 1191 1074 1237 Apollinis
1100 1191 1289 1237 Delphici:
1324 1192 1432 1238 optat
1463 1191 1586 1234 Iason,
1620 1192 1664 1226 ut

173 1250 363 1286 oraculum
390 1250 437 1286 de
461 1250 622 1286 Hercule
648 1250 780 1286 relicto
807 1251 938 1286 datum
971 1250 1107 1286 falsum
1142 1251 1205 1293 sit;
1244 1251 1322 1287 tale
1354 1251 1546 1286 oraculum
1572 1250 1663 1286 alias

173 1321 247 1345 non
280 1311 548 1346 commemorat
582 1311 707 1356 poeta,
745 1310 817 1345 nisi
850 1310 949 1355 quod
980 1310 1131 1356 Mopsus
1161 1310 1335 1356 Apolline
1365 1310 1496 1356 plenus
1530 1310 1559 1352 I,
1594 1309 1664 1345 218

169 1369 290 1414 Hylae
316 1371 468 1415 raptum
494 1370 659 1405 obscuris
685 1370 810 1406 verbis
834 1370 969 1415 tangit,
1010 1370 1076 1406 sed
1112 1369 1178 1406 cfr.
1214 1370 1262 1405 ad
1293 1369 1320 1412 Ι,
1348 1370 1427 1407 544.
1477 1381 1497 1406 ο
1527 1371 1666 1405 utinam

171 1450 215 1454 —
241 1430 378 1476 tulerit;
418 1430 658 1474 exspectatur
684 1430 820 1465 tulisset
826 1443 838 1474 ;
876 1430 916 1464 at
955 1429 1020 1465 cfr.
1060 1429 1129 1464 654
1163 1440 1225 1464 ceu
1250 1450 1294 1456 -—
1319 1433 1503 1472 'maneant3
1541 1429 1664 1464 Plaut-

174 1489 272 1525 Men.
299 1488 368 1523 295
388 1489 543 1534 pem'eris
568 1488 604 1533 (i.
632 1500 661 1524 e.
690 1488 838 1523 utinam
862 1488 1068 1535 periisses);
1095 1488 1179 1525 Ter.
1205 1488 1318 1524 Andr.
1346 1488 1416 1524 463
1440 1490 1577 1524 utinam
1603 1492 1667 1524 aut

174 1548 232 1584 hic
254 1548 388 1583 smdus
413 1552 475 1583 aut
500 1549 587 1583 haec
610 1552 710 1583 muta
732 1548 832 1591 faeta
856 1550 913 1584 sit.

269 1607 350 1644 619.
399 1609 576 1643 maximus
601 1609 729 1644 armis:
755 1609 865 1652 Verg.
894 1608 985 1644 Aen.
1012 1607 1059 1649 ΙΙ,
1086 1607 1166 1643 339.

269 1667 348 1702 622.
399 1667 511 1703 Iason
543 1667 634 1702 dicit
669 1668 820 1703 oraculo
853 1679 891 1703 se
924 1667 1076 1703 doctum
1109 1678 1199 1709 esse,
1246 1667 1325 1703 fore
1358 1668 1401 1702 ut
1432 1667 1479 1702 ab
1505 1667 1666 1703 Hercule

176 1727 422 1769 desereretur,
450 1727 516 1763 sed
548 1738 670 1772 neque
703 1726 806 1762 fama
837 1738 958 1772 neque
991 1728 1144 1762 auctore
1180 1727 1339 1763 certiore
1372 1728 1553 1769 constare,
1591 1726 1667 1762 iam

177 1797 220 1822 eo
244 1786 326 1832 ipso
351 1787 522 1832 tempore
547 1787 618 1822 hoc
644 1786 834 1823 accidisse.

270 1846 350 1883 623.
401 1847 495 1891 agite
512 1850 544 1881 et
562 1867 605 1872 —
624 1847 810 1888 consulite;
836 1846 1023 1892 particula
1041 1846 1171 1881 addita
1183 1847 1335 1892 praeter
1350 1845 1665 1888 consuetudinem,

177 1906 244 1942 sed
270 1905 336 1942 cfr.
363 1905 473 1951 Verg.
500 1905 593 1943 Aen.
618 1906 661 1947 V,
688 1905 734 1941 58
761 1906 856 1952 ayite
888 1910 928 1941 et
965 1907 1094 1941 laetum
1119 1907 1236 1941 cuncti
1260 1906 1466 1941 celebremus
1490 1906 1666 1941 honorem,

175 1965 320 2000 vam'unt
345 1968 406 2010 qui
430 1965 525 2007 Vat„
562 1966 709 2001 variant
733 1967 818 2010 quia
842 1965 1030 2013 Heinsius3
1070 1966 1201 2001 ἀτιόἱὶε
1220 1966 1366 2001 variant
1390 1969 1539 2010 pectora
1571 1965 1667 2000 euris

175 2025 295 2070 figura
321 2025 512 2070 enallages
539 2025 681 2060 dictum
708 2026 780 2061 est:
807 2025 958 2060 variant
984 2036 1096 2060 curae
1121 2025 1159 2060 in
1183 2026 1368 2071 pectore;·
1383 2024 1450 2060 cfr.
1469 2024 1518 2059 ad
1537 2024 1565 2071 1,
1584 2023 1664 2060 499.

271 2084 350 2120 626.
395 2085 516 2129 pluris
541 2096 588 2120 sc.
617 2086 684 2120 est.

270 2144 419 2179 tolerare
444 2165 488 2169 —-
514 2145 728 2189 quaesivisse
734 2158 746 2189 ‚·
794 2145 968 2190 tempora
1005 2143 1169 2179 variavit
1193 2143 1373 2186 Valerius,
1411 2144 1454 2178 ut
1484 2153 1570 2178 mox
1596 2141 1663 2178 681

175 2214 251 2248 seq.
278 2203 365 2238 dare
390 2224 433 2229 —-
461 2204 630 2239 lustrasse
636 2215 650 2245 ;
676 2203 759 2245 VII,
787 2203 856 2238 209
882 2204 1046 2239 dilexisse
1061 2225 1107 2230 —
1125 2203 1286 2249 reddere3
1315 2203 1361 2238 de
1385 2202 1486 2238 infin.
1504 2201 1666 2248 perfecti

178 2262 244 2298 cfr.
272 2263 321 2298 ad
346 2262 374 2304 Ι,
401 2262 481 2298 361.

271 2321 352 2358 627.
395 2323 554 2366 pretium
590 2322 690 2357 haud
725 2323 796 2357 leve
821 2324 988 2367 temporis
1013 2324 1084 2358 aeti
1116 2333 1196 2358 esse
1223 2321 1314 2357 dicit
1338 2321 1458 2362 Iason,
1486 2320 1572 2366 quia
1599 2320 1663 2355 ali-

177 2393 288 2427 quam
327 2383 457 2417 tamen
498 2382 615 2417 habet
653 2392 773 2427 spem,
817 2381 898 2418 fore
938 2383 981 2416 ut
1018 2374 1217 2417 Herculem
1255 2380 1412 2426 amplius
1450 2380 1665 2424 quaerendo

175 2441 333 2477 tandem
355 2441 559 2476 inveniant.

272 2500 351 2536 628.
401 2500 530 2535 studiis
568 2521 611 2526 --
647 2500 743 2542 freta
779 2502 943 2536 iuventus·
966 2501 989 2536 i.
1018 2512 1047 2537 e.
1075 2500 1175 2536 freta
1202 2511 1240 2536 se
1266 2500 1339 2535 suis
1366 2498 1497 2534 studiis
1524 2510 1663 2544 suoque

179 2560 314 2596 ardore
341 2559 618 2606 expeditionem
644 2560 693 2594 ad
718 2560 865 2595 felicem
892 2561 1031 2596 exitum
1055 2560 1333 2605 perducturam.

273 2618 353 2655 630.
404 2620 613 2665 damasque
631 2623 809 2663 potentes:
842 2619 952 2665 Verg.
979 2620 1070 2657 Aen.
1098 2619 1179 2661 VII,
1206 2619 1286 2654 234.
