1890 3100
227 214 312 257 248
772 213 808 249 C.
835 214 1016 250 VALERI
1041 215 1162 251 FLAC
1169 215 1215 251 CI

329 333 457 384 prima
483 333 632 384 pedum
661 333 905 386 glaucasque
936 335 1056 373 comis
1085 340 1323 387 praetexere
1352 335 1514 375 frondes

329 397 509 449 imperat,
540 399 633 437 hinc
662 399 742 437 alte
771 398 925 438 Phoebi
954 400 1153 451 surgentis
1183 399 1235 437 ad
1264 400 1400 439 orbem

328 462 433 501 ferre
462 477 602 502 manus
631 469 817 516 totosque
848 465 964 503 simul
991 465 1252 517 procumbere
1283 467 1442 516 campis.

329 534 424 566 tunc
453 529 592 580 piceae
621 535 844 568 mactantur
873 544 980 578 oves,
1011 537 1278 583 prosectaque
1306 533 1449 583 partim

327 599 499 645 tergora,
529 608 602 646 per
630 595 783 634 medios
812 602 966 647 partem
994 597 1097 648 gerit
1127 597 1266 635 obvius
1296 596 1449 636 Idmon.
1711 620 1765 649 440
1813 635 1816 639 .

326 664 389 698 ter
416 660 558 698 tacitos
589 673 709 712 egere
739 661 898 712 gradus,
930 667 991 700 ter
1018 663 1146 700 tristia
1174 668 1345 714 tangens

328 738 437 763 arma
467 725 583 763 simul
610 731 827 778 vestesque
856 727 984 765 virum
1012 727 1247 766 lustramina
1273 734 1396 780 ponto

324 803 429 842 pone
458 791 568 839 iacit;
598 791 745 843 rapidis
775 791 985 831 adolentur
1015 798 1148 831 cetera
1176 793 1354 832 flammis.

327 856 422 908 quin
451 857 570 894 etiam
598 862 758 895 truncas
788 870 995 896 nemorum
1024 858 1259 910 effigiesque
1288 859 1463 897 virorum

220 999 328 1034 cendi
360 999 512 1035 notione
545 999 657 1035 etiam
682 999 770 1035 Hor.
797 1000 866 1035 sat.
892 999 936 1041 H,
964 1000 996 1041 8,
1024 1000 1087 1044 523
1124 1000 1229 1036 Lucr.
1255 1002 1299 1043 V,
1328 1001 1435 1043 1104;
1475 1002 1586 1048 Verg.
1615 1005 1704 1039 Aen.

217 1058 281 1100 IX,
308 1059 355 1093 44
364 1072 371 1101 ;
400 1058 466 1094 Ov.
495 1070 566 1094 am.
593 1058 620 1100 I,
647 1059 679 1103 6,
706 1058 746 1101 8;
774 1059 866 1094 artis
892 1059 938 1100 II,
965 1059 1022 1095 65.

309 1130 389 1166 436.
439 1131 581 1166 vincula
605 1132 735 1167 solvere
761 1153 804 1157 —
824 1133 975 1176 prima
1000 1132 1180 1177 scriptum
1203 1144 1272 1177 pro
1298 1144 1342 1168 eo
1369 1133 1463 1178 quod
1486 1135 1542 1169 est
1557 1134 1707 1180 primo

214 1190 363 1225 vincula
388 1190 548 1233 solvere;
576 1190 642 1228 cfr.
668 1191 766 1226 infra
791 1191 877 1233 490;
905 1192 966 1236 IV,
994 1191 1078 1233 166;
1104 1191 1188 1233 VII,
1216 1191 1300 1234 172;
1327 1191 1408 1228 378.

309 1262 390 1298 437.
439 1262 634 1298 Precaturi
652 1262 836 1298 orientem
852 1274 980 1299 versus
1004 1274 1136 1298 manus
1149 1263 1370 1308 tendebant,
1390 1263 1457 1301 cfr.
1473 1265 1707 1311 Marquardti

216 1321 358 1366 antiqu.
384 1322 490 1357 Rom.
516 1321 578 1363 VI,
606 1322 674 1357 173
701 1323 829 1358 annot.
855 1322 888 1358 5.

309 1381 389 1416 438.
440 1382 589 1426 totisque
614 1381 710 1422 vat„
737 1386 894 1427 totosque
924 1381 1180 1427 Eyssenhardt
1212 1395 1303 1419 mus.
1331 1383 1449 1419 Rhcn.
1478 1384 1532 1427 17,
1569 1385 1656 1428 386;
1682 1386 1707 1420 i.

216 1451 247 1476 e.
272 1441 353 1476 toto
379 1452 545 1486 corpore.

308 1500 377 1535 439
391 1512 469 1545 sqq.
495 1501 623 1546 paullo
649 1501 839 1536 obscurius
872 1501 974 1536 dicta
1012 1505 1109 1546 sunt,
1147 1502 1373 1547 praesertim
1411 1514 1495 1537 cum
1538 1503 1706 1539 subiecta

215 1559 361 1604 saepius
386 1560 525 1594 mutari
551 1572 595 1596 ex
621 1560 810 1596 sententia
837 1561 986 1596 demum
1010 1560 1093 1606 ipsa
1129 1561 1426 1596 concludendum
1463 1562 1526 1596 sit:
1554 1563 1704 1608 Mopsus

217 1620 390 1664 prosecat
425 1620 573 1665 partem
610 1619 818 1655 hostiarum
851 1621 889 1655 et
925 1620 965 1655 in
1003 1620 1075 1655 aris
1111 1620 1229 1666 ponit,
1266 1621 1415 1666 partem
1451 1633 1519 1666 per
1557 1622 1706 1658 ordines

217 1678 519 1723 Argonautarum
545 1679 596 1715 eis
623 1679 772 1715 obviam
798 1680 919 1715 eundo
947 1680 1051 1724 quasi
1076 1679 1245 1715 minister
1263 1680 1384 1725 Mopsi
1409 1680 1541 1716 Idmon
1564 1682 1705 1726 portat,

217 1749 328 1782 quem
345 1738 581 1774 sacerdotem
599 1738 743 1774 Phoebi
768 1750 848 1774 esse
866 1739 1035 1774 Valerius
1062 1739 1210 1774 dixerat
1228 1739 1255 1778 I,
1282 1739 1362 1780 228,
1389 1740 1432 1774 ut
1448 1740 1598 1785 Mopsus
1624 1740 1705 1786 ipse

216 1798 280 1839 111,
313 1798 382 1832 372
414 1798 611 1833 Phoebeius
650 1799 688 1834 et
724 1798 794 1833 432
819 1799 948 1834 Delius
985 1799 1212 1845 nominatur3
1250 1800 1332 1834 tum
1363 1799 1604 1844 Argonautae
1645 1801 1706 1836 ter

216 1857 355 1892 circum
381 1868 465 1892 aras
491 1858 580 1893 eunt
608 1858 846 1903 euntiumque
874 1869 978 1893 arma
1004 1859 1043 1894 et
1067 1859 1191 1894 vestes
1217 1859 1367 1904 Mopsus
1394 1869 1439 1894 ea
1462 1860 1572 1904 parte
1598 1860 1703 1900 sacri,

200 1920 327 1961 'quam
365 1917 478 1952 antea
503 1917 635 1953 Idmon
671 1929 740 1963 per
776 1917 918 1953 medios
956 1919 1135 1963 gesserat,
1161 1907 1309 1963 tangit,
1343 1918 1507 1963 ‘denique
1544 1919 1641 1954 hanc
1666 1919 1704 1954 in

213 1977 370 2021 pontum
395 1976 487 2011 iacit
512 1977 744 2022 alteramque
769 1978 918 2022 partem
942 1977 981 2012 in
1007 1977 1081 2012 aris
1105 1977 1268 2023 positam
1295 1978 1449 2027 cremat.

307 2035 388 2070 440.
433 2040 582 2080 pectora
611 2036 703 2078 Van„
736 2040 876 2082 teryora
901 2037 1105 2072 Baehrens.

307 2095 388 2130 441.
439 2106 535 2140 eyere
557 2096 703 2141 yradus,
731 2096 806 2132 vid.
832 2096 881 2131 ad
906 2095 972 2137 III,
999 2096 1021 2131 8
1049 2097 1087 2131 et
1113 2096 1159 2132 de
1184 2108 1225 2132 re
1250 2096 1331 2142 ipsa
1369 2107 1481 2142 supra
1505 2096 1584 2139 347;
1624 2101 1702 2131 tau-

211 2165 296 2200 yeus
321 2166 438 2190 arma:
480 2156 717 2200 exspectatur
747 2155 959 2201 perfectum
990 2157 1094 2191 tactis
1125 2157 1245 2201 armis,
1277 2156 1344 2192 sed
1370 2155 1437 2191 cfr.
1469 2156 1531 2196 IV,
1559 2156 1603 2190 27
1638 2157 1703 2191 hoc

212 2225 334 2250 nemus
359 2235 403 2240 —
428 2215 515 2249 mihi
538 2216 611 2250 iam
636 2215 759 2250 domus
782 2215 945 2260 improba
970 2226 1038 2260 quo
1064 2226 1116 2250 me
1140 2215 1311 2261 Nympha
1334 2217 1471 2260 rapit.

307 2274 387 2308 442.
438 2274 650 2309 lustramina
668 2279 782 2319 ponto
801 2286 897 2319 poue
919 2275 1023 2310 iacit:
1048 2275 1153 2310 Hom.
1189 2274 1232 2311 11.
1264 2275 1293 2320 I,
1326 2275 1394 2310 314
1427 2276 1456 2312 οἱ
1486 2275 1699 2320 δ’ἀπελυμαί-

211 2347 304 2369 νοντο
329 2334 384 2369 καὶ
409 2334 453 2374 εἰς
478 2334 542 2369 ἅλα
566 2335 681 2379 λύματ’
709 2331 858 2379 ἔβαλλον;
888 2335 996 2379 Verg.
1025 2334 1140 2379 eclog.
1167 2335 1265 2375 VIII,
1294 2334 1360 2369 101
1388 2345 1461 2380 seq.
1475 2334 1531 2377 fer
1555 2335 1696 2375 cineres,

212 2392 399 2438 Amarylli,
423 2392 526 2434 foras
560 2393 705 2437 rivoque
738 2394 864 2435 fluenti
893 2393 1075 2438 Trausque
1111 2397 1219 2438 caput
1255 2394 1346 2436 iace;
1385 2404 1448 2428 uec
1483 2394 1696 2437 respexeri&

215 2451 341 2487 Claud.
369 2452 415 2487 de
441 2452 493 2487 VI
519 2463 617 2497 cons.
642 2453 735 2488 Hon.
763 2452 832 2487 329
859 2457 960 2488 trans
985 2457 1092 2497 caput
1116 2454 1250 2488 aversis
1273 2454 1438 2488 manibus
1461 2453 1642 2488 iaculatur
1658 2453 1698 2488 in

211 2515 372 2546 austrum
398 2511 523 2547 Secum
546 2516 718 2556 rapturas
742 2516 889 2547 cantata
907 2513 1057 2557 piacula
1081 2513 1219 2554 taeda8;
1247 2512 1313 2548 cfr.
1340 2512 1472 2548 Rohde
1496 2512 1628 2557 Psych.
1659 2524 1684 2557 p

211 2570 280 2605 362
307 2572 433 2610 annot.
459 2572 498 2607 et
522 2584 558 2616 p.
584 2571 653 2606 376
680 2573 806 2608 annot.
832 2572 864 2607 3.

306 2631 385 2666 444.
436 2641 583 2675 quercus
618 2642 797 2666 nemorum
828 2631 974 2666 truncas
1004 2633 1108 2667 recte
1141 2631 1305 2676 explicat
1342 2630 1494 2667 Caussin
1526 2642 1694 2676 quercus,

211 2689 342 2734 quibus
374 2690 469 2725 rami
495 2691 533 2726 et
558 2690 709 2726 frondes
735 2691 875 2726 recisae
907 2692 993 2726 sunt
1019 2691 1101 2726 coll.
1127 2691 1237 2736 Verg.
1264 2702 1391 2736 georg.
1418 2691 1478 2731 IV,
1513 2690 1583 2724 310
1617 2690 1694 2725 aui-
