1890 3100
228 235 314 278 230
753 231 789 267 C.
815 232 997 267 VALERI
1023 231 1197 267 FLACCI

391 353 495 391 Tum
524 358 639 404 pater
669 353 918 404 omnipotens
947 358 1105 404 tempus
1135 352 1212 390 iam
1241 364 1339 402 rege
1366 355 1574 403 perempto

336 418 500 457 flectere
529 418 614 456 fata
641 423 751 456 ratus
780 419 1030 470 miserasque
1061 417 1298 468 abrumpere
1327 429 1495 468 pugnas,
1717 425 1772 455 250

339 497 567 536 supremam
598 483 789 522 celeravit
819 497 935 535 opem
964 489 1145 535 nutuque
1177 495 1320 521 sereno

338 550 520 597 intonuit,
553 563 671 601 quem
701 550 831 587 Nocte
861 555 984 595 satae,
1017 562 1135 601 quem
1164 547 1346 586 turbidus
1375 547 1511 585 horret

339 615 594 666 armipotens.
650 619 746 652 tunc
773 620 889 666 porta
916 615 1038 652 trucis
1070 614 1148 652 coit
1176 613 1305 651 infera
1331 612 1440 651 belli.

340 681 528 719 continuo
559 679 654 718 dant
682 686 798 731 terga
825 686 935 718 metu
963 680 1150 731 versique
1179 692 1253 730 per
1281 692 1398 728 agros

341 746 565 797 diffugiunt,
597 759 699 798 quae
730 746 817 784 sola
846 746 973 784 salus:
1003 759 1080 784 nec
1108 751 1224 796 terga
1253 750 1438 783 ruentum
1723 746 1778 776 255

340 825 454 850 mens
483 812 631 863 Minyis
663 825 857 850 conversa
886 812 1018 863 sequi3
1049 811 1160 849 stetit
1189 811 1308 848 anxia
1335 810 1472 848 virtus.

343 890 436 916 ecce
464 877 546 916 levi
574 878 720 929 primos
750 877 829 915 iam
858 890 1046 928 spargere
1075 876 1226 914 lumine
1255 881 1411 914 montes

343 949 428 982 orta
457 943 542 981 dies
572 948 772 995 notaeque
806 942 951 995 (nefas)
983 942 1190 980 albescere
1219 948 1362 982 turres,

331 1068 412 1103 251.
463 1068 648 1103 celebrabit
673 1067 769 1109 Vat„
797 1068 960 1102 celeravit
986 1067 1065 1102 cod.
1093 1066 1240 1103 Monac.
1268 1077 1290 1101 a
1313 1077 1411 1100 man.
1439 1076 1510 1101 sec.

330 1138 499 1172 suprema
524 1138 589 1172 ops
615 1128 672 1162 est
699 1138 753 1171 ea,
790 1139 886 1172 quae
911 1127 949 1161 in
975 1126 1127 1161 summis
1153 1126 1334 1171 angustiis
1358 1126 1574 1171 praestatur
1599 1134 1726 1170 supre-

238 1199 299 1223 mo
324 1188 506 1232 tempore,
533 1187 633 1231 quod
658 1186 689 1221 si
713 1186 981 1232 praeteriisset,
1009 1186 1150 1220 nullam
1175 1185 1251 1220 iam
1277 1196 1386 1231 opem
1411 1184 1511 1220 ferre
1543 1184 1727 1230 potuisset

237 1246 425 1293 Iuppiter3
452 1246 504 1282 sic
532 1246 698 1281 Catullus
724 1246 814 1282 dicit
840 1258 869 1282 c.
897 1246 951 1287 76,
980 1246 1024 1281 18
1049 1247 1082 1281 si
1106 1246 1232 1290 quibus
1256 1256 1413 1289 unquam
1431 1244 1639 1280 Eaetremam
1654 1244 1747 1278 iam·

238 1307 321 1351 ipsa
345 1307 384 1342 in
407 1310 518 1341 morte
541 1307 673 1342 tulistis
698 1317 797 1351 opem
822 1307 861 1342 et
885 1306 1024 1351 Vergil.
1051 1305 1140 1341 Aen.
1169 1305 1250 1351 XII,
1278 1304 1347 1339 653
1385 1304 1513 1348 Turne,
1546 1305 1587 1338 in
1610 1307 1644 1338 te
1667 1314 1726 1338 su-

237 1377 362 1411 prema
378 1367 495 1411 salus;
520 1364 582 1402 Sil.
601 1365 647 1407 ΙΙ,
667 1365 736 1400 283
762 1376 851 1410 quae
869 1369 1054 1410 postrema
1077 1366 1176 1400 salus
1201 1376 1319 1399 rerum
1329 1365 1542 1409 patriaeque
1564 1363 1724 1407 reposcit.

335 1438 415 1472 252.
468 1437 580 1473 Nocte
616 1441 730 1479 satae;
772 1437 838 1472 cfr.
869 1436 982 1482 Verg.
1017 1437 1104 1474 Aen.
1137 1435 1217 1477 VII,
1257 1436 1325 1471 331
1363 1436 1462 1481 viryo
1498 1439 1581 1470 sata
1606 1434 1727 1481 Nocte,

241 1497 372 1544 quibus
397 1497 522 1533 verbis
542 1497 635 1532 Iuno
661 1497 896 1532 Allectonem
922 1496 1072 1531 Furiam
1098 1495 1308 1541 alloquitur.

336 1569 414 1604 253.
466 1568 566 1603 Mars
602 1568 746 1604 tonitru
784 1567 881 1603 Iovis
918 1569 1092 1608 terretur,
1132 1568 1174 1602 ut
1198 1566 1324 1602 Ulixes
1363 1568 1402 1602 et
1426 1566 1596 1601 Minerva
1620 1566 1727 1601 Hom.

245 1629 311 1665 od.
338 1628 469 1669 XXIV,
496 1628 566 1663 539
592 1639 679 1673 seq.,
705 1627 906 1663 Diomedes
931 1627 973 1663 Il.
1002 1627 1104 1672 VIII,
1132 1627 1210 1662 134.

339 1689 455 1724 Porta
477 1688 597 1731 infera
621 1687 644 1723 i.
673 1698 704 1723 e.
730 1687 935 1723 inferorum
960 1699 1085 1722 rursus
1113 1686 1311 1728 clauditur,
1352 1698 1435 1721 cum
1460 1685 1660 1731 Tisiphone
1691 1684 1731 1720 in

242 1749 443 1784 Tartarum
469 1759 491 1783 a
515 1747 606 1783 Iove
631 1748 765 1783 territa,
795 1746 984 1789 rediisset3
1010 1746 1170 1781 fortasse
1196 1745 1337 1781 Valerii
1362 1745 1486 1781 animo
1512 1745 1731 1781 obversatus

245 1810 302 1845 est
327 1808 430 1844 locus
447 1807 557 1853 Verg.
580 1807 670 1848 Aen,
691 1806 719 1849 Ι,
738 1806 808 1841 293
834 1817 944 1852 seqq.q
972 1817 1197 1851 quamquam
1221 1805 1252 1840 is
1279 1805 1325 1840 de
1350 1805 1469 1851 portis
1492 1804 1626 1850 templi
1650 1803 1733 1839 Iani

242 1868 392 1904 videtur
424 1867 618 1913 cogitasse.
1161 1912 1163 1914 v

340 1928 420 1964 254.
471 1928 652 1972 aversique
676 1926 760 1962 Vat.
787 1927 944 1971 versique
970 1926 1051 1962 cod.
1079 1925 1178 1961 Carr.

341 1987 422 2023 256.
472 1997 639 2022 conversa
664 1987 812 2032 spectat
837 1986 886 2020 ad
919 1990 1038 2031 terga,
1064 1997 1154 2027 non,
1181 1986 1224 2020 ut
1254 1985 1336 2020 vult
1360 1984 1522 2030 Dureau,
1560 1995 1643 2019 eum
1677 1995 1732 2026 eo,

247 2047 346 2092 quod
372 2048 429 2082 est
453 2057 560 2091 mens,
588 2045 897 2091 coniungendum.

340 2106 437 2141 stetit
467 2106 579 2141 amia
615 2106 744 2147 virtus;
782 2104 907 2140 verbis
946 2104 1096 2149 eisdem,
1137 2104 1203 2139 sed
1241 2103 1429 2139 sententia,
1466 2102 1614 2138 diversa
1640 2102 1735 2137 dixit

247 2166 383 2201 Lucan.
410 2165 513 2207 VIII,
551 2164 620 2200 592
657 2165 753 2200 stetit
790 2165 902 2199 anoez'a
938 2165 1078 2210 classis;
1111 2163 1281 2199 Valerius
1318 2163 1498 2198 virtutem
1535 2161 1631 2196 djxit
1665 2173 1734 2207 pro

246 2225 335 2260 viris
362 2224 531 2265 fortibus,
558 2224 736 2260 heroibus
761 2225 804 2258 ut
821 2223 883 2261 VI,
910 2223 981 2258 200
1004 2224 1117 2259 minuta
1135 2223 1234 2268 perit
1258 2224 1389 2267 virtu3,·
1414 2222 1549 2257 Lucan.
1577 2221 1646 2263 111,
1665 2220 1736 2256 690

252 2295 315 2320 nec
340 2287 453 2319 cessat
476 2283 660 2328 naufraga
684 2284 814 2326 virtus;
840 2283 988 2318 Petron.
1019 2294 1047 2318 c.
1075 2282 1121 2317 89
1146 2295 1179 2318 v.
1218 2282 1240 2317 8
1279 2293 1354 2328 seq.
1388 2282 1458 2317 huc
1495 2281 1549 2327 (in
1587 2282 1735 2325 equum)

251 2344 395 2379 decenni
412 2344 552 2388 proelio
575 2343 674 2378 irata
698 2343 812 2378 virtus
836 2343 988 2378 abd-itur.
1040 2342 1151 2377 Anxii
1177 2343 1303 2377 autem
1340 2342 1427 2376 sunt
1451 2340 1612 2385 Minyae,
1650 2339 1738 2384 quia

247 2403 401 2439 insidias
427 2402 550 2438 subito
576 2402 802 2448 fugientium
826 2402 972 2439 timent.

343 2474 424 2510 257.
475 2484 548 2508 ecce
580 2475 646 2509 levi
671 2475 810 2518 primos
835 2495 879 2499 —
899 2477 1030 2518 portus
1054 2473 1151 2518 Vat.,
1192 2473 1258 2508 sed
1288 2472 1401 2517 primi
1431 2474 1571 2516 portus,
1611 2481 1738 2515 quam-

250 2538 363 2580 quam
388 2534 632 2569 servaverunt
657 2533 894 2574 recentiores,
923 2533 1012 2577 quid
1036 2533 1107 2568 hoc
1131 2533 1214 2568 loco
1240 2531 1460 2577 significent,
1498 2542 1573 2566 non
1610 2529 1738 2574 videm

252 2593 382 2639 scripsi
418 2596 563 2637 montes,
601 2592 663 2637 qui
687 2592 798 2637 primi
824 2591 1008 2637 feriuntur
1033 2603 1131 2627 nova
1155 2592 1248 2635 luce,
1287 2590 1373 2626 vide
1398 2590 1510 2635 Verg.
1536 2591 1627 2625 Aen.
1654 2589 1736 2630 XII,

253 2653 321 2688 113
347 2664 443 2698 seq.;
483 2651 613 2688 eodem
638 2651 814 2697 pertinet,
842 2651 940 2696 quod
965 2655 1111 2686 turres
1136 2652 1306 2686 albescere
1331 2649 1422 2685 dicit
1447 2650 1574 2694 poeta3
1613 2647 1738 2684 confe-

252 2712 389 2748 rendus
416 2713 473 2747 est
496 2712 599 2747 locus
616 2711 726 2756 Verg.
745 2711 835 2747 Aen.
855 2710 915 2747 IV.
935 2710 1004 2745 584
1029 2722 1103 2755 seq.
1147 2710 1197 2745 Ec
1212 2711 1285 2746 iam
1296 2709 1419 2754 prima
1435 2719 1524 2744 novo
1550 2707 1740 2753 spargebat
