1890 3100
224 256 312 300 364
744 252 782 289 c,
808 251 988 287 VALERI
1014 250 1189 287 FLAOCI

331 374 447 425 signa
474 386 623 424 gerens
654 386 891 425 omnemque
922 373 1048 425 quatit
1077 372 1301 410 rumoribus
1332 377 1480 410 arcton.

330 439 491 490 iamque
521 438 661 476 aderat
688 439 843 489 magnis
872 451 1012 489 regum
1042 451 1130 476 cum
1159 437 1331 475 molibus
1360 437 1460 484 urbi,

331 504 539 556 primaque
568 504 609 541 in
639 502 830 542 adversos
858 504 1070 541 frustratus
1099 503 1253 554 proelia
1281 516 1413 541 muros

333 569 578 608 constiterat.
637 568 752 607 datus
783 574 823 607 et
853 570 970 606 sociis
999 569 1198 620 utrimque
1229 567 1451 607 cremandis
1715 572 1771 602 275

333 635 403 673 ille
434 634 520 673 dies
550 629 732 686 alterque
762 634 860 680 dies,
892 647 981 671 cum
1009 634 1138 672 Marte
1167 634 1333 672 remisso

335 700 493 739 debitus
523 699 673 738 Aeaeis
703 699 784 737 dux
813 699 1037 753 Thessalus
1069 699 1222 750 appulit
1252 699 1342 737 oris.

387 766 482 804 Nox
509 766 713 804 hominum
744 777 872 816 genus
904 770 944 802 et
973 764 1091 802 duros
1121 765 1310 803 miserata
1337 763 1496 802 labores

330 831 542 870 rettulerat
570 830 688 869 fessis
720 835 856 882 optata
885 829 1048 868 silentia
1075 830 1202 868 terris.

331 902 372 935 at
399 896 501 934 Iuno
531 902 572 934 et
601 896 743 934 summi
772 896 884 946 virgo
912 895 1020 933 Iovis
1049 895 1189 933 intima
1218 908 1355 934 secum
1717 893 1772 922 280

332 961 501 1000 consilia
530 966 570 999 et
597 961 729 999 varias
761 960 967 999 sociabant
994 965 1158 1011 pectore
1188 973 1314 998 curas.

330 1027 444 1078 virgo
474 1027 598 1078 prior:
630 1031 788 1077 ‘magna
815 1026 965 1078 pariter
994 1038 1094 1078 quos
1123 1025 1229 1064 mole
1257 1031 1452 1077 petamus,

224 1138 372 1171 mortem
397 1134 434 1179 (i.
462 1145 493 1170 e.
521 1133 713 1168 celerrime
739 1132 810 1167 sibi
835 1132 907 1178 ipsi
932 1133 1088 1168 mortem
1111 1132 1354 1177 consciscere)
1379 1132 1529 1167 Iuvenc.
1549 1130 1612 1172 IV,
1628 1131 1718 1173 631;

225 1193 292 1232 cfr.
320 1193 434 1229 etiam
459 1193 509 1228 ad
534 1192 601 1233 ΠΙ,
628 1192 707 1227 341.

319 1253 415 1288 Ense
439 1252 602 1298 petitum
629 1253 668 1287 et
693 1252 788 1287 adeo
802 1251 1040 1287 vulneratum
1061 1262 1141 1286 esse
1159 1250 1299 1286 Persen
1317 1250 1477 1296 apparet
1491 1261 1535 1285 ex
1554 1249 1607 1285 eis
1625 1260 1721 1294 quae

227 1314 447 1358 sequuntur:
474 1313 632 1347 crudelia
657 1332 701 1337 —
727 1313 833 1357 siyna
856 1311 880 1348 i.
908 1322 938 1346 e.
964 1311 1121 1345 vulnera
1147 1321 1292 1355 gerens.

321 1372 401 1406 272.
451 1372 568 1417 quatit
591 1371 614 1406 i.
643 1382 672 1407 e.
700 1371 853 1411 excitat,
878 1372 922 1405 ut
946 1371 974 1411 Ι,
1001 1370 1090 1414 7433
1116 1370 1160 1413 Π,
1189 1369 1268 1404 122.

321 1442 455 1467 omnem
481 1452 522 1457 —-
551 1435 685 1472 arcton,
723 1442 874 1476 prorsus
901 1430 1035 1466 eadem
1072 1429 1319 1474 metonymia,
1358 1439 1430 1474 qua
1461 1440 1528 1464 nos
1561 1427 1719 1463 dicimus

227 1492 310 1528 ‘den
338 1502 482 1536 ganzen
506 1491 682 1526 Norden'.

320 1551 402 1586 273.
451 1561 597 1596 reynum
622 1550 719 1590 Vat..
745 1561 867 1595 reyum
892 1549 971 1584 cod.
999 1549 1099 1586 Carr.
1117 1547 1259 1582 milibus
1282 1547 1385 1590 Vat.3
1411 1546 1478 1582 sed
1496 1547 1543 1582 de
1563 1547 1722 1582 millibus

225 1622 358 1657 regum
374 1610 545 1646 Valerius
571 1609 739 1654 quamvis
765 1608 1061 1654 superlationum
1087 1607 1273 1642 studiosus
1292 1606 1417 1642 dicere
1443 1618 1518 1641 non
1543 1607 1715 1651 poterat;

226 1682 327 1713 sane,
351 1670 450 1715 quod
465 1671 522 1706 est
535 1681 600 1705 ma
606 1681 692 1715 qna
717 1669 837 1710 millia,
857 1668 928 1704 etsi
945 1667 1124 1702 inusitate
1143 1666 1285 1702 dictum
1301 1667 1431 1701 tamen
1448 1665 1717 1701 defenderetur

225 1730 351 1766 verbis
378 1730 487 1775 Prop.
513 1729 543 1770 Ι,
571 1731 602 1770 5,
631 1728 675 1763 10
701 1733 739 1763 at
764 1728 829 1764 tibi
854 1739 1022 1763 curarum
1046 1727 1159 1762 millia
1183 1730 1320 1771 quanta
1344 1725 1459 1771 dabit3
1495 1724 1621 1770 recepi
1646 1735 1719 1760 mo-

227 1791 319 1825 libus
355 1788 578 1825 Baehrentis
613 1788 883 1825 coniecturam:
922 1787 1027 1822 molis
1053 1785 1328 1822 substantivum
1355 1785 1402 1821 de
1429 1784 1543 1830 copiis
1569 1783 1717 1829 saepius

227 1849 408 1895 scriptum
432 1848 582 1894 legitur.
609 1849 652 1882 ut
678 1847 740 1882 Sil.
767 1847 830 1889 IX,
854 1847 942 1889 417;
969 1846 1054 1884 Tae.
1081 1857 1165 1880 ann.
1192 1845 1240 1886 ΙΙ,
1266 1844 1313 1879 46
1339 1845 1385 1879 al.

322 1909 402 1944 274.
447 1909 639 1953 primaque
684 1929 727 1933 —
771 1907 971 1950 frustratus
1009 1906 1152 1951 proelia
1188 1926 1233 1931 —
1271 1905 1490 1940 constiterat:
1542 1914 1565 1938 a
1612 1902 1726 1938 muris

229 1968 489 2015 oppugnandis
516 1968 677 2003 reiectus
704 1971 826 2002 castra
838 1967 1018 2012 posuerat
1044 1965 1145 2011 apud
1169 1965 1321 2011 urbem3
1353 1964 1499 2008 proelia
1525 1963 1582 1998 est
1618 1973 1725 1997 accu-

229 2028 381 2070 saffivus,
409 2027 471 2072 qui
498 2027 634 2062 dicitur
659 2026 866 2062 relationis.

325 2087 405 2122 275.
456 2086 568 2131 Verg.
594 2086 686 2122 Aen.
713 2085 776 2126 XI,
803 2086 836 2121 2.

325 2147 406 2183 277.
457 2147 609 2188 debitus;
638 2145 704 2182 cfr.
732 2145 780 2181 ad
804 2158 839 2180 v.
866 2145 922 2181 21.

324 2205 406 2242 282,
455 2217 587 2251 mayna
604 2207 746 2250 pariter
764 2216 850 2250 quos
876 2205 963 2239 mole
973 2207 1156 2248 petamus3
1182 2203 1276 2238 haec
1298 2202 1410 2237 verba
1429 2212 1520 2237 sana
1537 2200 1727 2236 sententia

230 2267 370 2306 carent,
410 2265 488 2301 sive
513 2266 688 2310 putamus
716 2264 993 2300 coniunctivum
1013 2267 1179 2307 petamus
1213 2261 1380 2307 pendere
1406 2272 1428 2296 a
1451 2260 1569 2295 verbo
1596 2260 1723 2301 cernis,

230 2326 330 2371 quod
354 2325 445 2361 fecit
468 2325 568 2360 inter
589 2325 679 2360 alios
699 2324 820 2364 -Thilo,
848 2324 926 2359 sive
945 2335 1030 2359 eum
1048 2321 1324 2358 coniunctivum
1342 2319 1591 2356 dubitativum
1608 2319 1726 2354 inter-

229 2387 423 2432 pretamur
448 2385 554 2430 signo
579 2384 838 2429 interrogandi
862 2384 948 2429 post
967 2387 1134 2428 petamus
1157 2381 1290 2428 posito,
1311 2381 1355 2415 ut
1380 2379 1552 2415 fecerunt
1568 2377 1725 2413 Schenkl

230 2445 378 2487 Baehr.,
404 2456 492 2479 nam
516 2456 551 2479 v.
578 2443 649 2479 285
675 2443 825 2479 demum
849 2443 1059 2487 interrogat
1090 2441 1267 2480 Minerva,
1300 2439 1375 2474 utri
1406 2438 1507 2484 parti
1549 2437 1727 2472 auxilium

231 2504 368 2541 ferant.
418 2503 551 2539 Nescio
589 2514 636 2538 an
663 2502 831 2538 Valerius
857 2506 1012 2546 petimus
1045 2500 1246 2547 scripserit,
1284 2499 1306 2534 i.
1334 2510 1364 2534 e.
1385 2498 1593 2543 petivinzu33
1631 2497 1726 2532 tales

230 2564 374 2610 primae
410 2573 592 2609 personae
616 2561 772 2608 pluralis
811 2561 1082 2596 contractiones
1124 2570 1348 2605 quamquam
1385 2558 1472 2592 sunt
1502 2556 1733 2597 rarissimae,-

231 2625 362 2659 tamen
387 2623 565 2659 nonnulla
592 2622 724 2657 extant
750 2621 931 2666 exempla,
957 2620 1027 2655 vid.
1056 2619 1244 2655 Kuehneri
1269 2628 1425 2663 gramm.
1452 2617 1517 2652 lat.
1543 2617 1571 2657 Ι,
1599 2615 1621 2662 ξ
1648 2614 1726 2661 191,

233 2684 359 2719 annot.
386 2682 408 2718 5
434 2684 548 2727 atque
574 2682 726 2717 desimus
750 2680 906 2716 formam
933 2679 1122 2715 codicibus
1148 2678 1282 2714 saltem
1301 2676 1484 2712 traditam
1509 2675 1592 2711 Sen.
1613 2674 1719 2720 epist.

234 2742 289 2784 55,
317 2743 357 2790 13
383 2742 442 2787 90,
468 2742 533 2784 32;
560 2741 654 2776 Plin.
682 2740 786 2786 epist.
816 2739 847 2781 3,
875 2740 931 2786 21,
958 2739 990 2775 3.
