1890 3100
284 239 368 282 162
802 235 839 272 C.
864 234 1045 270 VALERI
1069 234 1243 271 FLAGOI

389 355 539 394 solibus
569 361 609 394 et
637 355 746 394 canis
774 355 916 394 urebat
942 355 1038 393 luna
1065 354 1228 406 pruinis.

387 421 466 459 huc
494 421 715 472 genitorem
744 420 849 459 altae
876 433 949 472 per
978 433 1102 471 opaca
1131 418 1289 457 silentia
1315 419 1443 456 noctis

388 486 647 537 praecipitem
677 484 787 524 silvis
815 485 919 537 rapit
947 491 988 524 et
1017 485 1074 523 sic
1101 488 1256 522 maesta
1281 483 1478 535 profatur.

384 548 529 602 ‘,quam
559 551 725 602 genitor,
754 550 932 602 patriam,
963 554 1132 602 quantas
1159 548 1277 587 modo
1305 548 1451 600 linquis
1478 547 1607 586 inanis
1757 551 1814 581 290

386 616 493 667 pube
523 615 678 654 domos!
713 628 785 667 pro
815 615 900 653 dira
926 615 1026 662 lues,
1055 627 1126 666 pro
1155 614 1282 652 noctis
1311 612 1480 652 acerbae

388 681 571 719 exitium!
600 680 699 718 talin
726 693 888 732 possum
916 685 956 718 te
987 679 1149 718 credere
1178 679 1311 731 puppi,

390 759 483 785 care
511 745 685 798 parens?
710 759 877 798 ‚possum
904 745 1024 785 tantis
1052 745 1225 783 retinere
1253 743 1441 795 periclis?

389 811 578 849 solvimus
607 811 687 850 heu
714 811 903 849 miserum
930 809 1025 848 furti
1054 810 1205 848 scelus!
1236 808 1367 847 adnue
1394 808 1509 856 votis,

384 876 491 924 diva,
524 875 762 928 soporiferas
794 888 897 927 quae
924 888 1031 913 nunc
1057 875 1180 912 trahis
1210 887 1384 926 aequore
1411 873 1538 924 bigas.
1759 875 1817 905 295

385 955 466 980 non
493 941 674 994 populos,
703 954 784 979 non
812 940 893 978 dite
924 939 1064 987 solum,
1092 953 1173 978 non
1200 939 1284 978 ulla
1310 939 1467 991 parenti

388 1019 515 1058 regna
542 1011 655 1058 peto,
689 1005 818 1057 patria
844 1004 966 1043 liceat
994 1003 1190 1043 decedere
1218 1009 1336 1042 terra.

387 1070 546 1124 quando
576 1084 651 1123 ego
681 1075 839 1109 servato
868 1069 1039 1108 mediam
1068 1069 1249 1121 genitore
1277 1082 1350 1120 per
1383 1068 1524 1107 urbem

281 1184 541 1221 describuntur
567 1182 635 1218 108
661 1194 772 1227 seqq„
800 1182 866 1218 sed
892 1181 1128 1226 aliquomodo
1152 1180 1238 1216 huic
1263 1179 1473 1216 sententiae
1493 1179 1642 1215 obstare
1659 1179 1763 1215 vide-

278 1246 341 1279 tur
365 1255 400 1281 v,
426 1242 505 1278 300.

374 1307 454 1344 288.
500 1318 570 1353 per
605 1318 718 1352 opaea
753 1307 896 1343 silentia
931 1307 1063 1348 nontin
1105 1305 1237 1340 eadem
1273 1305 1391 1340 verba
1425 1304 1600 1350 leguntur
1638 1302 1761 1339 Sedul.

279 1368 406 1415 pasch.
439 1378 550 1403 carm.
583 1366 645 1408 IV,
683 1365 767 1404 219.
826 1376 940 1410 opaca
975 1365 1117 1400 silentia
1155 1363 1269 1399 noetis
1310 1362 1545 1400 memorabili
1588 1362 1764 1408 enallage

279 1427 453 1463 dicuntur
477 1437 545 1472 pro
570 1425 725 1461 silentiis
751 1436 891 1471 opacae
915 1423 1045 1466 noctis,
1072 1423 1221 1459 silentia
1246 1422 1345 1459 enim
1370 1423 1516 1458 omnino
1542 1433 1661 1468 opaca
1683 1432 1764 1456 esse

278 1498 353 1523 non
377 1486 542 1532 possunt,
570 1485 637 1521 sed
662 1484 728 1521 cfr.
764 1483 833 1526 III,
871 1484 893 1518 4
928 1484 1049 1518 caris
1083 1483 1216 1518 socium
1252 1482 1466 1528 diyressibue
1502 1482 1663 1528 haerent;
1699 1479 1762 1522 IV,

278 1546 348 1581 228
375 1544 459 1581 Oeb
474 1546 592 1580 alius
616 1555 740 1579 caveae
762 1543 885 1586 favor-3
911 1542 981 1578 402
1007 1542 1148 1577 ardua
1168 1542 1319 1585 flumina
1334 1542 1436 1586 ripis.
1461 1541 1589 1586 Longe
1617 1540 1767 1575 diversa

280 1606 328 1640 ab
354 1605 411 1645 his
438 1604 616 1650 exemplis
647 1604 733 1638 sunt
765 1614 819 1644 ea,
853 1602 892 1637 in
917 1602 1048 1648 quibus
1076 1601 1146 1637 etsi
1170 1612 1245 1636 non
1270 1600 1319 1636 ad
1341 1599 1533 1646 propriam
1557 1598 1764 1641 notionem,

280 1664 348 1700 sed
372 1664 421 1699 ad
447 1663 558 1699 aliam
584 1675 667 1698 oum
690 1662 843 1708 propria
869 1661 1106 1698 coniunctam
1131 1659 1355 1696 adieetivum
1391 1658 1601 1705 apponitur,
1633 1659 1762 1694 tamen

281 1723 396 1759 etiam
428 1723 476 1758 ad
507 1723 602 1758 hanc
637 1722 741 1757 notio
779 1720 955 1757 adiectivi
992 1719 1228 1765 aliquomodo
1266 1718 1435 1765 quadret,
1472 1718 1576 1754 velut
1613 1720 1656 1762 V,
1695 1717 1760 1752 141

276 1783 434 1828 pervigil
458 1782 605 1823 auditur
624 1781 816 1827 Ghabybum
841 1781 954 1816 labor:
980 1778 1130 1825 proprie
1147 1777 1348 1824 pervigiles
1365 1778 1453 1813 sunt
1477 1776 1671 1822 Chalybes,
1698 1776 1765 1811 sed

286 1842 401 1878 etiam
426 1853 553 1878 eorum
578 1841 743 1877 laborem
768 1841 905 1886 poetae
929 1838 1150 1884 pervigilem
1175 1837 1298 1873 dicere
1322 1836 1472 1882 licebat,
1509 1836 1570 1872 vel
1601 1835 1663 1878 VI,
1694 1835 1763 1870 296

274 1902 452 1946 populeus
476 1902 533 1936 eui
555 1900 697 1943 frondis
713 1901 824 1935 honor
841 1910 909 1944 pro
936 1910 979 1934 eo
1005 1897 1103 1943 quod
1127 1898 1183 1932 est
1201 1897 1376 1942 populeae
1397 1895 1548 1938 frondis,
1566 1894 1633 1931 sed
1650 1893 1765 1930 etiam

280 1960 361 2006 ipse
385 1959 551 1996 honori.
579 1971 611 1996 e.
650 1959 801 1995 ornatus
838 1958 940 1994 recte
977 1957 1157 2003 populeus
1195 1956 1345 1998 dicitur;
1396 1954 1542 1999 aliaque
1585 1953 1765 1990 eiusmodi

280 2020 399 2055 multa
426 2019 540 2055 etiam
563 2019 602 2054 in
625 2030 736 2064 prosa
762 2018 927 2054 oratione
951 2016 1200 2052 inveniuntur.

376 2084 456 2120 290.
506 2085 609 2120 inani
633 2085 739 2128 Vat.;
764 2084 885 2119 inanis
911 2082 967 2119 ed.
993 2082 1085 2117 Bon.
1122 2082 1161 2117 eb
1184 2080 1280 2123 Ald.;
1312 2083 1465 2125 quantas
1499 2078 1601 2114 modo
1633 2078 1768 2124 linquis

281 2144 404 2179 inanis
422 2144 519 2188 pube
544 2144 680 2179 domos:
706 2143 834 2178 domos
861 2153 956 2187 quae
981 2140 1091 2177 modo
1116 2141 1249 2175 tantae
1274 2140 1434 2176 fuerunt.

378 2208 458 2246 292.
508 2209 651 2243 reddere
675 2207 772 2253 Vah,
798 2208 936 2243 credere
962 2206 1050 2242 edit.
1075 2206 1167 2241 Bon.

377 2273 456 2310 294.
505 2284 620 2309 serum
642 2273 753 2316 furtis
776 2273 888 2308 scelus
914 2272 1015 2314 Vat.;
1041 2272 1205 2306 miserum
1229 2270 1308 2306 cod.
1337 2269 1448 2310 Cam,
1472 2268 1566 2311 furti
1591 2266 1709 2303 Thilo.

376 2333 469 2375 furti
492 2333 607 2368 scelus
634 2333 690 2368 est
720 2332 821 2376 quod
849 2331 944 2366 clam
967 2331 1116 2376 patrem
1141 2330 1313 2371 servavit,
1348 2329 1387 2364 et
1410 2327 1585 2363 miserum
1615 2326 1762 2367 dicitur,

286 2391 372 2437 quia
395 2391 562 2427 miserias
589 2392 627 2427 et
653 2391 754 2437 patri
774 2392 812 2426 et
828 2390 928 2426 filiae
951 2390 1170 2435 paraturum
1196 2389 1270 2430 estu
1295 2388 1406 2423 scelus
1429 2387 1560 2422 solvere
1583 2385 1762 2420 inusitate

287 2450 422 2486 dicitur
447 2461 514 2495 pro
538 2451 649 2485 scelus
674 2451 774 2491 luere,
802 2449 868 2485 sed
894 2448 1063 2484 similiter
1089 2449 1189 2484 certe
1224 2446 1370 2492 scripsi‘o
1404 2445 1468 2481 Ov.
1501 2444 1586 2480 fast.
1617 2443 1660 2489 V,
1693 2443 1768 2479 303

285 2512 426 2555 magmis
451 2510 592 2545 iniuria
610 2510 738 2553 poenis
761 2509 923 2550 solvitum
949 2507 1125 2542 Prudent.
1152 2506 1342 2552 apotheos.
1367 2504 1436 2540 544
1470 2504 1653 2539 commissa
1677 2513 1761 2547 pza-

284 2570 364 2606 cula
387 2569 504 2610 solvit;
531 2567 596 2604 cfr.
623 2568 736 2604 etiam
759 2567 869 2612 Verg.
894 2567 985 2602 Aen.
1017 2567 1065 2612 11,
1097 2565 1166 2600 229
1195 2565 1305 2601 scelus
1337 2563 1545 2608 expendisse
1574 2565 1759 2597 merentem

284 2628 494 2664 Laocoonta
516 2627 646 2670 ferunt.

371 2693 459 2737 298.
507 2692 672 2738 Exoptat
695 2691 907 2738 Hypsipyle,
933 2692 976 2726 ut
999 2690 1074 2725 iam
1105 2689 1203 2725 adsit
1227 2690 1381 2734 tempus,
1420 2698 1491 2732 quo
1525 2688 1655 2733 aperte
1686 2684 1760 2731 ipsi

1884 1630 1890 1670 ἶ
