1890 3100
212 216 299 258 396
737 212 773 248 C.
800 212 982 248 VALERI
1007 211 1182 248 FLACCI

318 332 426 385 quod
453 332 574 380 rudis,
607 338 646 371 et
676 332 762 371 sola
791 333 956 371 colimur
985 332 1018 370 si
1046 332 1232 383 gentibus
1264 331 1429 370 umbra?

318 404 380 437 est
409 412 518 437 amor
547 403 586 436 et
614 411 747 436 rerum
775 398 929 436 cunctis
958 398 1086 436 tutela
1115 411 1286 436 suarum.

317 470 358 503 et
385 464 468 511 tibi,
499 476 645 514 magne
674 469 799 515 pater,
829 464 945 501 terris
976 463 1141 501 donaria
1169 469 1335 510 certant,

317 535 377 568 est
406 529 534 567 honor
561 529 623 566 his
654 529 774 567 etiam
803 541 910 566 suus.
969 534 1090 581 atque
1122 542 1196 580 ego
1228 528 1335 567 clara
1363 529 1557 580 Mycenes
1703 537 1759 567 645

316 594 500 641 culmina,
530 594 732 645 virgineas
762 593 932 645 praeder
961 594 994 632 si
1024 593 1216 645 Cecropis
1246 607 1372 640 arces,

314 660 393 698 iam
422 660 606 707 coniunx,
636 660 715 698 iam
744 665 784 698 te
813 660 964 711 gemitu
993 659 1248 711 lacrimisque
1277 659 1432 698 tenebit

314 731 410 764 nata
438 738 623 777 querens.
680 731 861 764 metuant
890 738 985 776 ergo
1015 738 1091 763 nec
1118 724 1216 763 talia
1243 724 1436 776 poscant'.

370 792 462 829 Non
490 791 582 829 tulit
611 791 711 829 haec
742 791 895 837 animis,
927 791 1023 842 quin
1051 790 1174 841 longa
1203 790 1363 828 silentia
1390 789 1526 828 Pallas

314 862 528 908 rumperet,
559 856 735 895 inridens
766 856 1055 907 strepitumque
1085 856 1293 907 minasque
1325 855 1503 894 Gradivi.
1702 857 1756 887 650

207 963 250 1003 X,
277 963 339 1006 92;
365 974 473 1008 royus
500 963 565 999 Ov.
592 964 681 998 met.
708 962 771 1008 IX,
789 962 874 1004 234;
902 963 997 998 Stat.
1015 961 1096 997 silv.
1123 962 1172 1003 ΙΙ,
1202 962 1231 1002 1,
1260 961 1346 1004 159;
1372 961 1414 1008 V,
1439 962 1472 1004 3,
1492 961 1554 1003 65;
1581 961 1700 999 Theb.

211 1022 275 1065 VI,
303 1023 364 1065 58;
392 1023 478 1058 Luc,
497 1022 546 1063 ΙΙ,
574 1022 659 1063 300;
687 1021 770 1058 Seu.
795 1021 935 1057 Phoen.
963 1021 1047 1063 110;
1074 1021 1186 1057 Prud.
1218 1021 1345 1066 perist.
1371 1021 1412 1062 V,
1440 1021 1527 1063 5103
1553 1032 1701 1056 ararum

211 1093 371 1128 aqyerem
398 1093 442 1117 ex
473 1082 636 1117 Varrone
663 1081 773 1117 affert
797 1080 938 1116 Nonius
963 1093 998 1126 p.
1025 1080 1095 1115 466
1123 1081 1161 1115 et
1186 1080 1267 1116 504.

305 1142 386 1177 642.
437 1143 491 1177 De
518 1141 763 1177 collocatione
784 1141 878 1186 quod
901 1140 1106 1187 particulae
1126 1140 1197 1175 vid.
1223 1140 1324 1176 locos
1343 1140 1392 1175 ad
1408 1140 1437 1181 Ι,
1457 1140 1525 1175 627
1554 1140 1701 1176 allatos.

300 1202 377 1237 sola
415 1202 562 1237 colimur
597 1202 630 1236 si
664 1201 827 1246 yentibus
863 1201 1006 1242 umbra;
1052 1201 1085 1235 si
1120 1200 1274 1245 praeter
1300 1199 1606 1235 consuetudinem
1631 1200 1702 1235 hoc

206 1261 289 1296 loco
314 1273 383 1306 pro
423 1260 682 1296 coniunctione
720 1260 814 1305 quod
849 1260 1011 1305 ponitur;
1051 1260 1160 1295 notus
1188 1260 1246 1295 est
1270 1261 1299 1294 is
1324 1270 1411 1294 usus
1435 1260 1522 1304 post
1546 1259 1702 1294 verbum

204 1320 366 1356 mirandi
393 1321 536 1366 (mirum
562 1321 646 1365 est),·
670 1331 895 1366 quamquam
920 1331 993 1355 non
1019 1319 1153 1355 eadem
1179 1320 1237 1354 est
1262 1318 1317 1353 vis
1331 1318 1547 1364 particulae,
1572 1319 1702 1354 tamen

207 1380 341 1416 eadem
366 1380 524 1415 audacia
550 1380 597 1415 ab
623 1391 692 1414 usu
718 1379 888 1414 discessit
913 1379 1076 1424 Tacitus,
1101 1390 1183 1414 cum
1210 1378 1302 1413 dicit
1328 1389 1411 1414 ann.
1438 1377 1466 1421 I,
1505 1378 1549 1412 11
1576 1381 1614 1413 at
1631 1388 1701 1422 pa-

205 1443 284 1480 tres,
318 1439 447 1484 quibus
478 1450 573 1474 unus
597 1443 720 1483 metus,
757 1439 790 1474 si
820 1439 1018 1483 intelleyere
1043 1438 1264 1482 viderentur,
1301 1438 1341 1472 in
1371 1441 1513 1482 questus
1538 1438 1703 1472 laon‘mas

204 1503 288 1534 vota
313 1498 456 1542 effwndi,
487 1498 549 1533 ubi
575 1510 670 1543 quae
703 1498 836 1533 similia
870 1497 1043 1543 exempla
1078 1497 1205 1533 afferri
1237 1496 1370 1542 solent,
1403 1496 1528 1532 omnia
1552 1508 1702 1542 prorsus

205 1570 280 1594 non
306 1558 507 1603 quadrant:
536 1557 603 1593 cfr.
630 1558 746 1594 etiam
770 1557 871 1592 infra
897 1569 932 1594 V.
957 1556 1037 1592 659.
1082 1556 1138 1592 De
1165 1555 1410 1592 collocatione
1436 1556 1469 1591 ei
1492 1555 1701 1601 particulae

205 1617 280 1653 vid.
307 1618 356 1653 ad
382 1617 429 1659 ΙΙ,
456 1617 536 1653 485.

302 1677 383 1713 644.
422 1677 551 1712 «Huius
577 1689 705 1713 versus
731 1676 959 1712 sententiam
985 1676 1144 1711 fortasse
1171 1675 1218 1711 de
1235 1675 1420 1710 industria
1443 1674 1613 1720 paullum
1637 1674 1701 1710 ob-

208 1737 374 1773 scuravit
397 1738 522 1783 poeta,
548 1748 596 1773 ne
623 1737 723 1772 Mars
748 1736 862 1782 plane
889 1735 1046 1771 dicendo
1079 1734 1316 1781 aliquomodo
1341 1735 1491 1780 patrem
1516 1733 1700 1769 offendat:
1884 1770 1890 1782 .-

207 1797 289 1832 vult
315 1796 414 1832 enim
440 1796 565 1832 dicere
591 1808 666 1832 non
691 1795 816 1832 omnia
832 1795 976 1840 templa
994 1794 1075 1830 Iovi
1091 1794 1217 1829 dicata
1243 1793 1401 1839 pulchra
1426 1804 1517 1834 esse,
1544 1793 1611 1828 sed
1629 1792 1702 1828 alia
1882 1789 1890 1835 ’ἶ

205 1855 362 1891 minus
387 1856 546 1901 pulchra
581 1866 694 1900 quam
721 1855 806 1896 alia,
846 1865 1022 1900 expressa
1061 1854 1188 1889 autem
1213 1854 1270 1889 est
1294 1852 1350 1887 ita
1375 1852 1570 1894 sententia,
1597 1851 1702 1897 quasi
1876 1835 1890 1903 l

206 1915 311 1951 dicat
337 1915 411 1951 alia
437 1915 519 1950 aliis
544 1915 758 1961 pulchriora
785 1925 875 1950 esse.
1879 1915 1886 1928 ²

300 1975 455 2010 donaria
484 1975 507 2011 i.
542 1986 571 2010 e.
597 1974 752 2020 templa,
780 1974 819 2008 in
845 1973 977 2019 quibus
1004 1973 1103 2008 dona
1128 1973 1340 2018 po'nantur;
1366 1971 1519 2018 proprie
1543 1982 1589 2007 ea
1613 1982 1700 2017 pars

205 2034 347 2079 templi,
373 2034 439 2069 ubi
471 2034 570 2069 dona
609 2034 816 2070 servantur.
855 2034 906 2068 sic
933 2033 1016 2068 Luc.
1042 2032 1105 2072 IX,
1133 2031 1219 2074 516;
1257 2043 1326 2077 pro
1351 2030 1500 2076 templis
1526 2030 1701 2066 dicuntur

203 2093 314 2138 Verg.
344 2105 469 2138 georg.
496 2093 565 2135 ΙΙΙ,
591 2093 678 2131 533;
706 2093 772 2129 Ov.
799 2103 868 2136 am.
895 2092 946 2136 ΙΙ,
974 2092 1028 2133 13,
1058 2091 1120 2132 13;
1147 2103 1213 2136 pro
1240 2090 1313 2126 aris
1339 2090 1424 2126 fast.
1450 2089 1518 2131 111,
1547 2089 1626 2125 335.

300 2152 381 2189 645.
430 2153 488 2188 his
513 2164 562 2188 sc.
591 2152 642 2188 eis
668 2163 763 2197 quae
789 2152 909 2186 minus
928 2151 1081 2196 pulchra
1098 2151 1184 2185 sunt
1201 2150 1361 2195 templa;
1388 2150 1436 2185 de
1453 2148 1699 2185 collocatione

206 2213 312 2248 etiam
337 2212 606 2247 coniunctionis
632 2212 705 2246 vid.
734 2212 784 2246 ad
808 2211 838 2255 Ι,
866 2211 945 2246 514.

300 2275 406 2316 atque
431 2283 502 2306 om.
530 2272 623 2315 Van,
651 2271 735 2306 add.
762 2271 878 2306 Burm

300 2330 380 2368 648.
426 2331 569 2374 possint
593 2330 690 2372 Vat.,
711 2334 866 2375 poscant
892 2329 981 2365 edit.
1009 2328 1092 2364 Ald.

298 2389 379 2426 650.
430 2390 470 2425 In
499 2389 651 2424 Gradivi
676 2389 911 2424 substantivo
924 2388 1093 2424 Valerius
1112 2387 1330 2433 plerumque
1346 2385 1514 2432 producit
1537 2385 1698 2431 primam

205 2449 391 2494 syllabam
415 2448 621 2494 Vergilium
646 2450 793 2484 secutus
821 2451 911 2483 Aen.
938 2447 1005 2488 ΙΙΙ,
1044 2448 1100 2488 35,
1140 2448 1182 2482 ut
1220 2447 1284 2491 ΙΙΙ,
1310 2445 1397 2488 498;
1434 2445 1498 2485 IV,
1525 2444 1618 2490 281‚·
1654 2445 1695 2487 V,

205 2509 290 2551 122;
319 2509 407 2551 142;
434 2508 520 2550 251;
547 2508 633 2554 6183
660 2507 722 2549 VI,
752 2508 788 2549 1;
824 2507 925 2548 VIII,
952 2507 1037 2554 22&
1077 2507 1220 2542 duobus
1246 2505 1336 2541 locis
1361 2504 1532 2550 corripit:
1572 2504 1632 2540 hic
1658 2506 1697 2540 et

204 2568 267 2609 IV,
306 2568 376 2603 602
415 2567 588 2603 Ovidium
623 2568 770 2603 secutus
807 2568 896 2602 met.
922 2565 984 2612 VI,
1021 2566 1102 2600 427.
1165 2565 1222 2600 Ne
1249 2564 1400 2600 Ovidius
1439 2563 1589 2609 quidem
1625 2563 1698 2599 sibi

205 2627 385 2669 constitit,
411 2627 486 2663 vid.
511 2627 601 2664 met.
627 2626 723 2666 XIV,
763 2625 850 2667 82Ο;
879 2625 963 2660 fast.
996 2625 1045 2666 ΙΙ,
1078 2624 1146 2659 861
1175 2624 1232 2667 aL,
1260 2634 1326 2659 nec
1351 2622 1470 2664 Silius,
1498 2622 1560 2668 qui
1585 2622 1696 2668 sylla-

204 2687 294 2722 bam
317 2687 478 2732 primam
504 2686 658 2731 corripit
683 2685 758 2731 XV,
786 2685 846 2726 153
873 2684 960 2726 3375
984 2683 1156 2730 producit
1181 2683 1210 2723 I,
1237 2683 1323 2724 433;
1351 2682 1421 2723 ΙΙΙ,
1448 2682 1528 2718 702.

1862 2740 1875 2774 ⁴²,
