1890 3100
563 266 949 303 ARGONAVTICON
975 266 1120 301 LIBER
1138 265 1198 299 Vl.
1442 309 1445 311 ‚
1538 265 1625 308 429

248 399 490 452 nequiquam
518 399 610 436 totis
639 404 895 437 revocantem
924 397 1073 435 viribus
1102 409 1243 434 armos.

246 530 289 568 in
315 529 420 567 latus
450 529 605 568 accedit
632 529 811 580 sonipe33
841 526 995 565 accedit
1023 532 1064 565 et
1091 527 1177 578 ipse

249 594 434 647 frigidus3
465 608 573 632 arma
601 593 758 640 cadunt,
788 598 894 631 rorat
922 591 1062 643 procul
1089 591 1228 629 ultima
1256 590 1407 641 cuspis:

250 659 409 712 qualem
437 659 633 711 populeae
661 657 851 696 fidentem
878 656 1049 695 nexibus
1077 655 1242 694 umbrae
1628 675 1683 704 200

249 725 372 777 siquis
401 738 517 763 avem
545 723 686 762 summi
714 722 888 761 deducat
915 722 965 760 ab
995 735 1088 760 aere
1117 722 1226 767 rami,

249 796 341 828 ante
369 803 488 828 manu
515 789 637 827 tacita
664 789 727 827 cui
754 788 924 839 plurima
952 788 1078 825 crevit
1105 786 1304 833 harund03

248 854 319 893 illa
345 854 447 892 dolis
475 853 664 905 viscoque
694 866 815 904 super
843 858 1025 903 correpta
1053 852 1186 890 tenaci

248 919 432 972 implorat
459 932 589 957 ramos
619 924 739 970 atque
768 918 877 956 irrita
906 917 1078 955 concitat
1106 916 1203 955 alas.

300 984 419 1022 Parte
449 984 527 1022 alia
553 983 709 1022 infestis
742 987 849 1032 (nam
876 983 957 1020 fors
986 983 1042 1020 ita
1069 982 1213 1030 iunxit)
1241 982 1283 1019 in
1311 981 1428 1019 armis
1630 995 1687 1025 205

250 1049 394 1101 Styrus
423 1048 550 1095 adest,
579 1048 792 1100 laetusque
821 1049 949 1085 virum
978 1047 1182 1098 cognoscit
1211 1046 1396 1093 Anausis,

251 1120 291 1153 et
318 1115 425 1166 prior
454 1119 517 1152 ‘en
546 1114 658 1151 cuius
687 1112 872 1151 thalamis
901 1113 1046 1151 Aeetia
1073 1112 1186 1163 virgo

145 1244 267 1290 priore
307 1244 439 1279 accedit
478 1255 552 1279 non
588 1242 888 1288 improbabiliter
910 1242 1011 1287 Bury
1048 1242 1292 1278 Hermathen.
1319 1241 1420 1286 VIII,
1462 1242 1533 1276 412
1559 1251 1634 1276 ecce

147 1303 243 1340 cadit
266 1303 435 1339 coniecit.
485 1302 529 1337 In
552 1301 796 1348 praefationis
820 1314 857 1347 p.
883 1301 1020 1337 XLVII
1045 1301 1154 1337 Thilo
1179 1301 1367 1336 sententia
1392 1313 1459 1336 sua
1484 1302 1632 1335 mutata

147 1362 270 1399 locum
293 1362 410 1398 refert
433 1362 532 1398 inter
558 1373 631 1406 eos,
657 1373 746 1407 quos
771 1362 885 1406 poeta
911 1373 985 1396 non
1011 1360 1280 1396 emendaverit.

239 1426 319 1464 259.
366 1427 537 1472 frigida-3:
563 1426 816 1469 moribundus,
858 1427 920 1461 cfr.
947 1426 1058 1471 Verg.
1088 1426 1180 1461 Aen.
1205 1425 1270 1470 IX,
1308 1425 1396 1466 415;
1438 1424 1503 1465 XI,
1543 1424 1635 1466 818;

148 1486 405 1533 Ooripp.10h.
431 1486 482 1521 IV
507 1486 592 1528 768;
620 1486 667 1522 de
691 1487 839 1521 mortuo
864 1485 1001 1520 dicitur
1025 1485 1135 1531 Verg.
1161 1496 1291 1531 georg.
1328 1485 1392 1525 IV
1420 1484 1506 1529 5063
1540 1484 1636 1520 Stat.

147 1545 265 1593 Theb.
289 1545 355 1591 IX,
379 1545 469 1592 8983
508 1545 592 1586 XII
630 1544 687 1580 29.

238 1604 320 1642 260.
362 1605 539 1650 populeae
563 1625 607 1630 —
631 1605 777 1639 umbrae
801 1604 823 1640 i.
852 1615 883 1641 e.
910 1605 1110 1640 densorum
1123 1615 1313 1640 ramorum
1331 1604 1485 1650 populi.-
1508 1604 1635 1639 umbra

146 1675 222 1701 non
243 1675 329 1700 raro
352 1664 504 1710 ponitur
527 1675 596 1709 pro
622 1664 753 1699 arbore
770 1664 943 1699 umbram
960 1663 1168 1708 efficiente5
1187 1664 1346 1708 populea
1357 1664 1485 1699 umbra
1504 1662 1637 1708 legitur

140 1722 258 1768 'Vel-g.
282 1734 410 1768 georg.
436 1722 497 1764 IV,
523 1723 609 1765 511;
635 1722 674 1757 id
699 1724 823 1758 autem
842 1723 1030 1767 audacius,
1048 1723 1149 1769 quod
1165 1734 1278 1758 nexus
1293 1723 1439 1758 umbrae
1455 1722 1636 1761 dicuntur,

149 1782 214 1829 qui
236 1783 324 1817 sunt
346 1782 511 1828 ipsorum
535 1793 732 1826 ramorum,
770 1782 836 1817 sed
862 1781 930 1818 cfr.
955 1793 1060 1818 caesa
1084 1803 1128 1808 -
1154 1783 1281 1817 umbra
1304 1782 1389 1825 VII,
1416 1782 1477 1823 55;
1508 1781 1639 1817 virides

147 1841 293 1876 sambrae
316 1841 411 1876 Stat.
436 1841 552 1876 Theb.
573 1840 635 1882 XI,
661 1840 731 1875 592
739 1854 748 1883 ;
773 1842 925 1877 m‘rentes
940 1841 1003 1886 IV,
1023 1841 1109 1879 797:
1133 1841 1339 1884 frondentes
1356 1840 1419 1879 Sil.
1436 1841 1524 1882 XII,
1550 1840 1637 1885 354;

148 1900 276 1936 vm‘do'e
291 1900 404 1945 caliqo
416 1900 553 1936 Auson.
570 1900 662 1935 Mos.
684 1900 740 1942 153
765 1900 859 1945 ἐφιεὶς
877 1921 919 1927 -
932 1901 1133 1945 populatur
1148 1922 1196 1927 —
1210 1901 1356 1936 umbras
1373 1899 1436 1935 Sil.
1462 1899 1525 1940 IV,
1551 1899 1637 1941 679;

149 1959 332 1995 radiatilis
355 1960 480 1994 umbra
496 1959 657 1996 Venant.
675 1959 773 1994 Fort.
799 1959 902 1995 vitae
927 1960 1038 1996 Mart.
1063 1960 1111 1996 II.
1138 1960 1217 1995 286.
1263 1959 1338 1995 Sed
1361 1959 1454 1994 illud
1471 1958 1640 1994 audacis-

150 2017 293 2059 simum,
312 2018 412 2065 quod
429 2018 565 2053 dicitur
589 2018 668 2053 avis
694 2018 828 2054 deduci
852 2020 897 2054 ab
914 2030 995 2053 aere
1010 2020 1138 2053 summi
1160 2020 1263 2054 rami.
1298 2019 1472 2053 Imitatus
1490 2018 1639 2054 videtur

152 2078 268 2123 poeta
284 2077 395 2123 Verg.
421 2088 550 2122 georg.
576 2076 626 2118 H,
654 2077 722 2112 123
750 2088 836 2112 aera
852 2079 990 2113 vincere
1006 2089 1178 2113 summum
1196 2079 1352 2124 arbori3;
1370 2078 1438 2113 sed
1454 2077 1638 2122 Vergilius

152 2136 314 2181 loquitur
330 2136 377 2171 de
390 2136 542 2181 sagitta,
567 2147 662 2180 quae
681 2147 749 2181 per
774 2147 879 2172 aera
904 2148 1013 2182 super
1031 2137 1204 2173 arborem
1229 2137 1369 2173 volat.
1396 2136 1566 2172 Valerius
1592 2136 1639 2172 de

156 2205 236 2236 ave,
262 2206 357 2241 quae
382 2195 515 2231 seder
540 2195 579 2230 in
603 2206 738 2231 ramo.

246 2253 327 2290 262.
377 2254 436 2289 cua·
460 2254 621 2298 plurima
661 2255 768 2289 crevit
808 2254 991 2290 harundo:
1042 2255 1213 2291 harundo
1255 2255 1455 2290 harundini
1495 2254 1640 2290 inclusa

156 2310 279 2348 subito
302 2312 342 2347 in
367 2313 484 2347 altum
508 2313 749 2348 tendebatur:
774 2313 813 2348 in
837 2325 981 2349 summa
1006 2316 1134 2350 autem
1158 2314 1366 2350 harundine
1391 2314 1534 2349 viscum
1548 2315 1640 2357 erat,

155 2370 205 2406 ad
241 2371 341 2416 quod
381 2372 459 2406 avis
502 2372 808 2419 adhaeresceret3
850 2373 896 2408 de
938 2373 1009 2408 hac
1052 2373 1199 2419 aucupii
1240 2373 1385 2410 raffione
1423 2373 1490 2409 cfr.
1516 2373 1640 2408 Plaut.

154 2429 290 2465 Bacch.
317 2430 380 2476 513
406 2430 515 2476 Prop.
542 2430 604 2475 IV,
629 2431 661 2475 2,
687 2430 752 2472 33;
791 2431 902 2467 Mart.
928 2431 991 2469 IX.
1018 2432 1075 2472 54,
1101 2432 1140 2476 3;
1177 2432 1276 2472 XIV,
1302 2432 1388 2471 218;
1431 2432 1582 2469 Petron.
1609 2443 1640 2467 c.

157 2487 242 2531 109;
285 2488 347 2524 Sil.
373 2489 457 2531 VII,
487 2488 556 2524 674
582 2501 700 2534 seqq.:
738 2489 893 2535 Oppian.
927 2502 1010 2536 eyn.
1035 2491 1110 2532 m,
1148 2491 1217 2526 487
1246 2493 1285 2527 et
1310 2493 1485 2527 accurate
1518 2491 1640 2536 dispu-

156 2547 303 2584 tantem
327 2547 531 2584 Zacherum
555 2548 679 2584 Herm.
706 2548 804 2585 XIX.
830 2549 900 2584 433
925 2561 1026 2595 seqq.

249 2606 330 2644 263.
378 2609 518 2652 sequaci
542 2607 638 2648 Vat..
665 2609 781 2643 tenaci
804 2608 1055 2648 Friesemann.

251 2665 331 2701 265.
379 2667 500 2701 inamzs
525 2666 621 2705 Vat..
647 2668 687 2702 in
711 2668 822 2703 armis
847 2668 904 2704 ed.
930 2668 1022 2705 Bon.
1049 2671 1087 2705 et
1113 2669 1194 2704 Ald.

252 2723 332 2761 266.
381 2726 542 2761 anausim
559 2728 653 2763 Vat..
681 2726 842 2762 Anausis
860 2726 1031 2769 Caussim
1058 2728 1104 2763 de
1131 2728 1269 2763 Anauni
1289 2728 1374 2763 vide
1393 2739 1505 2772 supra
1523 2739 1557 2764 v,
1582 2727 1638 2761 43.
