1890 3100
558 170 944 207 ARGONAVTIOON
967 170 1114 206 LIBER
1137 170 1200 205 VI.
1530 171 1615 214 407

245 292 337 344 ipsa·
359 304 503 337 comes,
532 291 654 329 saetis
682 290 842 342 fulgens
872 296 913 329 et
939 290 1123 339 cornibus
1152 289 1296 335 aureis,

246 363 338 396 ante
367 356 493 395 aciem
521 355 619 394 celsi
646 355 806 394 vehitur
832 356 1052 407 gestamine
1081 355 1188 393 conti

244 428 398 460 maesta
423 434 499 459 nec
527 422 568 459 in
597 434 743 459 saevae
769 421 883 459 lucos
909 419 1087 459 reditura.
1110 420 1280 458 Dianae.

245 487 368 524 movit
396 492 436 524 et
462 486 625 537 Hylaea
651 486 822 537 supplex
849 499 938 523 cum
966 490 1088 536 gente
1117 484 1283 535 Syenen

245 551 366 602 impia
392 551 572 602 germani
597 555 854 602 praetentans
882 549 1047 588 volnera
1072 550 1230 587 Perses.

247 615 406 654 densior
433 616 531 654 haut
556 628 724 667 usquam
751 628 828 653 nec
855 614 999 653 celsior
1026 613 1168 652 extulit
1196 613 1299 651 ullas

246 681 347 719 silva
372 681 519 728 traboe,
536 680 762 732 ,fessaeque
789 680 898 731 prius
925 679 1083 718 rediere
1110 679 1281 730 sagittae

247 774 1245 786 ----------------

246 813 341 864 quin
368 817 409 850 et
437 811 485 849 ab
514 811 714 862 Hyrcanis
741 811 923 848 Titanius
954 809 1105 861 expulit
1134 809 1255 847 antris

139 952 275 977 nomen
309 940 491 976 traditum
526 933 691 981 mutare,
729 940 827 985 quod
858 939 1029 975 Heinsius
1067 938 1173 975 fecit:
1211 950 1286 974 non
1324 938 1421 974 enim
1445 937 1617 974 Valerius

139 1000 317 1035 Phrixum
330 1000 461 1035 ducem
476 1010 555 1034 esse
569 1000 698 1034 horum
712 999 897 1044 agminmn
911 998 1013 1039 dixit,
1040 998 1107 1034 sed
1122 1010 1204 1034 eum
1217 999 1313 1034 laevo
1331 998 1444 1033 omine
1459 997 1618 1033 movisse

141 1061 309 1104 gentem,
346 1060 390 1093 ut
413 1059 553 1094 bellum
578 1058 798 1103 susciperet;
836 1059 985 1093 laevum
1010 1059 1136 1093 autem
1161 1069 1270 1093 omen
1293 1056 1499 1092 infaustum
1536 1068 1619 1092 esse

141 1119 300 1163 apparet
325 1129 370 1154 ex
396 1117 459 1162 eis,
485 1128 580 1162 quae
605 1119 825 1162 sequuntur;
852 1117 982 1151 datum
1007 1118 1064 1152 est
1089 1127 1198 1152 omen
1223 1118 1374 1152 auctore
1390 1115 1527 1151 Phrixo
1550 1126 1618 1161 per

142 1187 278 1212 cervam
299 1177 497 1219 fatidicam.
547 1176 652 1211 Hanc
677 1176 724 1211 de
750 1187 860 1211 cerva
884 1175 1135 1211 narrationem
1162 1175 1309 1211 finxisse
1334 1176 1446 1220 poeta
1473 1174 1620 1210 videtur

140 1235 307 1271 imitatus
333 1246 388 1279 ea,
414 1246 509 1280 quae
535 1235 582 1270 de
596 1234 760 1271 Sertorio
772 1235 1031 1273 tradebantur.
1058 1235 1119 1279 qui
1137 1246 1285 1270 cervam
1303 1245 1428 1270 secum
1440 1234 1618 1277 habebat,

143 1306 254 1339 quam
278 1294 423 1330 Dianae
459 1305 605 1329 sacram
641 1306 751 1339 seque
789 1294 917 1330 divino
943 1293 1094 1329 consilio
1130 1294 1258 1330 iuvare
1295 1293 1503 1333 simulabat.
1540 1292 1616 1328 vid.

143 1353 237 1389 Gell.
261 1353 336 1394 XV,
368 1354 430 1395 22;
462 1354 627 1389 Frontin.
660 1355 762 1390 strat.
789 1353 817 1390 Ι.
845 1354 900 1393 11,
934 1353 993 1395 13;
1031 1353 1127 1388 Plut.
1154 1353 1219 1389 vit.
1246 1352 1342 1389 Sert.
1368 1364 1399 1390 c.
1425 1353 1468 1387 11
1496 1353 1535 1388 et
1558 1351 1615 1387 20.

144 1411 217 1448 cfr.
245 1412 358 1448 etiam
381 1411 511 1448 Iustin.
537 1412 620 1450 VII.
647 1413 679 1458 1,
704 1412 737 1447 9.
791 1414 794 1415 ’

234 1477 290 1513 71.
339 1478 419 1522 ipsa
444 1487 555 1512 omne-s·
578 1477 602 1513 i.
628 1489 657 1512 e.
684 1477 797 1523 ipsius
824 1478 956 1513 cervae
980 1477 1123 1522 effigies
1147 1478 1327 1522 tanquam
1352 1477 1499 1523 signum
1522 1476 1617 1512 mili-

140 1537 227 1587 tare
256 1537 344 1572 ante
370 1536 488 1571 aciem
523 1537 706 1581 portatur.
770 1536 970 1572 Offensiom'
1002 1535 1187 1572 nonnullis
1213 1536 1286 1571 fuit
1310 1547 1421 1572 cerva
1446 1536 1619 1572 cornibus

142 1595 319 1640 praedita,
345 1595 409 1630 sed
434 1595 525 1630 talia
548 1607 624 1630 non
649 1598 780 1631 curant
807 1597 955 1641 poetae.
982 1595 1042 1641 qui
1066 1607 1141 1631 non
1167 1595 1344 1631 confundi
1370 1595 1511 1631 debent
1535 1607 1619 1630 cum

139 1653 318 1700 physicis:
356 1654 471 1690 etiam
496 1653 530 1689 ei
556 1665 697 1695 cervae,
737 1666 831 1699 quae
857 1654 999 1690 Dianae
1024 1666 1130 1690 sacra
1156 1655 1203 1689 ab
1228 1654 1388 1690 Hercule
1414 1656 1527 1700 capta
1553 1657 1617 1695 est,

141 1724 279 1748 cornua
310 1724 424 1748 aurea
453 1713 683 1755 tribuuntur;
721 1713 794 1748 vid.
820 1713 982 1749 Boeckh.
1016 1714 1144 1760 explic.
1176 1713 1226 1748 ad
1249 1713 1356 1749 Pind.
1383 1713 1438 1749 Ol.
1464 1713 1535 1755 111,
1560 1713 1619 1749 26.

235 1771 292 1807 73.
339 1771 418 1818 Ipsi
455 1771 559 1817 signo
591 1772 740 1818 poetica
771 1784 853 1808 cum
886 1773 1040 1820 audacia
1071 1773 1262 1809 maestitia
1292 1773 1486 1815 tribuitur;
1523 1773 1620 1808 necis

142 1831 240 1872 Vat..
265 1842 328 1866 nec
351 1831 391 1866 in
414 1831 472 1866 ed.
498 1831 591 1871 Ald„
618 1832 694 1867 laco
717 1831 813 1873 vat.
840 1832 936 1867 lucos
960 1822 1084 1867 Heins.

200 1907 207 1910 Α
236 1895 292 1931 74.
341 1896 474 1942 Hylaei
497 1896 672 1931 habitant
696 1896 731 1930 in
759 1896 908 1931 sinistra
924 1897 1007 1942 ripa
1022 1897 1283 1942 Borysthenis:
1310 1897 1445 1933 Herod.
1463 1897 1525 1938 IV,
1555 1897 1616 1939 183

141 1954 257 1990 etiam
280 1953 319 1989 in
345 1954 477 1990 dextra
500 1956 598 1990 teste
622 1954 716 1990 Plin.
742 1957 818 1990 nat.
844 1955 928 1991 hist.
954 1955 1018 1997 IV,
1042 1956 1099 1991 84.

235 2019 290 2053 75.
337 2023 567 2064 praetentans
608 2020 753 2055 vulnera
793 2020 816 2055 i.
856 2031 887 2056 e.
925 2021 1060 2056 iterum
1100 2021 1309 2066 iterumque
1348 2021 1617 2067 praetendens;

141 2089 362 2123 quamquam
385 2078 651 2124 praetentandi
675 2079 829 2114 verbum
854 2080 925 2114 hac
950 2080 1101 2115 notione
1124 2080 1197 2115 alio
1215 2080 1295 2116 loco
1320 2092 1395 2115 non
1419 2080 1616 2127 reperitur,

138 2138 267 2172 tamen
290 2137 383 2172 nihil
407 2137 626 2172 mutandum
651 2137 808 2173 videtur.

233 2201 289 2238 77.
337 2201 428 2237 Post
445 2202 541 2237 hunc
566 2202 746 2238 excidisse
769 2214 917 2238 versum
942 2205 1111 2249 apparet,
1137 2204 1239 2239 cuius
1263 2205 1450 2241 sententia
1476 2216 1520 2240 ea
1538 2204 1618 2240 fere

138 2259 223 2306 fuit,
260 2271 355 2305 quae
392 2261 603 2297 continetur
635 2273 743 2296 versu
779 2261 818 2296 in
850 2262 905 2298 ed.
931 2263 1023 2298 Bon.
1056 2264 1095 2298 et
1124 2263 1208 2298 Ald.
1241 2263 1370 2299 addito
1400 2264 1540 2300 arboris
1570 2265 1619 2299 ad

137 2330 307 2356 summum
339 2331 443 2365 quam
471 2331 661 2364 pervenere
696 2331 877 2363 cacumem
916 2321 982 2359 cfr.
1008 2322 1117 2367 Verg.
1148 2334 1276 2368 georg.
1302 2323 1349 2363 ΙΙ,
1377 2323 1445 2358 123
1472 2323 1617 2370 (Indiae

136 2377 224 2422 luci)
246 2379 310 2414 ubi
333 2389 418 2414 aera
442 2380 578 2414 vincere
593 2390 764 2414 summu-m
781 2380 933 2416 Arboris
948 2382 1047 2416 haud
1068 2382 1161 2417 ullae
1183 2383 1280 2417 iactu
1290 2386 1439 2427 powere
1453 2385 1616 2428 sayiaeae.

232 2448 286 2484 79.
336 2449 500 2495 Hyrcani
535 2450 637 2486 nullo
673 2450 809 2486 indicio
848 2451 974 2487 addito
1006 2453 1119 2488 etiam
1144 2465 1178 2489 v.
1206 2454 1272 2488 114
1299 2453 1543 2494 nominantur.
1571 2465 1615 2489 ex

138 2517 209 2552 quo
233 2509 393 2553 apparet
418 2503 536 2544 altero
562 2511 646 2545 utro
671 2510 751 2545 loco
776 2511 1024 2556 corruptelam
1050 2523 1146 2551 esse,
1172 2513 1239 2548 sed
1263 2515 1347 2548 utro
1372 2513 1453 2549 loco
1479 2524 1614 2548 nomen

134 2565 260 2610 gent-12
297 2570 511 2612 corruptum
551 2568 598 2603 sit
624 2570 662 2604 et
686 2568 775 2613 quid
811 2570 1092 2609 restituendum.
1126 2583 1201 2607 nou
1238 2571 1348 2607 facile
1382 2572 1461 2616 quis
1488 2571 1617 2607 dicere

136 2624 284 2669 poterit.
346 2625 506 2670 Hyrcani
542 2638 654 2672 saepe
692 2639 713 2662 a.
750 2628 990 2674 scriptoribus
1027 2631 1307 2666 commemorati
1342 2631 1564 2665 habitabant.
1596 2641 1618 2665 a
