1890 3100
284 270 371 313 310
807 264 845 301 C.
871 264 1052 299 VALERI
1079 264 1253 300 FLACCI

393 387 478 426 ibat
507 387 612 438 agris
641 386 686 424 Io
715 386 860 424 victrix
887 386 1064 433 Iunonis,
1097 391 1137 424 et
1166 399 1260 424 ecce

393 467 482 491 cum
510 452 665 490 facibus
696 452 894 504 spirisque
925 457 965 490 et
993 452 1187 489 Tartareo
1217 450 1373 489 ululatu

393 518 643 569 Tisiphonen
671 516 803 555 videt:
847 531 892 555 ac
922 517 1047 568 primo
1077 517 1249 567 vestigia
1276 517 1366 554 visu

391 583 479 635 figit
508 588 548 621 et
576 583 617 621 in
645 583 816 621 miserae
845 595 981 620 rursus
1010 582 1126 620 bovis
1157 595 1225 620 ora
1253 582 1431 629 recurrit,

393 662 469 687 nec
500 661 579 700 qua
605 648 713 686 valle
742 661 905 695 memor,
935 661 1011 686 nec
1042 661 1120 700 quo
1151 661 1194 686 se
1223 647 1374 685 vertice
1405 647 1528 685 sistat.

393 714 578 752 Inachias
610 727 742 752 errore
774 714 893 751 etiam
923 712 1101 751 defertur
1130 712 1181 751 ad
1210 712 1338 751 undas

394 779 523 832 qualis
555 784 594 817 et
623 793 647 817 a
674 779 800 830 prima
831 784 1022 831 quantum
1051 784 1204 816 mutata
1232 778 1420 816 iuvenca!

392 858 469 883 nec
496 850 612 896 pater
641 849 709 882 aut
736 843 917 895 trepidae
946 848 1145 895 temptant
1174 842 1367 882 accedere
1396 843 1608 894 nymphae.

394 923 490 961 ergo
519 910 662 948 iterum
693 909 828 956 silvas,
857 909 1001 947 iterum
1029 909 1130 960 petit
1158 908 1266 947 invia
1294 914 1399 947 retro

393 988 467 1013 ceu
498 975 629 1026 Styga
657 974 848 1012 dilectum
877 973 1037 1025 fugiens
1067 979 1204 1025 caput3
1233 973 1327 1012 inde
1356 987 1428 1026 per
1455 974 1576 1012 urbes

395 1046 575 1092 raptatur
605 1039 747 1079 Graias
779 1045 900 1091 atque
930 1038 1055 1077 ardua
1083 1039 1247 1077 flumina
1274 1039 1381 1090 ripis,

395 1105 531 1144 oblato
561 1105 690 1144 donec
718 1105 883 1157 paulum
912 1110 1100 1143 cunctata
1126 1103 1326 1156 profundo

393 1171 548 1209 incidit:
593 1170 793 1209 absistunt
820 1170 962 1208 fluctus
994 1175 1034 1208 et
1064 1183 1189 1221 gnara
1215 1170 1338 1208 futuri

1778 586 1834 615 395

394 1236 490 1274 dant
517 1235 688 1288 pavidae
718 1235 800 1274 alta
827 1236 957 1283 viam3
1003 1235 1121 1274 celsis
1150 1234 1290 1286 procul
1319 1235 1407 1286 ipsa
1435 1235 1609 1286 refulget
1779 1241 1834 1270 405

285 1374 395 1420 Apul.
421 1374 510 1409 met.
538 1373 556 1408 I
580 1373 662 1409 im't.
687 1373 826 1418 fiyuras
849 1370 1084 1416 fortunasque
1108 1372 1287 1406 hommum
1313 1373 1353 1407 in
1379 1372 1471 1407 alias
1503 1372 1674 1417 imaqines
1699 1382 1780 1407 con-

284 1445 408 1469 versas
433 1437 465 1468 et
490 1434 529 1468 in
553 1444 590 1468 se
614 1443 757 1467 rursum
784 1435 904 1467 mutuo
929 1442 1023 1466 nexa
1047 1431 1198 1474 refectas
1222 1435 1262 1466 ut
1287 1431 1427 1466 mireris
1451 1431 1625 1468 exordior.

379 1493 420 1528 in
444 1493 598 1537 imayine
617 1492 754 1536 prisea,
783 1491 850 1527 cfr.
877 1490 926 1536 Π,
953 1491 1030 1525 174.

383 1551 462 1587 393.
514 1552 691 1596 spirisque
716 1562 765 1586 sc.
793 1550 980 1595 anguium.

380 1611 437 1646 De
464 1611 566 1646 exitu
591 1621 720 1646 versus
747 1609 812 1645 cfr.
839 1609 949 1654 Verg.
976 1609 1068 1645 Aen.
1087 1609 1148 1651 IV,
1167 1609 1256 1654 6673
1281 1609 1368 1645 vide
1383 1610 1580 1655 praeterea
1596 1608 1676 1644 Val.
1699 1609 1781 1654 VII,

285 1670 372 1712 405;
397 1670 500 1711 VIII,
527 1670 613 1717 2593
641 1670 775 1705 eadem
794 1668 1047 1714 discrepantia
1063 1669 1162 1704 inter
1190 1670 1384 1704 accentum
1403 1669 1441 1705 et
1457 1668 1574 1704 ictum
1590 1668 1780 1704 invenitur

286 1730 317 1776 Ι,
343 1730 424 1766 842.

381 1789 462 1826 394.
514 1788 647 1824 Oestro
665 1788 795 1824 Ionem
822 1788 1006 1833 agitatam
1033 1799 1113 1824 esse
1140 1800 1162 1823 a
1186 1788 1373 1833 plerisque
1399 1789 1592 1835 narratur3
1610 1787 1780 1826 Valerius

287 1848 473 1885 consentit
500 1860 583 1883 cum
610 1848 714 1884 Ovid.
742 1849 830 1884 met.
857 1848 886 1889 I,
915 1848 993 1889 725,
1021 1847 1084 1892 qui
1108 1847 1248 1893 Erinyn
1273 1847 1451 1883 nominat.

382 1908 462 1944 395.
513 1908 577 1943 Bis
603 1907 764 1944 formam
790 1907 889 1943 Ionis
928 1907 967 1942 in
992 1917 1146 1943 vaccam
1183 1908 1374 1942 mutatam
1401 1918 1480 1943 esse
1505 1907 1584 1952 ipse
1610 1906 1780 1942 Valerius

288 1968 404 2003 finxit.

383 2027 463 2063 396.
514 2038 582 2072 quo
608 2026 704 2068 Vat„
731 2038 794 2062 nec
819 2038 887 2072 quo
914 2027 971 2063 ed.
996 2027 1090 2062 Bon.
1119 2028 1157 2062 et
1181 2026 1264 2062 Ald.

383 2098 456 2122 non
493 2097 677 2122 memorem
713 2086 843 2122 Ionem
881 2086 973 2121 dicit
1009 2086 1197 2127 Valerius,
1246 2097 1341 2130 quae
1383 2085 1491 2131 inops
1535 2086 1593 2120 est
1637 2084 1779 2120 consilii

287 2157 410 2191 neque
436 2146 650 2181 considerat
676 2146 742 2180 aut
768 2145 848 2186 scit,
877 2145 966 2190 quid
993 2144 1120 2181 faciat.

382 2204 462 2240 398.
514 2217 537 2239 α
548 2206 672 2250 prima
688 2209 857 2250 quantum
884 2209 1023 2240 mutata
1053 2207 1218 2240 iuvenca:
1244 2204 1356 2249 Verg.
1377 2204 1468 2240 Aen.
1483 2204 1532 2246 II,
1549 2203 1636 2251 ‘2743
1656 2204 1781 2248 prima

286 2276 356 2310 pro
375 2265 509 2309 priore,
536 2264 574 2299 in
601 2276 713 2309 quam
739 2266 853 2300 antea
878 2265 1024 2299 mutata
1049 2264 1175 2300 fuerat
1200 2265 1311 2309 longe
1335 2263 1598 2309 pulchriorem,
1636 2262 1703 2300 cfr.
1730 2263 1779 2297 ad

287 2323 351 2366 ΠΙ,
378 2323 458 2358 501.

383 2382 463 2417 401.
517 2383 609 2428 Styx
621 2383 773 2428 ponitur
790 2384 972 2428 tanquam
997 2394 1056 2418 res
1074 2383 1236 2418 maxime
1255 2382 1508 2418 abominanda
1525 2383 1564 2417 et
1582 2381 1778 2427 fugienda,

288 2442 363 2480 vid.
389 2442 496 2478 Hom.
522 2442 563 2478 11.
591 2441 653 2487 IX,
679 2442 766 2484 312;
795 2442 862 2477 Od.
889 2441 984 2483 XIV,
1013 2442 1092 2478 156.

383 2501 463 2536 402.
515 2501 633 2536 ardua
654 2502 805 2544 flumina
841 2502 932 2546 ripis*
955 2513 1024 2547 pro
1051 2512 1095 2537 eo
1121 2502 1221 2546 quod
1247 2502 1305 2537 est
1330 2500 1484 2536 flumina
1522 2500 1650 2536 arduis
1676 2500 1778 2546 ripis,

291 2560 357 2597 cfr.
386 2561 435 2595 ad
460 2560 526 2598 III.
551 2561 585 2596 4.

383 2620 463 2656 405.
512 2620 649 2665 pavida
685 2620 790 2660 Vat.‚
830 2620 929 2665 quod
971 2631 1196 2665 quamquam
1235 2619 1412 2664 explicari
1447 2620 1593 2664 potest,
1649 2620 1778 2655 tamen

290 2680 501 2716 sententiae
554 2680 674 2725 magis
717 2671 846 2725 aptum
886 2679 1035 2715 videtur
1083 2680 1239 2723 pavidae
1279 2679 1317 2713 in
1360 2679 1416 2716 ed.
1470 2678 1561 2714 Bon.
1607 2679 1645 2714 et
1694 2679 1776 2714 Ald.

289 2741 493 2785 receptum.

1859 2525 1890 2743 ἕ

1858 2770 1870 2783 9

1858 2835 1859 2842 1

1843 3004 1847 3011 ι

1843 3063 1861 3083 33
1876 2812 1890 3100 Ι

1841 3085 1863 3100 a..

1886 2187 1890 2218 ἲ

1886 2223 1890 2239 Ι

1873 2378 1890 2519 g

1878 2656 1881 2667 ἲ

1882 2693 1887 2704 ,

1862 2708 1882 2746 ,⁶

1861 2747 1878 2767 δ
