1890 3100
308 281 394 324 454
853 279 889 315 c.
916 279 1097 314 VALERI
1123 279 1297 315 FLAOOI

416 398 586 438 Aeoliae
615 399 812 450 necopina
841 398 998 446 domus,
1031 403 1091 436 sat
1119 411 1264 449 magna
1292 397 1473 436 laborum

417 463 522 502 dona
550 464 647 511 fero,
679 465 774 502 satis
803 464 880 502 hoc
908 464 997 502 visu
1027 475 1304 515 quaecumque
1333 462 1533 514 rcpendo’.

415 529 514 567 dixit
542 535 582 567 et
610 530 651 567 in
681 529 834 567 Sueten
862 530 1076 580 magnique
1106 529 1147 566 in
1175 527 1258 566 fata
1287 527 1475 566 Ceramni
1792 537 1847 567 550

417 595 577 633 emicuit
606 594 859 647 clipeumque
889 599 1024 632 rotans
1054 594 1159 631 hunc
1188 593 1338 645 poplite
1369 606 1487 632 caeso

414 659 545 708 deicit,
576 660 687 698 illum
718 661 844 712 aperit
872 660 953 698 lato
982 674 1054 712 per
1082 665 1222 711 pectus
1252 659 1375 697 hiatu.

412 725 546 777 Argus
575 732 786 778 utrumque
817 726 866 764 ab
897 727 1010 778 equis
1039 725 1192 777 ingenti
1219 726 1385 776 porrigit
1414 738 1509 763 arvo

415 797 456 829 et
485 791 680 829 Zacorum
710 796 750 829 et
778 790 968 838 Phalcen,
999 790 1175 842 peditem
1202 789 1327 841 pedes
1357 790 1489 828 haurit
1517 790 1732 828 Amastrin.

415 856 619 907 sanguinis
648 856 716 894 ille
747 855 888 906 globos
919 856 1126 908 effusaque
1155 856 1312 893 viscera
1340 861 1473 906 gestat
1793 858 1847 887 555

400 956 480 992 549.
529 956 619 991 satis
643 956 708 991 hoc
731 956 813 990 visu
837 966 1072 1000 quaecumque
1083 955 1236 1000 rependo
1249 955 1271 989 i.
1292 966 1322 991 e.
1343 955 1511 991 consolor
1529 966 1791 1001 quaecumque,

307 1017 377 1052 hoc
401 1016 482 1051 visu
509 1026 553 1050 ea
578 1014 797 1060 rependens,
838 1014 937 1059 quod
968 1014 1176 1049 accuratius
1209 1014 1390 1059 expressit
1415 1013 1525 1059 Verg.
1551 1014 1640 1050 Aen.
1668 1014 1696 1055 I,
1723 1015 1793 1050 238

307 1086 398 1120 seq.;
430 1085 665 1119 quaecumque
690 1085 739 1109 sc.
766 1073 869 1108 faeta
894 1075 981 1108 sunt
1005 1073 1066 1109 vel
1091 1073 1192 1114 fient,
1221 1072 1286 1108 cfr.
1315 1074 1357 1117 V,
1382 1072 1471 1118 4903
1497 1073 1580 1119 VII,
1607 1073 1687 1110 480.

399 1139 480 1175 550.
546 1140 586 1175 in
620 1139 702 1182 fata
741 1138 904 1174 Ceramni
940 1139 1080 1174 emicuit
1103 1138 1284 1180 Valerius,
1324 1138 1413 1172 dum
1450 1138 1578 1174 studet
1612 1138 1791 1174 inusitate

304 1199 413 1245 loqui,
458 1210 608 1244 prorsus
645 1198 881 1243 ineleganter
919 1197 1013 1232 dixit
1049 1209 1117 1243 pro
1157 1209 1200 1233 eo
1239 1197 1338 1242 quod
1376 1199 1433 1232 est
1456 1198 1623 1242 impetum
1645 1197 1732 1240 feeit
1754 1198 1794 1233 in

307 1258 526 1294 Ceramnum.

398 1318 478 1352 551.
529 1317 677 1362 elipeum
701 1321 826 1352 rotans
851 1317 963 1352 Iason
1001 1316 1145 1357 dicitur,
1185 1316 1247 1361 qui
1279 1328 1363 1351 cum
1400 1316 1543 1351 duobus
1570 1316 1792 1352 adversariis

303 1389 474 1423 pugnans
500 1377 611 1412 modo
636 1377 708 1411 huc
733 1376 844 1412 modo
870 1375 958 1411 illuc
975 1375 1133 1421 clipeum
1152 1375 1341 1411 obiciebat
1359 1375 1408 1410 ad
1426 1387 1558 1421 corpus
1574 1376 1788 1421 tegendum.

398 1442 479 1477 552.
530 1442 648 1486 deicit3
686 1441 772 1477 vide
810 1452 922 1486 supra
960 1441 1009 1476 ad
1046 1453 1078 1475 v.
1120 1440 1204 1485 1943
1229 1441 1328 1476 illum
1353 1441 1471 1485 aperit
1495 1461 1540 1466 —
1559 1451 1628 1485 per
1648 1445 1790 1485 peetus:

305 1502 343 1537 et
367 1502 438 1537 hoc
463 1512 607 1546 quoque
632 1500 810 1536 inusitate
837 1500 987 1540 dictum,
1015 1511 1099 1535 cum
1114 1500 1333 1545 plerumque
1351 1499 1540 1535 obiectum
1565 1500 1727 1535 addatur
1749 1511 1794 1536 ea

302 1572 409 1606 pars
448 1560 621 1605 corporis,
660 1571 753 1605 quae
791 1560 945 1596 vulnere
971 1559 1153 1604 aperitur:
1180 1559 1290 1604 Verg.
1316 1561 1407 1595 Aen.
1432 1559 1478 1600 X,
1506 1559 1590 1601 314;
1617 1559 1680 1604 XI,
1706 1559 1792 1602 6663

305 1619 369 1655 Ov.
397 1620 474 1655 her.
501 1619 603 1659 VIII,
645 1620 705 1661 51;
743 1619 830 1655 Luc.
856 1619 918 1660 VI,
945 1619 1031 1660 555;
1059 1618 1143 1664 7223
1178 1618 1257 1654 Iuv.
1284 1618 1347 1659 IX,
1375 1618 1436 1660 98;
1474 1618 1650 1654 recludere
1669 1622 1794 1663 pectus

305 1679 438 1715 eadem
463 1678 651 1715 sententia
676 1678 903 1724 scripserunt
927 1678 1016 1714 Hor.
1043 1677 1149 1723 epod.
1169 1677 1284 1719 XVII,
1304 1677 1366 1720 713
1392 1678 1503 1723 Verg.
1521 1677 1613 1714 Aen.
1632 1678 1678 1719 X.
1705 1678 1792 1720 601;

303 1738 398 1775 Stat.
425 1738 542 1774 Theb.
568 1738 610 1779 V,
637 1738 707 1772 252
715 1751 724 1780 ;
749 1748 908 1773 reserare
931 1738 1027 1782 trag.
1055 1737 1135 1772 Oct.
1162 1736 1241 1772 367.

400 1797 574 1833 Ceterum
610 1797 704 1832 miro
742 1808 867 1832 errore
903 1796 1126 1841 interpretes
1163 1795 1373 1832 subiectum
1415 1796 1615 1832 verborum
1652 1797 1792 1832 emicuit

304 1857 408 1892 deicit
432 1858 552 1902 aperit
588 1856 730 1901 Argum
756 1856 928 1892 fecerunt
963 1867 1032 1901 pro
1058 1856 1208 1897 Iasone;
1246 1856 1348 1891 recte
1373 1855 1600 1891 recentiores
1628 1855 1790 1891 editores

303 1916 518 1962 Philippum
530 1916 762 1961 Wagnerum
787 1915 906 1950 secuti
929 1916 1015 1960 post
1033 1914 1240 1950 ablativum
1258 1915 1362 1950 hiatu
1377 1916 1559 1960 punctum
1574 1916 1790 1961 posuerunt.

401 1975 481 2011 553.
508 1987 597 2011 auro
622 1975 719 2015 Vat.,
759 1986 844 2010 arvo
884 1975 940 2010 ed.
967 1974 1084 2016 Iunt.;
1122 1975 1258 2019 iuqenti
1288 1985 1374 2009 arvo
1407 1975 1499 2010 nota
1525 1974 1791 2010 consuetudine

301 2035 500 2081 poetarum
527 2034 716 2080 epicorum
741 2034 891 2075 dictum,
919 2033 980 2080 qui
1004 2033 1302 2079 magnitudinem
1327 2045 1522 2079 corporum
1545 2033 1700 2068 heroum
1716 2044 1792 2069 me-
1867 2047 1878 2095 ζ·

302 2094 447 2129 tiuntur
472 2093 604 2139 spatio,
648 2094 747 2138 quod
788 2093 927 2129 mortui
962 2094 1112 2138 tegant:
1150 2092 1202 2128 sic
1238 2092 1314 2127 iam
1337 2092 1528 2134 Homerus,
1568 2092 1634 2128 sed
1664 2093 1793 2128 tamen

302 2153 530 2189 moderatius
545 2153 586 2188 ΙΙ.
604 2153 704 2194 XVI,
720 2153 789 2188 776
805 2154 843 2188 et
859 2152 997 2193 XVIII,
1020 2152 1082 2194 263
1108 2163 1197 2187 nam
1214 2151 1312 2196 XXI,
1326 2151 1406 2193 407,
1426 2151 1490 2187 ubi
1506 2151 1605 2186 Mars
1624 2151 1792 2187 cadendo

302 2209 385 2249 ἑπτὰ
422 2211 564 2258 πέλεῦρα
601 2211 741 2259 ἐπισχεῖν
781 2212 926 2257 dicitur,
968 2211 1040 2247 dei
1077 2211 1271 2256 ingentem
1302 2210 1464 2257 corporis
1496 2211 1793 2256 magnitudinem

301 2271 468 2307 indicare
494 2271 622 2307 voluit.
675 2271 749 2307 Cfr.
786 2272 984 2316 praeterea
1009 2270 1120 2316 Verg.
1146 2272 1236 2306 Aen.
1264 2270 1329 2312 IX,
1355 2269 1441 2312 589;
1483 2269 1548 2305 Ov.
1574 2271 1662 2306 met.
1688 2270 1790 2319 VIII,
1858 2299 1863 2320 3

302 2330 388 2373 4223
415 2329 476 2365 Sil.
503 2331 565 2372 IV,
592 2330 678 2372 29&
706 2333 742 2366 et
766 2330 849 2366 Val.
874 2330 988 2376 ipsius
1015 2329 1076 2375 IV,
1102 2329 1182 2365 320.

398 2389 477 2425 554.
527 2389 583 2425 De
610 2390 743 2424 Phalee
767 2389 842 2425 vid.
869 2389 918 2424 ad
942 2401 975 2423 v.
1002 2388 1081 2423 245.

397 2449 520 2484 haurit
543 2448 756 2495 Amasbrim3
795 2449 841 2483 de
879 2447 1075 2483 hauriendi
1112 2448 1226 2483 verbo
1263 2448 1364 2483 idem
1398 2447 1513 2489 valet,
1554 2448 1652 2493 quod
1678 2459 1789 2494 supra

303 2508 349 2544 de
376 2507 569 2554 aperiendi
594 2507 735 2543 dictum
760 2508 833 2549 est;
860 2507 934 2544 vid.
952 2507 1062 2552 Verg.
1089 2506 1179 2542 Aen.
1206 2508 1252 2553 X,
1278 2507 1366 2549 314;
1394 2507 1498 2542 Lucr.
1516 2506 1558 2547 V,
1586 2507 1695 2549 1322;
1723 2506 1787 2542 Ov.
1847 2537 1850 2539 Α

301 2568 389 2603 met.
416 2567 458 2613 V,
494 2567 581 2609 126;
619 2566 721 2612 VIII,
761 2567 848 2609 371;
887 2566 972 2608 439;
1011 2565 1075 2609 IX,
1114 2566 1199 2609 411;
1225 2566 1299 2613 3811.
1326 2566 1355 2606 Ι,
1382 2565 1470 2608 392;
1511 2565 1552 2612 V,
1577 2566 1658 2608 525;
1704 2566 1785 2602 Sen.

301 2626 434 2672 Agam.
460 2626 540 2662 890.

395 2685 474 2720 555.
524 2686 712 2732 sanquiuis
735 2686 792 2720 ille
815 2684 953 2730 9l0b08;
989 2685 1052 2719 cfr.
1080 2684 1189 2730 Verg.
1215 2684 1306 2721 Aen.
1331 2684 1396 2731 XI,
1427 2685 1496 2720 668
1521 2685 1708 2730 sanguinis
1731 2684 1790 2720 ille

301 2755 440 2780 vomens
463 2746 578 2787 vivom
606 2745 671 2782 Ov.
698 2746 786 2780 met.
812 2743 899 2788 XII,
933 2743 1002 2778 238
1027 2744 1214 2788 sanquinis
1239 2745 1297 2779 ille
1323 2745 1443 2789 ylobos
1467 2765 1511 2770 —
1537 2755 1696 2789 vomem;
1719 2744 1789 2779 hac
1840 2770 1841 2773 η
