1890 3100
242 261 325 303 192
759 257 796 293 C.
824 256 1002 292 VALERI
1026 255 1199 292 FLACCI

345 391 418 417 rex
447 378 552 417 subit
582 384 622 416 et
649 378 776 430 patrio
805 377 911 415 fatur
938 377 1042 416 male
1071 377 1201 416 laetus
1232 390 1382 415 amore:

347 444 529 482 ‘maxime
560 443 845 494 Graiugenum,
878 456 996 495 quem
1025 457 1104 482 non
1135 443 1258 494 Sigea
1285 447 1490 494 petentem

345 510 462 547 litora
489 523 564 548 nee
592 514 752 547 nostrae
781 509 1037 547 miserantem
1069 509 1211 547 funera
1238 509 1383 547 Troiae

347 574 499 626 appulit
527 575 588 612 his
617 573 698 612 fors
726 574 814 626 ipsa
840 574 950 622 locis,
982 575 1014 612 si
1042 587 1138 612 vera
1165 579 1372 626 parentem

344 640 451 678 fama
480 642 617 679 Iovem
647 640 869 691 summique
898 639 970 678 tibi
998 653 1124 691 genus
1155 652 1244 678 esse
1273 639 1479 686 Tonantis,
1719 640 1774 670 560

346 711 482 744 noster
511 705 606 744 ades
635 705 861 757 iunctisque
890 705 1020 752 venis;
1053 710 1159 743 sator
1188 717 1290 742 unus
1320 710 1360 743 et
1388 704 1494 742 idem

346 772 477 824 stirpis
507 772 646 818 honos,
678 784 917 824 quamquam
945 771 1076 822 longis
1107 769 1369 821 disiungimur
1397 770 1485 808 oris.

346 843 442 890 quot
469 837 566 875 mihi
592 842 684 888 post
711 837 905 883 lacrimas,
936 842 1026 887 post
1055 841 1203 887 quanta
1230 835 1388 887 piacula
1416 841 1572 886 patrum

346 916 458 941 serus
489 902 603 941 ades!
636 915 754 954 quam
782 915 905 954 parva
931 901 1011 939 tuis
1040 901 1119 938 iam
1148 900 1274 952 gloria
1301 900 1435 938 factis!

344 981 483 1006 verum
512 981 587 1020 age
616 981 721 1006 nuno
750 968 877 1006 socios
906 967 1090 1005 fraternis
1119 966 1327 1004 moenibus
1356 965 1475 1014 infer,
1722 973 1775 1003 565

346 1034 519 1071 crastina
545 1033 616 1070 lux
643 1032 801 1083 biiuges
832 1031 999 1070 stabulis
1030 1030 1215 1069 ostendat
1244 1031 1415 1082 apertis?

346 1098 501 1137 dixerat
529 1098 647 1146 haec;
676 1098 901 1149 tacitusque
932 1096 1042 1135 dolos
1074 1096 1280 1148 dirumque
1308 1096 1463 1134 volutat

346 1163 464 1203 corde
494 1163 619 1211 nefas,
651 1163 830 1202 clausum
859 1168 902 1200 ut
930 1162 1114 1200 thalamis
1146 1175 1363 1214 somnoque
1393 1167 1601 1213 gravatum

334 1300 413 1336 556.
462 1301 561 1336 illum
586 1321 630 1326 -
656 1300 732 1335 aeri
757 1300 912 1334 lubricus
936 1303 1018 1334 astu
1041 1309 1104 1334 rex
1127 1298 1237 1346 subit3
1263 1299 1382 1334 subire
1404 1298 1590 1334 interdum
1617 1297 1721 1344 poni-

237 1362 299 1395 tur
323 1372 391 1406 pro
418 1359 579 1395 adeundi
615 1359 732 1394 verbo
769 1357 985 1404 simpliciter
1021 1359 1064 1393 ut
1101 1357 1195 1395 Stat.
1220 1358 1336 1394 Theb.
1374 1357 1545 1399 1X,f510
1581 1357 1722 1392 tandem

232 1421 400 1465 precibus
424 1423 595 1455 commota
624 1419 816 1454 Tonantem
843 1418 935 1453 Iuno
959 1418 1064 1459 subit3
1091 1417 1133 1458 X,
1159 1417 1229 1451 406
1255 1417 1382 1452 dubius
1415 1417 1580 1462 (Dymas)
1605 1417 1721 1462 preci-

239 1481 348 1515 busne
371 1480 513 1519 subiret,
541 1478 607 1514 sed
632 1478 760 1513 subest
784 1477 972 1513 interdum
998 1477 1101 1512 notio
1139 1477 1213 1512 doli
1251 1476 1396 1517 occulti,
1435 1478 1478 1511 ut
1514 1477 1584 1512 hoc
1620 1476 1720 1518 looo3

239 1539 306 1574 cfr.
333 1538 456 1581 Quint.
482 1538 597 1573 instit.
623 1537 684 1579 IV,
711 1537 743 1578 5,
771 1536 793 1571 5
825 1537 962 1572 interim
1000 1547 1080 1572 vero
1115 1536 1295 1579 fallendus
1331 1540 1381 1571 est
1411 1536 1518 1571 iudex
1548 1540 1581 1570 et
1610 1536 1722 1571 van‘is

237 1598 378 1634 artibus
402 1597 615 1633 subeundus.

332 1658 422 1692 male
446 1657 558 1692 laetus
583 1657 691 1691 notat
716 1667 810 1697 eum,
838 1655 900 1700 qui
925 1667 1012 1691 non
1037 1655 1091 1690 ita
1115 1655 1237 1690 laetus
1264 1656 1330 1696 est,
1357 1655 1399 1690 ut
1425 1654 1549 1695 debet,
1576 1655 1618 1689 ut
1643 1666 1719 1690 om-

238 1717 326 1753 nino
352 1715 571 1752 adverbium
595 1716 684 1750 male
709 1715 758 1750 ad
775 1714 962 1750 adjectiva
995 1714 1215 1759 appositum,
1242 1725 1337 1759 quae
1363 1714 1506 1749 habent
1530 1713 1721 1750 notionem

239 1776 391 1811 alicuius
417 1775 565 1810 virtutis
590 1774 652 1810 vel
675 1773 715 1809 id
741 1774 962 1820 exprimunt,
990 1774 1089 1818 quod
1115 1784 1193 1809 esse
1221 1773 1344 1815 debet,
1371 1773 1446 1808 vim
1471 1773 1721 1818 negantem

238 1835 364 1876 habet,
392 1836 522 1870 contra
546 1834 621 1869 vim
647 1834 893 1879 augentem
917 1833 955 1868 in
981 1832 1184 1873 adjectivis,
1213 1843 1306 1877 quae
1331 1832 1470 1868 malum
1496 1831 1637 1878 aliquid
1659 1832 1721 1868 vel

238 1895 372 1930 vitium
405 1894 634 1940 significant,
673 1893 777 1929 velut
807 1893 897 1928 male
921 1894 1026 1928 laxus
1050 1893 1184 1927 calceus
1210 1892 1314 1937 (Hor.
1340 1892 1408 1928 sat.
1435 1891 1463 1934 Ι,
1490 1891 1522 1933 3,
1549 1891 1610 1937 31)
1645 1903 1720 1927 non

237 1955 365 2000 potest
391 1965 470 1989 esse
495 1953 566 1988 nisi
590 1953 724 1988 valde
749 1952 866 1996 laxus,
905 1952 991 1997 quia
1027 1952 1133 1986 laxus
1171 1951 1320 1987 omnino
1357 1963 1431 1987 non
1470 1962 1550 1987 esse
1589 1950 1720 1993 debet;

238 2014 372 2059 digitus
397 2014 523 2049 autem
547 2013 636 2047 male
654 2013 829 2056 pertinax
855 2013 912 2047 est
933 2011 1171 2047 admodum
1194 2010 1369 2056 pertinax
1393 2011 1483 2051 tum,
1519 2021 1602 2045 oum
1637 2021 1719 2055 per-

237 2073 343 2107 tinax
368 2084 454 2107 non
480 2083 560 2108 esse
580 2072 704 2117 debet,
723 2071 790 2107 sed
809 2071 994 2116 significat
1019 2082 1105 2106 non
1129 2070 1371 2116 pertinacem,
1399 2081 1482 2105 cum
1508 2080 1613 2105 esse
1637 2080 1721 2115 per-

237 2131 343 2166 tinax
369 2131 493 2170 debet,
520 2132 563 2165 ut
589 2131 688 2176 apud
713 2130 800 2166 Hor.
828 2142 858 2166 o.
876 2130 906 2171 Ι,
933 2130 966 2175 9,
992 2130 1048 2165 24.

333 2190 410 2226 560.
459 2191 586 2226 summi
612 2211 654 2216 —
686 2190 872 2232 Tonantis;
900 2189 966 2225 ofr.
992 2189 1078 2226 Luc.
1102 2188 1148 2230 II,
1165 2189 1227 2231 34;
1246 2188 1394 2224 Iuvenc.
1413 2199 1543 2234 evang.
1561 2187 1622 2230 IV,
1642 2187 1721 2224 553.

335 2249 413 2287 561.
461 2250 658 2294 iunctisque
682 2251 780 2285 venis
805 2261 853 2285 sc.
880 2249 1061 2294 sanguine
1085 2248 1146 2284 vel
1183 2248 1405 2293 cognatione
1413 2261 1421 2290 ;
1459 2245 1516 2283 sio
1542 2247 1631 2283 dicit
1657 2247 1720 2283 Ov.

238 2309 328 2345 met.
355 2308 403 2354 II,
429 2308 498 2343 368
524 2320 547 2344 a
570 2310 744 2354 sanquine
792 2310 950 2355 iunctu33
978 2308 1064 2345 fast.
1089 2307 1139 2352 ΙΙ,
1165 2307 1235 2343 788
1258 2307 1433 2352 sanquine
1455 2307 1615 2351 iunctum
1634 2307 1720 2343 Luc.

238 2368 268 2409 I,
297 2368 363 2403 111
388 2369 541 2413 piynora
564 2369 678 2403 iuncti
701 2369 899 2414 sanyuinis.

334 2427 415 2463 563.
458 2431 543 2471 post
567 2431 703 2472 quanta
722 2428 871 2471 piacula
889 2431 1053 2472 patrum:
1082 2426 1128 2462 de
1153 2425 1341 2462 sententia
1373 2425 1440 2462 cfr.
1475 2425 1524 2460 ad
1560 2437 1593 2461 v.
1632 2425 1720 2468 480;

235 2491 384 2532 patrum
408 2486 430 2521 i.
459 2498 488 2522 e.
514 2487 723 2532 parentum,
750 2486 824 2522 vid.
853 2487 901 2521 ad
927 2486 954 2527 I,
984 2485 1062 2521 150.

335 2546 414 2582 565.
462 2547 635 2589 fraternis
659 2545 679 2581 i.
707 2556 737 2580 e.
766 2545 945 2590 cognatis,
973 2545 1040 2581 cfr.
1067 2545 1115 2579 ad
1140 2544 1167 2586 Ι,
1196 2544 1274 2580 163.

336 2605 414 2641 567.
467 2605 541 2642 Gfr.
558 2605 668 2650 Verg.
697 2604 788 2640 Aen.
814 2604 876 2646 IV,
895 2604 965 2638 563
990 2605 1055 2639 illa
1079 2605 1177 2640 dolos
1202 2604 1385 2649 dirumque
1409 2603 1513 2646 nefas
1528 2604 1568 2639 in
1577 2607 1721 2648 pectore

241 2669 370 2707 versat,
398 2666 437 2700 et
462 2664 523 2701 Sil.
549 2664 650 2705 VIII,
679 2664 745 2698 177
773 2664 955 2708 dirumque
978 2663 1081 2706 nefas
1104 2663 1168 2698 sub
1193 2663 1296 2698 corde
1319 2663 1462 2698 volutat.

334 2724 414 2760 568.
463 2735 650 2769 somnoque
674 2727 880 2769 yravatum3
906 2722 1017 2768 Verg.
1043 2722 1134 2760 Aen.
1160 2722 1222 2765 VI,
1249 2722 1330 2758 520.
