<?xml version="1.0" encoding="UTF-8"?>
<!DOCTYPE html PUBLIC "-//W3C//DTD XHTML 1.0 Transitional//EN"
    "http://www.w3.org/TR/xhtml1/DTD/xhtml1-transitional.dtd">
<html xmlns="http://www.w3.org/1999/xhtml" xml:lang="en" lang="en">
 <head>
  <title>
</title>
<meta http-equiv="Content-Type" content="text/html;charset=utf-8" />
  <meta name='ocr-system' content='tesseract 3.04.00' />
  <meta name='ocr-capabilities' content='ocr_page ocr_carea ocr_par ocr_line ocrx_word'/>
</head>
<body>
  <div class='ocr_page' id='page_1' title='image "argonauticonlibr00valeuoft_0062.png"; bbox 0 0 1890 3100; ppageno 0'>
   <div class='ocr_carea' id='block_1_1' title="bbox 79 1011 215 1055">
    <p class='ocr_par' dir='ltr' id='par_1_1' title="bbox 79 1011 215 1055">
     <span class='ocr_line' id='line_1_1' title="bbox 79 1011 215 1055; baseline -0.015 -16"><span class='ocrx_word' id='word_1_1' title='bbox 79 1016 96 1055; x_wconf 59' lang='grc' dir='ltr'>ζ’)</span> <span class='ocrx_word' id='word_1_2' title='bbox 112 1011 215 1041; x_wconf 57' lang='lat' dir='ltr'>⁷11er</span> 
     </span>
    </p>
   </div>
   <div class='ocr_carea' id='block_1_2' title="bbox 241 242 1214 284">
    <p class='ocr_par' dir='ltr' id='par_1_2' title="bbox 241 242 1214 284">
     <span class='ocr_line' id='line_1_2' title="bbox 241 242 1214 284; baseline 0.002 -8"><span class='ocrx_word' id='word_1_3' title='bbox 241 242 296 284; x_wconf 81' lang='lat'>52</span> <span class='ocrx_word' id='word_1_4' title='bbox 768 242 805 278; x_wconf 92' lang='lat' dir='ltr'>C.</span> <span class='ocrx_word' id='word_1_5' title='bbox 832 242 1014 277; x_wconf 86' lang='lat' dir='ltr'>VALERI</span> <span class='ocrx_word' id='word_1_6' title='bbox 1040 243 1214 278; x_wconf 86' lang='lat' dir='ltr'>FLACCI</span> 
     </span>
    </p>
   </div>
   <div class='ocr_carea' id='block_1_3' title="bbox 341 360 1791 938">
    <p class='ocr_par' dir='ltr' id='par_1_3' title="bbox 342 360 1791 807">
     <span class='ocr_line' id='line_1_3' title="bbox 346 360 1540 422; baseline 0.005 -25"><span class='ocrx_word' id='word_1_7' title='bbox 346 360 425 411; x_wconf 86' lang='lat' dir='ltr'>(cui</span> <span class='ocrx_word' id='word_1_8' title='bbox 455 361 614 412; x_wconf 83' lang='lat' dir='ltr'>genitor</span> <span class='ocrx_word' id='word_1_9' title='bbox 642 362 779 400; x_wconf 80' lang='lat' dir='ltr'><strong>tribuit</strong></span> <span class='ocrx_word' id='word_1_10' title='bbox 808 363 961 400; x_wconf 88' lang='lat' dir='ltr'>monitu</span> <span class='ocrx_word' id='word_1_11' title='bbox 990 376 1261 414; x_wconf 79' lang='lat' dir='ltr'>praenoscere</span> <span class='ocrx_word' id='word_1_12' title='bbox 1291 363 1427 402; x_wconf 87' lang='lat' dir='ltr'>divum</span> <span class='ocrx_word' id='word_1_13' title='bbox 1510 401 1515 422; x_wconf 53' lang='grc' dir='ltr'><strong><em>Ι</em></strong></span> <span class='ocrx_word' id='word_1_14' title='bbox 1538 410 1540 412; x_wconf 17' lang='lat' dir='ltr'>v</span> 
     </span>
     <span class='ocr_line' id='line_1_4' title="bbox 344 423 1671 489; baseline 0.004 -26"><span class='ocrx_word' id='word_1_15' title='bbox 344 426 486 473; x_wconf 87' lang='lat' dir='ltr'>omina,</span> <span class='ocrx_word' id='word_1_16' title='bbox 518 440 590 465; x_wconf 85' lang='lat' dir='ltr'>seu</span> <span class='ocrx_word' id='word_1_17' title='bbox 618 427 796 465; x_wconf 84' lang='lat' dir='ltr'>flammas</span> <span class='ocrx_word' id='word_1_18' title='bbox 828 441 899 466; x_wconf 92' lang='lat' dir='ltr'>seu</span> <span class='ocrx_word' id='word_1_19' title='bbox 927 428 1082 466; x_wconf 87' lang='lat' dir='ltr'>lubrica</span> <span class='ocrx_word' id='word_1_20' title='bbox 1111 430 1332 467; x_wconf 89' lang='lat' dir='ltr'>comminus</span> <span class='ocrx_word' id='word_1_21' title='bbox 1363 435 1461 468; x_wconf 86' lang='lat' dir='ltr'>exta</span> <span class='ocrx_word' id='word_1_22' title='bbox 1492 423 1568 489; x_wconf 28' lang='lat' dir='ltr'>“ss</span> <span class='ocrx_word' id='word_1_23' title='bbox 1611 431 1614 435; x_wconf 82' lang='lat'>&#39;</span> <span class='ocrx_word' id='word_1_24' title='bbox 1645 474 1671 487; x_wconf 17' lang='grc' dir='ltr'><em>Ἀ</em></span> 
     </span>
     <span class='ocr_line' id='line_1_5' title="bbox 343 487 1676 547; baseline 0.004 -18"><span class='ocrx_word' id='word_1_25' title='bbox 343 504 414 529; x_wconf 84' lang='lat' dir='ltr'>seu</span> <span class='ocrx_word' id='word_1_26' title='bbox 443 492 607 544; x_wconf 90' lang='lat' dir='ltr'>plenum</span> <span class='ocrx_word' id='word_1_27' title='bbox 638 493 758 531; x_wconf 88' lang='lat' dir='ltr'>certis</span> <span class='ocrx_word' id='word_1_28' title='bbox 787 493 1011 544; x_wconf 87' lang='lat' dir='ltr'>interroget</span> <span class='ocrx_word' id='word_1_29' title='bbox 1041 507 1136 532; x_wconf 85' lang='lat' dir='ltr'>aera</span> <span class='ocrx_word' id='word_1_30' title='bbox 1156 495 1305 547; x_wconf 84' lang='lat' dir='ltr'>pinnis)</span> <span class='ocrx_word' id='word_1_31' title='bbox 1527 487 1549 513; x_wconf 55' lang='lat'>³⁰</span> <span class='ocrx_word' id='word_1_32' title='bbox 1567 490 1574 505; x_wconf 65' lang='lat'>³</span> <span class='ocrx_word' id='word_1_33' title='bbox 1649 491 1676 518; x_wconf 49' lang='grc' dir='ltr'>’ί</span> 
     </span>
     <span class='ocr_line' id='line_1_6' title="bbox 343 557 1534 612; baseline 0.003 -18"><span class='ocrx_word' id='word_1_34' title='bbox 343 557 399 594; x_wconf 89' lang='lat' dir='ltr'>sic</span> <span class='ocrx_word' id='word_1_35' title='bbox 429 558 546 595; x_wconf 87' lang='lat' dir='ltr'>sociis</span> <span class='ocrx_word' id='word_1_36' title='bbox 575 558 801 610; x_wconf 83' lang='lat' dir='ltr'>Mopsoque</span> <span class='ocrx_word' id='word_1_37' title='bbox 833 559 965 596; x_wconf 85' lang='lat' dir='ltr'>canit:</span> <span class='ocrx_word' id='word_1_38' title='bbox 993 561 1201 611; x_wconf 86' lang='lat' dir='ltr'>‘quantum</span> <span class='ocrx_word' id='word_1_39' title='bbox 1231 573 1359 611; x_wconf 82' lang='lat' dir='ltr'>augur</span> <span class='ocrx_word' id='word_1_40' title='bbox 1387 561 1534 612; x_wconf 91' lang='lat' dir='ltr'>Apollo</span> 
     </span>
     <span class='ocr_line' id='line_1_7' title="bbox 342 622 1791 676; baseline 0.004 -16"><span class='ocrx_word' id='word_1_41' title='bbox 342 622 581 674; x_wconf 86' lang='lat' dir='ltr'>flammaque</span> <span class='ocrx_word' id='word_1_42' title='bbox 617 624 744 674; x_wconf 84' lang='lat' dir='ltr'>prima</span> <span class='ocrx_word' id='word_1_43' title='bbox 774 623 903 671; x_wconf 81' lang='lat' dir='ltr'>docet,</span> <span class='ocrx_word' id='word_1_44' title='bbox 934 624 1123 675; x_wconf 87' lang='lat' dir='ltr'>praeduri</span> <span class='ocrx_word' id='word_1_45' title='bbox 1152 625 1274 676; x_wconf 90' lang='lat' dir='ltr'>plena</span> <span class='ocrx_word' id='word_1_46' title='bbox 1302 626 1451 664; x_wconf 88' lang='lat' dir='ltr'>laboris</span> <span class='ocrx_word' id='word_1_47' title='bbox 1737 637 1791 667; x_wconf 82' lang='lat'>235</span> 
     </span>
     <span class='ocr_line' id='line_1_8' title="bbox 343 688 1584 742; baseline 0.004 -17"><span class='ocrx_word' id='word_1_48' title='bbox 343 701 463 726; x_wconf 85' lang='lat' dir='ltr'>cerno</span> <span class='ocrx_word' id='word_1_49' title='bbox 494 688 694 740; x_wconf 72' lang='lat' dir='ltr'>equidem,</span> <span class='ocrx_word' id='word_1_50' title='bbox 726 690 884 741; x_wconf 87' lang='lat' dir='ltr'>patiens</span> <span class='ocrx_word' id='word_1_51' title='bbox 916 689 988 728; x_wconf 88' lang='lat' dir='ltr'>sed</span> <span class='ocrx_word' id='word_1_52' title='bbox 1019 703 1122 742; x_wconf 87' lang='lat' dir='ltr'>quae</span> <span class='ocrx_word' id='word_1_53' title='bbox 1152 691 1247 728; x_wconf 87' lang='lat' dir='ltr'>ratis</span> <span class='ocrx_word' id='word_1_54' title='bbox 1279 692 1410 730; x_wconf 85' lang='lat' dir='ltr'>omnia</span> <span class='ocrx_word' id='word_1_55' title='bbox 1438 692 1584 730; x_wconf 86' lang='lat' dir='ltr'>vincet.</span> 
     </span>
     <span class='ocr_line' id='line_1_9' title="bbox 342 753 1384 807; baseline 0.004 -16"><span class='ocrx_word' id='word_1_56' title='bbox 342 754 528 805; x_wconf 80' lang='lat' dir='ltr'>ingentes</span> <span class='ocrx_word' id='word_1_57' title='bbox 560 753 700 792; x_wconf 83' lang='lat' dir='ltr'>durate</span> <span class='ocrx_word' id='word_1_58' title='bbox 732 755 888 792; x_wconf 88' lang='lat' dir='ltr'>animae</span> <span class='ocrx_word' id='word_1_59' title='bbox 921 754 1143 807; x_wconf 76' lang='lat' dir='ltr'>dulcesque</span> <span class='ocrx_word' id='word_1_60' title='bbox 1173 762 1384 807; x_wconf 87' lang='lat' dir='ltr'>parentum</span> 
     </span>
    </p>

    <p class='ocr_par' dir='ltr' id='par_1_4' title="bbox 341 818 1507 938">
     <span class='ocr_line' id='line_1_10' title="bbox 341 818 1507 870; baseline 0.003 -14"><span class='ocrx_word' id='word_1_61' title='bbox 341 818 495 857; x_wconf 85' lang='lat' dir='ltr'>tendite</span> <span class='ocrx_word' id='word_1_62' title='bbox 525 819 576 857; x_wconf 88' lang='lat' dir='ltr'>ad</span> <span class='ocrx_word' id='word_1_63' title='bbox 606 820 846 870; x_wconf 86' lang='lat' dir='ltr'>amplexus.&#39;</span> <span class='ocrx_word' id='word_1_64' title='bbox 902 820 1091 859; x_wconf 84' lang='lat' dir='ltr'>lacrimae</span> <span class='ocrx_word' id='word_1_65' title='bbox 1122 821 1306 860; x_wconf 82' lang='lat' dir='ltr'>cecidere</span> <span class='ocrx_word' id='word_1_66' title='bbox 1336 823 1507 870; x_wconf 76' lang='lat' dir='ltr'>canenti,</span> 
     </span>
     <span class='ocr_line' id='line_1_11' title="bbox 342 884 1450 938; baseline 0.005 -17"><span class='ocrx_word' id='word_1_67' title='bbox 342 884 449 936; x_wconf 91' lang='lat' dir='ltr'>quod</span> <span class='ocrx_word' id='word_1_68' title='bbox 479 884 554 922; x_wconf 89' lang='lat' dir='ltr'>sibi</span> <span class='ocrx_word' id='word_1_69' title='bbox 582 885 661 923; x_wconf 81' lang='lat' dir='ltr'>iam</span> <span class='ocrx_word' id='word_1_70' title='bbox 692 885 826 923; x_wconf 86' lang='lat' dir='ltr'>clusos</span> <span class='ocrx_word' id='word_1_71' title='bbox 856 885 1012 923; x_wconf 88' lang='lat' dir='ltr'>invenit</span> <span class='ocrx_word' id='word_1_72' title='bbox 1039 886 1080 923; x_wconf 90' lang='lat' dir='ltr'>in</span> <span class='ocrx_word' id='word_1_73' title='bbox 1115 886 1275 937; x_wconf 84' lang='lat' dir='ltr'>ignibus</span> <span class='ocrx_word' id='word_1_74' title='bbox 1305 888 1450 938; x_wconf 86' lang='lat' dir='ltr'>Argos.</span> 
     </span>
    </p>
   </div>
   <div class='ocr_carea' id='block_1_4' title="bbox 447 950 1792 1001">
    <p class='ocr_par' dir='ltr' id='par_1_5' title="bbox 447 950 1792 1001">
     <span class='ocr_line' id='line_1_12' title="bbox 447 950 1792 1001; baseline 0.004 -13"><span class='ocrx_word' id='word_1_75' title='bbox 447 950 527 988; x_wconf 85' lang='lat' dir='ltr'>Vix</span> <span class='ocrx_word' id='word_1_76' title='bbox 558 964 606 989; x_wconf 84' lang='lat' dir='ltr'>ea</span> <span class='ocrx_word' id='word_1_77' title='bbox 634 951 740 989; x_wconf 84' lang='lat' dir='ltr'>fatus</span> <span class='ocrx_word' id='word_1_78' title='bbox 772 956 868 998; x_wconf 85' lang='lat' dir='ltr'>erat,</span> <span class='ocrx_word' id='word_1_79' title='bbox 899 951 1029 1001; x_wconf 83' lang='lat' dir='ltr'>iungit</span> <span class='ocrx_word' id='word_1_80' title='bbox 1058 966 1147 989; x_wconf 91' lang='lat' dir='ltr'>cum</span> <span class='ocrx_word' id='word_1_81' title='bbox 1175 952 1273 991; x_wconf 84' lang='lat' dir='ltr'>talia</span> <span class='ocrx_word' id='word_1_82' title='bbox 1312 953 1453 991; x_wconf 86' lang='lat' dir='ltr'>ductor</span> <span class='ocrx_word' id='word_1_83' title='bbox 1737 963 1792 993; x_wconf 85' lang='lat'>240</span> 
     </span>
    </p>
   </div>
   <div class='ocr_carea' id='block_1_5' title="bbox 341 1015 1389 1068">
    <p class='ocr_par' dir='ltr' id='par_1_6' title="bbox 341 1015 1389 1068">
     <span class='ocr_line' id='line_1_13' title="bbox 341 1015 1389 1068; baseline 0.003 -15"><span class='ocrx_word' id='word_1_84' title='bbox 341 1015 562 1053; x_wconf 80' lang='lat' dir='ltr'>Aesonius:</span> <span class='ocrx_word' id='word_1_85' title='bbox 590 1016 795 1067; x_wconf 83' lang='lat' dir='ltr'>‘superum</span> <span class='ocrx_word' id='word_1_86' title='bbox 828 1016 988 1068; x_wconf 85' lang='lat' dir='ltr'>quando</span> <span class='ocrx_word' id='word_1_87' title='bbox 1020 1017 1203 1055; x_wconf 82' lang='lat' dir='ltr'>consulta</span> <span class='ocrx_word' id='word_1_88' title='bbox 1231 1017 1389 1066; x_wconf 86' lang='lat' dir='ltr'>videtis,</span> 
     </span>
    </p>
   </div>
   <div class='ocr_carea' id='block_1_6' title="bbox 240 1102 524 1106">
    <p class='ocr_par' dir='ltr' id='par_1_7' title="bbox 240 1102 524 1106">
     <span class='ocr_line' id='line_1_14' title="bbox 240 1102 524 1106; baseline 0 0"><span class='ocrx_word' id='word_1_89' title='bbox 240 1102 524 1106; x_wconf 95' lang='lat' dir='ltr'> </span> 
     </span>
    </p>
   </div>
   <div class='ocr_carea' id='block_1_7' title="bbox 234 1146 1739 1484">
    <p class='ocr_par' dir='ltr' id='par_1_8' title="bbox 234 1146 1739 1484">
     <span class='ocr_line' id='line_1_15' title="bbox 354 1146 1736 1192; baseline 0.004 -12"><span class='ocrx_word' id='word_1_90' title='bbox 354 1146 433 1181; x_wconf 86' lang='lat'>231.</span> <span class='ocrx_word' id='word_1_91' title='bbox 469 1147 604 1181; x_wconf 74' lang='lat' dir='ltr'>monitu</span> <span class='ocrx_word' id='word_1_92' title='bbox 641 1146 663 1180; x_wconf 90' lang='lat' dir='ltr'>i.</span> <span class='ocrx_word' id='word_1_93' title='bbox 693 1158 722 1181; x_wconf 88' lang='lat' dir='ltr'>e.</span> <span class='ocrx_word' id='word_1_94' title='bbox 756 1146 1003 1186; x_wconf 79' lang='lat' dir='ltr'>institutione.</span> <span class='ocrx_word' id='word_1_95' title='bbox 1043 1147 1274 1192; x_wconf 80' lang='lat' dir='ltr'>praeceptis3</span> <span class='ocrx_word' id='word_1_96' title='bbox 1314 1148 1381 1184; x_wconf 87' lang='lat' dir='ltr'>cfr.</span> <span class='ocrx_word' id='word_1_97' title='bbox 1407 1161 1442 1184; x_wconf 87' lang='lat' dir='ltr'>v.</span> <span class='ocrx_word' id='word_1_98' title='bbox 1469 1149 1510 1191; x_wconf 84' lang='lat'>53</span> <span class='ocrx_word' id='word_1_99' title='bbox 1553 1150 1618 1185; x_wconf 85' lang='lat' dir='ltr'>Ov.</span> <span class='ocrx_word' id='word_1_100' title='bbox 1647 1150 1736 1188; x_wconf 87' lang='lat' dir='ltr'>fast.</span> 
     </span>
     <span class='ocr_line' id='line_1_16' title="bbox 234 1205 1736 1252; baseline 0.005 -13"><span class='ocrx_word' id='word_1_101' title='bbox 234 1205 262 1242; x_wconf 92' lang='grc' dir='ltr'>Ι.</span> <span class='ocrx_word' id='word_1_102' title='bbox 282 1205 369 1252; x_wconf 75' lang='lat'><strong>2:273</strong></span> <span class='ocrx_word' id='word_1_103' title='bbox 388 1206 457 1246; x_wconf 90' lang='grc' dir='ltr'>ΙΙΙ,</span> <span class='ocrx_word' id='word_1_104' title='bbox 486 1206 571 1247; x_wconf 83' lang='grc'>167;</span> <span class='ocrx_word' id='word_1_105' title='bbox 600 1217 644 1241; x_wconf 83' lang='lat' dir='ltr'>ex</span> <span class='ocrx_word' id='word_1_106' title='bbox 661 1205 769 1241; x_wconf 88' lang='lat' dir='ltr'>Pont.</span> <span class='ocrx_word' id='word_1_107' title='bbox 789 1205 856 1247; x_wconf 87' lang='lat' dir='ltr'>III,</span> <span class='ocrx_word' id='word_1_108' title='bbox 875 1206 908 1241; x_wconf 84' lang='lat'>4.</span> <span class='ocrx_word' id='word_1_109' title='bbox 938 1206 1023 1248; x_wconf 86' lang='lat'>113;</span> <span class='ocrx_word' id='word_1_110' title='bbox 1052 1207 1177 1241; x_wconf 69' lang='lat' dir='ltr'>tribuit</span> <span class='ocrx_word' id='word_1_111' title='bbox 1195 1219 1278 1242; x_wconf 85' lang='lat' dir='ltr'>cum</span> <span class='ocrx_word' id='word_1_112' title='bbox 1295 1207 1480 1244; x_wconf 88' lang='lat' dir='ltr'>infinitivo</span> <span class='ocrx_word' id='word_1_113' title='bbox 1499 1209 1736 1246; x_wconf 75' lang='lat' dir='ltr'>coniunctum</span> 
     </span>
     <span class='ocr_line' id='line_1_17' title="bbox 235 1264 1739 1315; baseline 0.005 -16"><span class='ocrx_word' id='word_1_114' title='bbox 235 1266 277 1299; x_wconf 86' lang='lat' dir='ltr'>ut</span> <span class='ocrx_word' id='word_1_115' title='bbox 310 1265 374 1300; x_wconf 91' lang='lat' dir='ltr'>Ov.</span> <span class='ocrx_word' id='word_1_116' title='bbox 408 1265 506 1300; x_wconf 87' lang='lat' dir='ltr'>trist.</span> <span class='ocrx_word' id='word_1_117' title='bbox 533 1264 601 1306; x_wconf 91' lang='grc' dir='ltr'>ΙΙΙ,</span> <span class='ocrx_word' id='word_1_118' title='bbox 639 1265 670 1306; x_wconf 84' lang='grc'>5,</span> <span class='ocrx_word' id='word_1_119' title='bbox 698 1265 754 1299; x_wconf 92' lang='grc'>21.</span> <span class='ocrx_word' id='word_1_120' title='bbox 787 1265 834 1301; x_wconf 88' lang='lat' dir='ltr'>de</span> <span class='ocrx_word' id='word_1_121' title='bbox 866 1276 906 1300; x_wconf 86' lang='lat' dir='ltr'>re</span> <span class='ocrx_word' id='word_1_122' title='bbox 939 1265 1004 1300; x_wconf 83' lang='lat' dir='ltr'>cfr.</span> <span class='ocrx_word' id='word_1_123' title='bbox 1034 1265 1154 1311; x_wconf 85' lang='lat' dir='ltr'>Apoll.</span> <span class='ocrx_word' id='word_1_124' title='bbox 1181 1267 1208 1308; x_wconf 89' lang='grc' dir='ltr'>Ι,</span> <span class='ocrx_word' id='word_1_125' title='bbox 1238 1267 1307 1301; x_wconf 85' lang='grc'>144</span> <span class='ocrx_word' id='word_1_126' title='bbox 1345 1267 1443 1309; x_wconf 73' lang='grc' dir='ltr'><strong>αὐτὸς</strong></span> <span class='ocrx_word' id='word_1_127' title='bbox 1471 1268 1514 1304; x_wconf 86' lang='grc' dir='ltr'>δὲ</span> <span class='ocrx_word' id='word_1_128' title='bbox 1539 1269 1739 1315; x_wconf 63' lang='grc' dir='ltr'>θεοπροπίας</span> 
     </span>
     <span class='ocr_line' id='line_1_18' title="bbox 237 1322 1738 1374; baseline 0.003 -14"><span class='ocrx_word' id='word_1_129' title='bbox 237 1323 385 1368; x_wconf 80' lang='grc' dir='ltr'>ἐδίδαξεν</span> <span class='ocrx_word' id='word_1_130' title='bbox 413 1323 606 1370; x_wconf 69' lang='grc' dir='ltr'>(Λητοΐδης)</span> <span class='ocrx_word' id='word_1_131' title='bbox 633 1325 766 1366; x_wconf 77' lang='grc' dir='ltr'>οἰωνούς</span> <span class='ocrx_word' id='word_1_132' title='bbox 787 1327 814 1360; x_wconf 82' lang='grc' dir='ltr'>τ’</span> <span class='ocrx_word' id='word_1_133' title='bbox 837 1324 961 1371; x_wconf 75' lang='grc' dir='ltr'>ἀλέγειν</span> <span class='ocrx_word' id='word_1_134' title='bbox 980 1324 1032 1371; x_wconf 72' lang='grc' dir='ltr'>ἠδ’</span> <span class='ocrx_word' id='word_1_135' title='bbox 1063 1322 1194 1371; x_wconf 84' lang='grc' dir='ltr'>ἔμπυρα</span> <span class='ocrx_word' id='word_1_136' title='bbox 1221 1326 1342 1372; x_wconf 77' lang='grc' dir='ltr'>σήματ’</span> <span class='ocrx_word' id='word_1_137' title='bbox 1368 1326 1515 1370; x_wconf 86' lang='grc' dir='ltr'>ἰδέσδαι;</span> <span class='ocrx_word' id='word_1_138' title='bbox 1543 1328 1738 1374; x_wconf 81' lang='lat' dir='ltr'>extispicia</span> 
     </span>
     <span class='ocr_line' id='line_1_19' title="bbox 241 1383 1737 1431; baseline 0.003 -13"><span class='ocrx_word' id='word_1_139' title='bbox 241 1383 389 1418; x_wconf 77' lang='lat' dir='ltr'>addidit</span> <span class='ocrx_word' id='word_1_140' title='bbox 428 1385 545 1430; x_wconf 83' lang='lat' dir='ltr'>poeta</span> <span class='ocrx_word' id='word_1_141' title='bbox 581 1384 787 1425; x_wconf 85' lang='lat' dir='ltr'>Romanus;</span> <span class='ocrx_word' id='word_1_142' title='bbox 828 1384 894 1419; x_wconf 86' lang='lat' dir='ltr'>cfr.</span> <span class='ocrx_word' id='word_1_143' title='bbox 935 1384 999 1420; x_wconf 86' lang='lat' dir='ltr'>Sil.</span> <span class='ocrx_word' id='word_1_144' title='bbox 1034 1384 1101 1430; x_wconf 91' lang='lat' dir='ltr'>III,</span> <span class='ocrx_word' id='word_1_145' title='bbox 1145 1386 1214 1419; x_wconf 82' lang='lat'>344</span> <span class='ocrx_word' id='word_1_146' title='bbox 1250 1397 1325 1430; x_wconf 90' lang='lat' dir='ltr'>seq.</span> <span class='ocrx_word' id='word_1_147' title='bbox 1346 1397 1583 1431; x_wconf 77' lang='lat' dir='ltr'>praenoscere</span> <span class='ocrx_word' id='word_1_148' title='bbox 1619 1388 1737 1423; x_wconf 70' lang='lat' dir='ltr'>diwm</span> 
     </span>
     <span class='ocr_line' id='line_1_20' title="bbox 238 1442 700 1484; baseline 0 -6"><span class='ocrx_word' id='word_1_149' title='bbox 238 1444 376 1479; x_wconf 80' lang='lat' dir='ltr'>omina:</span> <span class='ocrx_word' id='word_1_150' title='bbox 404 1442 467 1479; x_wconf 86' lang='lat' dir='ltr'>Sil.</span> <span class='ocrx_word' id='word_1_151' title='bbox 495 1443 590 1484; x_wconf 69' lang='lat' dir='ltr'>XVI,</span> <span class='ocrx_word' id='word_1_152' title='bbox 621 1443 700 1479; x_wconf 74' lang='grc'><strong>124.</strong></span> 
     </span>
    </p>
   </div>
   <div class='ocr_carea' id='block_1_8' title="bbox 358 1515 1096 1556">
    <p class='ocr_par' dir='ltr' id='par_1_9' title="bbox 358 1515 1096 1556">
     <span class='ocr_line' id='line_1_21' title="bbox 358 1515 1096 1556; baseline 0 -7"><span class='ocrx_word' id='word_1_153' title='bbox 358 1515 427 1549; x_wconf 89' lang='grc'>232</span> <span class='ocrx_word' id='word_1_154' title='bbox 465 1515 716 1549; x_wconf 53' lang='lat' dir='ltr'>lubrica-emta:</span> <span class='ocrx_word' id='word_1_155' title='bbox 744 1515 878 1550; x_wconf 90' lang='lat' dir='ltr'>Tibull.</span> <span class='ocrx_word' id='word_1_156' title='bbox 905 1515 954 1555; x_wconf 76' lang='grc' dir='ltr'>ΙΙ,</span> <span class='ocrx_word' id='word_1_157' title='bbox 983 1516 1012 1556; x_wconf 82' lang='grc'>5,</span> <span class='ocrx_word' id='word_1_158' title='bbox 1042 1516 1096 1553; x_wconf 84' lang='grc'>14,</span> 
     </span>
    </p>
   </div>
   <div class='ocr_carea' id='block_1_9' title="bbox 238 1585 1737 1746">
    <p class='ocr_par' dir='ltr' id='par_1_10' title="bbox 238 1585 1737 1746">
     <span class='ocr_line' id='line_1_22' title="bbox 357 1585 1737 1634; baseline 0.003 -14"><span class='ocrx_word' id='word_1_159' title='bbox 357 1585 436 1620; x_wconf 84' lang='grc'><strong>233.</strong></span> <span class='ocrx_word' id='word_1_160' title='bbox 464 1589 578 1620; x_wconf 74' lang='lat' dir='ltr'>certae</span> <span class='ocrx_word' id='word_1_161' title='bbox 603 1587 743 1630; x_wconf 72' lang='lat' dir='ltr'>pinnae</span> <span class='ocrx_word' id='word_1_162' title='bbox 780 1587 867 1621; x_wconf 88' lang='lat' dir='ltr'>sunt</span> <span class='ocrx_word' id='word_1_163' title='bbox 899 1586 1024 1627; x_wconf 83' lang='lat' dir='ltr'>alites,</span> <span class='ocrx_word' id='word_1_164' title='bbox 1065 1597 1160 1631; x_wconf 85' lang='lat' dir='ltr'>quae</span> <span class='ocrx_word' id='word_1_165' title='bbox 1192 1587 1323 1623; x_wconf 85' lang='lat' dir='ltr'>volatu</span> <span class='ocrx_word' id='word_1_166' title='bbox 1355 1589 1498 1623; x_wconf 84' lang='lat' dir='ltr'>certum</span> <span class='ocrx_word' id='word_1_167' title='bbox 1531 1589 1737 1634; x_wconf 78' lang='lat' dir='ltr'>auspicium</span> 
     </span>
     <span class='ocr_line' id='line_1_23' title="bbox 238 1645 1734 1691; baseline 0.002 -11"><span class='ocrx_word' id='word_1_168' title='bbox 238 1645 347 1687; x_wconf 82' lang='lat' dir='ltr'>dant;</span> <span class='ocrx_word' id='word_1_169' title='bbox 375 1645 428 1680; x_wconf 83' lang='lat' dir='ltr'>sio</span> <span class='ocrx_word' id='word_1_170' title='bbox 453 1645 695 1680; x_wconf 76' lang='lat' dir='ltr'>nominantur</span> <span class='ocrx_word' id='word_1_171' title='bbox 721 1645 835 1681; x_wconf 78' lang='lat' dir='ltr'>etiam</span> <span class='ocrx_word' id='word_1_172' title='bbox 861 1646 948 1680; x_wconf 91' lang='lat' dir='ltr'>Luc.</span> <span class='ocrx_word' id='word_1_173' title='bbox 974 1646 1003 1687; x_wconf 90' lang='grc' dir='ltr'>Ι,</span> <span class='ocrx_word' id='word_1_174' title='bbox 1031 1645 1116 1688; x_wconf 80' lang='grc'>588;</span> <span class='ocrx_word' id='word_1_175' title='bbox 1154 1646 1214 1681; x_wconf 86' lang='lat' dir='ltr'>Sil.</span> <span class='ocrx_word' id='word_1_176' title='bbox 1243 1646 1309 1687; x_wconf 78' lang='lat' dir='ltr'>III.</span> <span class='ocrx_word' id='word_1_177' title='bbox 1337 1647 1423 1690; x_wconf 90' lang='lat'>344;</span> <span class='ocrx_word' id='word_1_178' title='bbox 1458 1647 1519 1690; x_wconf 86' lang='lat' dir='ltr'>IV,</span> <span class='ocrx_word' id='word_1_179' title='bbox 1547 1649 1632 1691; x_wconf 81' lang='lat'>121;</span> <span class='ocrx_word' id='word_1_180' title='bbox 1669 1649 1734 1684; x_wconf 86' lang='lat' dir='ltr'>Ov.</span> 
     </span>
     <span class='ocr_line' id='line_1_24' title="bbox 238 1704 489 1746; baseline 0.004 -7"><span class='ocrx_word' id='word_1_181' title='bbox 238 1704 325 1741; x_wconf 85' lang='lat' dir='ltr'>fast.</span> <span class='ocrx_word' id='word_1_182' title='bbox 353 1704 380 1746; x_wconf 88' lang='grc' dir='ltr'>Ι,</span> <span class='ocrx_word' id='word_1_183' title='bbox 407 1704 489 1740; x_wconf 89' lang='grc'><strong>448.</strong></span> 
     </span>
    </p>
   </div>
   <div class='ocr_carea' id='block_1_10' title="bbox 237 1775 1738 1940">
    <p class='ocr_par' dir='ltr' id='par_1_11' title="bbox 237 1775 1738 1940">
     <span class='ocr_line' id='line_1_25' title="bbox 358 1775 1738 1823; baseline 0.004 -13"><span class='ocrx_word' id='word_1_184' title='bbox 358 1775 439 1812; x_wconf 83' lang='grc'><strong>235.</strong></span> <span class='ocrx_word' id='word_1_185' title='bbox 463 1776 609 1818; x_wconf 80' lang='lat' dir='ltr'>flamma</span> <span class='ocrx_word' id='word_1_186' title='bbox 640 1777 765 1820; x_wconf 76' lang='lat' dir='ltr'>prima</span> <span class='ocrx_word' id='word_1_187' title='bbox 804 1787 848 1811; x_wconf 87' lang='lat' dir='ltr'>ea</span> <span class='ocrx_word' id='word_1_188' title='bbox 884 1777 975 1817; x_wconf 72' lang='lat' dir='ltr'>erat,</span> <span class='ocrx_word' id='word_1_189' title='bbox 1020 1788 1115 1820; x_wconf 85' lang='lat' dir='ltr'>quae</span> <span class='ocrx_word' id='word_1_190' title='bbox 1151 1777 1244 1812; x_wconf 84' lang='lat' dir='ltr'>extis</span> <span class='ocrx_word' id='word_1_191' title='bbox 1278 1777 1392 1823; x_wconf 88' lang='lat' dir='ltr'>plane</span> <span class='ocrx_word' id='word_1_192' title='bbox 1429 1779 1604 1814; x_wconf 82' lang='lat' dir='ltr'>contecta</span> <span class='ocrx_word' id='word_1_193' title='bbox 1637 1781 1738 1815; x_wconf 84' lang='lat' dir='ltr'>esset</span> 
     </span>
     <span class='ocr_line' id='line_1_26' title="bbox 237 1834 1738 1884; baseline 0.003 -15"><span class='ocrx_word' id='word_1_194' title='bbox 237 1847 270 1870; x_wconf 89' lang='lat' dir='ltr'>v.</span> <span class='ocrx_word' id='word_1_195' title='bbox 299 1834 385 1877; x_wconf 73' lang='lat'>2053</span> <span class='ocrx_word' id='word_1_196' title='bbox 412 1835 507 1870; x_wconf 86' lang='lat' dir='ltr'>haec</span> <span class='ocrx_word' id='word_1_197' title='bbox 540 1838 580 1870; x_wconf 92' lang='lat' dir='ltr'>ut</span> <span class='ocrx_word' id='word_1_198' title='bbox 616 1835 772 1870; x_wconf 85' lang='lat' dir='ltr'>tandem</span> <span class='ocrx_word' id='word_1_199' title='bbox 806 1835 941 1870; x_wconf 80' lang='lat' dir='ltr'>victrix</span> <span class='ocrx_word' id='word_1_200' title='bbox 976 1835 1146 1881; x_wconf 76' lang='lat' dir='ltr'>emergit,</span> <span class='ocrx_word' id='word_1_201' title='bbox 1186 1836 1236 1871; x_wconf 91' lang='lat' dir='ltr'>sic</span> <span class='ocrx_word' id='word_1_202' title='bbox 1270 1837 1377 1872; x_wconf 86' lang='lat' dir='ltr'>navis</span> <span class='ocrx_word' id='word_1_203' title='bbox 1412 1837 1536 1873; x_wconf 85' lang='lat' dir='ltr'>omnia</span> <span class='ocrx_word' id='word_1_204' title='bbox 1569 1838 1738 1884; x_wconf 85' lang='lat' dir='ltr'>pericula</span> 
     </span>
     <span class='ocr_line' id='line_1_27' title="bbox 238 1894 445 1940; baseline -0.005 -10"><span class='ocrx_word' id='word_1_205' title='bbox 238 1894 445 1940; x_wconf 79' lang='lat' dir='ltr'>superabit.</span> 
     </span>
    </p>
   </div>
   <div class='ocr_carea' id='block_1_11' title="bbox 356 1965 1024 2011">
    <p class='ocr_par' dir='ltr' id='par_1_12' title="bbox 356 1965 1024 2011">
     <span class='ocr_line' id='line_1_28' title="bbox 356 1965 1024 2011; baseline 0.003 -11"><span class='ocrx_word' id='word_1_206' title='bbox 356 1965 436 2000; x_wconf 84' lang='lat'>237.</span> <span class='ocrx_word' id='word_1_207' title='bbox 463 1966 606 2002; x_wconf 69' lang='lat' dir='ltr'>clarata:</span> <span class='ocrx_word' id='word_1_208' title='bbox 632 1965 743 2011; x_wconf 88' lang='lat' dir='ltr'>Verg.</span> <span class='ocrx_word' id='word_1_209' title='bbox 770 1966 862 2001; x_wconf 89' lang='lat' dir='ltr'>Aen.</span> <span class='ocrx_word' id='word_1_210' title='bbox 889 1967 916 2008; x_wconf 87' lang='grc' dir='ltr'>Ι,</span> <span class='ocrx_word' id='word_1_211' title='bbox 944 1967 1024 2002; x_wconf 87' lang='lat'>207.</span> 
     </span>
    </p>
   </div>
   <div class='ocr_carea' id='block_1_12' title="bbox 238 2036 1738 2321">
    <p class='ocr_par' dir='ltr' id='par_1_13' title="bbox 238 2036 1738 2321">
     <span class='ocr_line' id='line_1_29' title="bbox 357 2036 1737 2086; baseline 0.004 -15"><span class='ocrx_word' id='word_1_212' title='bbox 357 2037 436 2072; x_wconf 88' lang='lat'>238.</span> <span class='ocrx_word' id='word_1_213' title='bbox 464 2037 591 2082; x_wconf 86' lang='lat' dir='ltr'>Fingit</span> <span class='ocrx_word' id='word_1_214' title='bbox 617 2036 741 2072; x_wconf 89' lang='lat' dir='ltr'>animo</span> <span class='ocrx_word' id='word_1_215' title='bbox 767 2038 875 2073; x_wconf 84' lang='lat' dir='ltr'>vates</span> <span class='ocrx_word' id='word_1_216' title='bbox 896 2038 1028 2073; x_wconf 86' lang='lat' dir='ltr'>heroes</span> <span class='ocrx_word' id='word_1_217' title='bbox 1048 2050 1093 2074; x_wconf 83' lang='lat' dir='ltr'>ex</span> <span class='ocrx_word' id='word_1_218' title='bbox 1112 2039 1350 2084; x_wconf 77' lang='lat' dir='ltr'>expeditione</span> <span class='ocrx_word' id='word_1_219' title='bbox 1369 2039 1559 2075; x_wconf 76' lang='lat' dir='ltr'>laboribus</span> <span class='ocrx_word' id='word_1_220' title='bbox 1586 2052 1737 2086; x_wconf 85' lang='lat' dir='ltr'>supera-</span> 
     </span>
     <span class='ocr_line' id='line_1_30' title="bbox 238 2096 1737 2137; baseline 0.003 -7"><span class='ocrx_word' id='word_1_221' title='bbox 238 2096 286 2130; x_wconf 82' lang='lat' dir='ltr'>tis</span> <span class='ocrx_word' id='word_1_222' title='bbox 314 2096 464 2131; x_wconf 90' lang='lat' dir='ltr'>domum</span> <span class='ocrx_word' id='word_1_223' title='bbox 490 2097 702 2137; x_wconf 76' lang='lat' dir='ltr'>redeuntes,</span> <span class='ocrx_word' id='word_1_224' title='bbox 730 2096 802 2131; x_wconf 83' lang='lat' dir='ltr'>sibi</span> <span class='ocrx_word' id='word_1_225' title='bbox 828 2098 957 2132; x_wconf 88' lang='lat' dir='ltr'>autem</span> <span class='ocrx_word' id='word_1_226' title='bbox 974 2097 1139 2132; x_wconf 77' lang='lat' dir='ltr'>reditum</span> <span class='ocrx_word' id='word_1_227' title='bbox 1156 2110 1231 2133; x_wconf 87' lang='lat' dir='ltr'>non</span> <span class='ocrx_word' id='word_1_228' title='bbox 1258 2098 1338 2133; x_wconf 84' lang='lat' dir='ltr'>dari</span> <span class='ocrx_word' id='word_1_229' title='bbox 1364 2099 1486 2134; x_wconf 80' lang='lat' dir='ltr'>videt:</span> <span class='ocrx_word' id='word_1_230' title='bbox 1514 2110 1558 2134; x_wconf 83' lang='lat' dir='ltr'>ex</span> <span class='ocrx_word' id='word_1_231' title='bbox 1584 2099 1737 2135; x_wconf 77' lang='lat' dir='ltr'>alitibus</span> 
     </span>
     <span class='ocr_line' id='line_1_31' title="bbox 239 2155 1738 2202; baseline 0.002 -11"><span class='ocrx_word' id='word_1_232' title='bbox 239 2156 326 2191; x_wconf 77' lang='lat' dir='ltr'>eum&#39;</span> <span class='ocrx_word' id='word_1_233' title='bbox 347 2155 578 2200; x_wconf 79' lang='lat' dir='ltr'>praevidisse</span> <span class='ocrx_word' id='word_1_234' title='bbox 604 2155 799 2190; x_wconf 89' lang='lat' dir='ltr'>interitum</span> <span class='ocrx_word' id='word_1_235' title='bbox 832 2157 965 2191; x_wconf 84' lang='lat' dir='ltr'>narrat</span> <span class='ocrx_word' id='word_1_236' title='bbox 995 2158 1110 2202; x_wconf 86' lang='lat' dir='ltr'>poeta</span> <span class='ocrx_word' id='word_1_237' title='bbox 1148 2169 1181 2192; x_wconf 88' lang='lat' dir='ltr'>v.</span> <span class='ocrx_word' id='word_1_238' title='bbox 1209 2158 1295 2199; x_wconf 86' lang='lat'>360;</span> <span class='ocrx_word' id='word_1_239' title='bbox 1336 2157 1413 2193; x_wconf 88' lang='lat' dir='ltr'>eius</span> <span class='ocrx_word' id='word_1_240' title='bbox 1437 2170 1537 2194; x_wconf 85' lang='lat' dir='ltr'>mors</span> <span class='ocrx_word' id='word_1_241' title='bbox 1562 2160 1738 2194; x_wconf 79' lang='lat' dir='ltr'>narratur</span> 
     </span>
     <span class='ocr_line' id='line_1_32' title="bbox 239 2214 1735 2263; baseline 0.002 -14"><span class='ocrx_word' id='word_1_242' title='bbox 239 2214 282 2254; x_wconf 77' lang='lat' dir='ltr'>V.</span> <span class='ocrx_word' id='word_1_243' title='bbox 311 2215 329 2248; x_wconf 87' lang='lat'>1</span> <span class='ocrx_word' id='word_1_244' title='bbox 364 2225 467 2260; x_wconf 83' lang='lat' dir='ltr'>seqq.</span> <span class='ocrx_word' id='word_1_245' title='bbox 520 2214 694 2250; x_wconf 86' lang='lat' dir='ltr'>Ceterum</span> <span class='ocrx_word' id='word_1_246' title='bbox 734 2214 848 2250; x_wconf 86' lang='lat' dir='ltr'>etiam</span> <span class='ocrx_word' id='word_1_247' title='bbox 885 2215 1018 2251; x_wconf 90' lang='lat' dir='ltr'>Idmon</span> <span class='ocrx_word' id='word_1_248' title='bbox 1056 2215 1190 2251; x_wconf 78' lang='lat' dir='ltr'>fortior</span> <span class='ocrx_word' id='word_1_249' title='bbox 1227 2216 1452 2252; x_wconf 84' lang='lat' dir='ltr'>describitur</span> <span class='ocrx_word' id='word_1_250' title='bbox 1489 2217 1590 2263; x_wconf 86' lang='lat' dir='ltr'>apud</span> <span class='ocrx_word' id='word_1_251' title='bbox 1614 2217 1735 2263; x_wconf 88' lang='lat' dir='ltr'>Apoll.</span> 
     </span>
     <span class='ocr_line' id='line_1_33' title="bbox 239 2274 1507 2321; baseline 0.003 -13"><span class='ocrx_word' id='word_1_252' title='bbox 239 2274 268 2315; x_wconf 92' lang='grc' dir='ltr'>Ι,</span> <span class='ocrx_word' id='word_1_253' title='bbox 295 2274 365 2308; x_wconf 84' lang='grc'>432</span> <span class='ocrx_word' id='word_1_254' title='bbox 392 2285 493 2318; x_wconf 86' lang='lat' dir='ltr'>seqq.</span> <span class='ocrx_word' id='word_1_255' title='bbox 527 2274 608 2320; x_wconf 84' lang='lat' dir='ltr'>(cfr.</span> <span class='ocrx_word' id='word_1_256' title='bbox 635 2274 716 2309; x_wconf 86' lang='lat' dir='ltr'>Val.</span> <span class='ocrx_word' id='word_1_257' title='bbox 743 2275 770 2315; x_wconf 89' lang='lat' dir='ltr'>I,</span> <span class='ocrx_word' id='word_1_258' title='bbox 797 2274 894 2320; x_wconf 70' lang='lat'>360),</span> <span class='ocrx_word' id='word_1_259' title='bbox 927 2276 1026 2320; x_wconf 89' lang='lat' dir='ltr'>quod</span> <span class='ocrx_word' id='word_1_260' title='bbox 1051 2276 1170 2310; x_wconf 85' lang='lat' dir='ltr'>multo</span> <span class='ocrx_word' id='word_1_261' title='bbox 1197 2276 1320 2321; x_wconf 88' lang='lat' dir='ltr'>aptius</span> <span class='ocrx_word' id='word_1_262' title='bbox 1345 2276 1507 2312; x_wconf 77' lang='lat' dir='ltr'>videtur.</span> 
     </span>
    </p>
   </div>
   <div class='ocr_carea' id='block_1_13' title="bbox 240 2345 1736 2512">
    <p class='ocr_par' dir='ltr' id='par_1_14' title="bbox 240 2345 1735 2512">
     <span class='ocr_line' id='line_1_34' title="bbox 358 2345 1735 2392; baseline 0.003 -13"><span class='ocrx_word' id='word_1_263' title='bbox 358 2345 429 2379; x_wconf 88' lang='lat'>240</span> <span class='ocrx_word' id='word_1_264' title='bbox 453 2356 555 2390; x_wconf 82' lang='lat' dir='ltr'>seqq.</span> <span class='ocrx_word' id='word_1_265' title='bbox 587 2345 758 2390; x_wconf 86' lang='lat' dir='ltr'>Superba</span> <span class='ocrx_word' id='word_1_266' title='bbox 785 2347 918 2381; x_wconf 84' lang='lat' dir='ltr'>contra</span> <span class='ocrx_word' id='word_1_267' title='bbox 942 2347 1061 2382; x_wconf 85' lang='lat' dir='ltr'>verba</span> <span class='ocrx_word' id='word_1_268' title='bbox 1078 2347 1243 2392; x_wconf 79' lang='lat' dir='ltr'>loquitur</span> <span class='ocrx_word' id='word_1_269' title='bbox 1260 2347 1370 2383; x_wconf 90' lang='lat' dir='ltr'>Iason</span> <span class='ocrx_word' id='word_1_270' title='bbox 1396 2348 1553 2383; x_wconf 87' lang='lat' dir='ltr'>confisus</span> <span class='ocrx_word' id='word_1_271' title='bbox 1582 2348 1735 2384; x_wconf 85' lang='lat' dir='ltr'>deorum</span> 
     </span>
     <span class='ocr_line' id='line_1_35' title="bbox 240 2405 1736 2452; baseline 0.001 -12"><span class='ocrx_word' id='word_1_272' title='bbox 240 2405 436 2440; x_wconf 83' lang='lat' dir='ltr'>voluntate</span> <span class='ocrx_word' id='word_1_273' title='bbox 455 2416 638 2439; x_wconf 87' lang='lat' dir='ltr'>summam</span> <span class='ocrx_word' id='word_1_274' title='bbox 656 2405 816 2450; x_wconf 81' lang='lat' dir='ltr'>gloriam</span> <span class='ocrx_word' id='word_1_275' title='bbox 833 2405 963 2440; x_wconf 82' lang='lat' dir='ltr'>mundi</span> <span class='ocrx_word' id='word_1_276' title='bbox 982 2406 1206 2442; x_wconf 86' lang='lat' dir='ltr'>commercio</span> <span class='ocrx_word' id='word_1_277' title='bbox 1224 2406 1415 2442; x_wconf 89' lang='lat' dir='ltr'>hominum</span> <span class='ocrx_word' id='word_1_278' title='bbox 1433 2406 1554 2452; x_wconf 84' lang='lat' dir='ltr'>aperti</span> <span class='ocrx_word' id='word_1_279' title='bbox 1579 2418 1619 2442; x_wconf 89' lang='lat' dir='ltr'>se</span> <span class='ocrx_word' id='word_1_280' title='bbox 1644 2407 1736 2443; x_wconf 90' lang='lat' dir='ltr'>soci</span> 
     </span>
     <span class='ocr_line' id='line_1_36' title="bbox 240 2463 1735 2512; baseline 0.001 -12"><span class='ocrx_word' id='word_1_281' title='bbox 240 2475 354 2508; x_wconf 87' lang='lat' dir='ltr'>osque</span> <span class='ocrx_word' id='word_1_282' title='bbox 386 2463 458 2498; x_wconf 89' lang='lat' dir='ltr'>sibi</span> <span class='ocrx_word' id='word_1_283' title='bbox 488 2465 646 2509; x_wconf 78' lang='lat' dir='ltr'>paratu]</span> <span class='ocrx_word' id='word_1_284' title='bbox 649 2476 706 2505; x_wconf 92' lang='lat' dir='ltr'>os</span> <span class='ocrx_word' id='word_1_285' title='bbox 744 2464 794 2498; x_wconf 84' lang='lat' dir='ltr'>nil</span> <span class='ocrx_word' id='word_1_286' title='bbox 829 2465 908 2500; x_wconf 86' lang='lat' dir='ltr'>tale</span> <span class='ocrx_word' id='word_1_287' title='bbox 936 2465 1036 2510; x_wconf 87' lang='lat' dir='ltr'>apud</span> <span class='ocrx_word' id='word_1_288' title='bbox 1060 2466 1299 2511; x_wconf 86' lang='lat' dir='ltr'>Apollonium</span> <span class='ocrx_word' id='word_1_289' title='bbox 1330 2465 1530 2502; x_wconf 87' lang='lat' dir='ltr'>invenitur.</span> <span class='ocrx_word' id='word_1_290' title='bbox 1566 2466 1683 2512; x_wconf 72' lang='lat' dir='ltr'>iunqit</span> <span class='ocrx_word' id='word_1_291' title='bbox 1712 2466 1735 2503; x_wconf 90' lang='lat' dir='ltr'>i.</span> 
     </span>
    </p>
   </div>
   <div class='ocr_carea' id='block_1_14' title="bbox 240 2523 1734 2627">
    <p class='ocr_par' dir='ltr' id='par_1_15' title="bbox 240 2523 1734 2627">
     <span class='ocr_line' id='line_1_37' title="bbox 242 2523 1734 2567; baseline 0.001 -8"><span class='ocrx_word' id='word_1_292' title='bbox 242 2535 271 2559; x_wconf 89' lang='lat' dir='ltr'>e.</span> <span class='ocrx_word' id='word_1_293' title='bbox 301 2523 408 2558; x_wconf 84' lang='lat' dir='ltr'>addit</span> <span class='ocrx_word' id='word_1_294' title='bbox 433 2523 482 2557; x_wconf 89' lang='lat' dir='ltr'>ad</span> <span class='ocrx_word' id='word_1_295' title='bbox 508 2534 553 2558; x_wconf 86' lang='lat' dir='ltr'>ea</span> <span class='ocrx_word' id='word_1_296' title='bbox 579 2534 675 2567; x_wconf 84' lang='lat' dir='ltr'>quae</span> <span class='ocrx_word' id='word_1_297' title='bbox 695 2523 828 2558; x_wconf 86' lang='lat' dir='ltr'>Idmon</span> <span class='ocrx_word' id='word_1_298' title='bbox 855 2523 1013 2561; x_wconf 84' lang='lat' dir='ltr'>dixerat</span> <span class='ocrx_word' id='word_1_299' title='bbox 1042 2524 1108 2559; x_wconf 86' lang='lat' dir='ltr'>cfr</span> <span class='ocrx_word' id='word_1_300' title='bbox 1128 2524 1190 2560; x_wconf 87' lang='lat' dir='ltr'>Sil.</span> <span class='ocrx_word' id='word_1_301' title='bbox 1209 2525 1305 2566; x_wconf 92' lang='lat' dir='ltr'>XIV</span> <span class='ocrx_word' id='word_1_302' title='bbox 1327 2525 1395 2559; x_wconf 86' lang='lat'>164</span> <span class='ocrx_word' id='word_1_303' title='bbox 1413 2525 1564 2560; x_wconf 71' lang='lat' dir='ltr'>cassidis</span> <span class='ocrx_word' id='word_1_304' title='bbox 1587 2547 1632 2554; x_wconf 93' lang='lat'><em>-</em></span> <span class='ocrx_word' id='word_1_305' title='bbox 1658 2526 1734 2561; x_wconf 78' lang='lat' dir='ltr'>vin-</span> 
     </span>
     <span class='ocr_line' id='line_1_38' title="bbox 240 2582 903 2627; baseline 0 -9"><span class='ocrx_word' id='word_1_306' title='bbox 240 2583 320 2618; x_wconf 67' lang='lat' dir='ltr'>cula</span> <span class='ocrx_word' id='word_1_307' title='bbox 343 2582 480 2627; x_wconf 76' lang='lat' dir='ltr'>rumpit</span> <span class='ocrx_word' id='word_1_308' title='bbox 505 2582 747 2627; x_wconf 75' lang='lat' dir='ltr'>Iunyebatque</span> <span class='ocrx_word' id='word_1_309' title='bbox 770 2594 903 2626; x_wconf 73' lang='lat' dir='ltr'>preces.</span> 
     </span>
    </p>
   </div>
   <div class='ocr_carea' id='block_1_15' title="bbox 241 2654 1733 2755">
    <p class='ocr_par' dir='ltr' id='par_1_16' title="bbox 241 2654 1733 2755">
     <span class='ocr_line' id='line_1_39' title="bbox 359 2654 1733 2700; baseline 0.001 -12"><span class='ocrx_word' id='word_1_310' title='bbox 359 2654 439 2690; x_wconf 87' lang='lat'>241.</span> <span class='ocrx_word' id='word_1_311' title='bbox 464 2665 633 2698; x_wconf 73' lang='lat' dir='ltr'>superum</span> <span class='ocrx_word' id='word_1_312' title='bbox 657 2655 826 2695; x_wconf 73' lang='lat' dir='ltr'>consulta,</span> <span class='ocrx_word' id='word_1_313' title='bbox 855 2654 1019 2697; x_wconf 83' lang='lat' dir='ltr'>consilia.</span> <span class='ocrx_word' id='word_1_314' title='bbox 1045 2657 1087 2690; x_wconf 87' lang='lat' dir='ltr'>ut</span> <span class='ocrx_word' id='word_1_315' title='bbox 1105 2656 1216 2700; x_wconf 87' lang='lat' dir='ltr'>Verg.</span> <span class='ocrx_word' id='word_1_316' title='bbox 1242 2656 1323 2691; x_wconf 85' lang='lat' dir='ltr'>Aen</span> <span class='ocrx_word' id='word_1_317' title='bbox 1353 2655 1415 2697; x_wconf 77' lang='lat' dir='ltr'>VI,</span> <span class='ocrx_word' id='word_1_318' title='bbox 1445 2655 1530 2697; x_wconf 88' lang='lat'>151;</span> <span class='ocrx_word' id='word_1_319' title='bbox 1557 2655 1620 2699; x_wconf 82' lang='lat' dir='ltr'>XI,</span> <span class='ocrx_word' id='word_1_320' title='bbox 1646 2656 1733 2699; x_wconf 88' lang='lat'>410;</span> 
     </span>
     <span class='ocr_line' id='line_1_40' title="bbox 241 2713 1166 2755; baseline 0.001 -7"><span class='ocrx_word' id='word_1_321' title='bbox 241 2713 336 2748; x_wconf 88' lang='lat' dir='ltr'>Stat.</span> <span class='ocrx_word' id='word_1_322' title='bbox 364 2713 481 2748; x_wconf 88' lang='lat' dir='ltr'>Theb.</span> <span class='ocrx_word' id='word_1_323' title='bbox 508 2713 589 2754; x_wconf 80' lang='lat' dir='ltr'>VII,</span> <span class='ocrx_word' id='word_1_324' title='bbox 616 2713 678 2755; x_wconf 85' lang='lat'>81;</span> <span class='ocrx_word' id='word_1_325' title='bbox 706 2713 767 2754; x_wconf 76' lang='lat' dir='ltr'>XI,</span> <span class='ocrx_word' id='word_1_326' title='bbox 797 2713 880 2755; x_wconf 84' lang='lat'>156;</span> <span class='ocrx_word' id='word_1_327' title='bbox 909 2713 969 2748; x_wconf 85' lang='lat' dir='ltr'>Sil.</span> <span class='ocrx_word' id='word_1_328' title='bbox 998 2714 1080 2755; x_wconf 68' lang='lat' dir='ltr'>XII.</span> <span class='ocrx_word' id='word_1_329' title='bbox 1108 2715 1166 2750; x_wconf 88' lang='lat'>42.</span> 
     </span>
    </p>
   </div>
  </div>
 </body>
</html>
