<?xml version="1.0" encoding="UTF-8"?>
<!DOCTYPE html PUBLIC "-//W3C//DTD XHTML 1.0 Transitional//EN"
    "http://www.w3.org/TR/xhtml1/DTD/xhtml1-transitional.dtd">
<html xmlns="http://www.w3.org/1999/xhtml" xml:lang="en" lang="en">
 <head>
  <title>
</title>
<meta http-equiv="Content-Type" content="text/html;charset=utf-8" />
  <meta name='ocr-system' content='tesseract 3.04.00' />
  <meta name='ocr-capabilities' content='ocr_page ocr_carea ocr_par ocr_line ocrx_word'/>
</head>
<body>
  <div class='ocr_page' id='page_1' title='image "argonauticonlibr00valeuoft_0370.png"; bbox 0 0 1890 3100; ppageno 0'>
   <div class='ocr_carea' id='block_1_1' title="bbox 197 202 1167 248">
    <p class='ocr_par' dir='ltr' id='par_1_1' title="bbox 197 202 1167 248">
     <span class='ocr_line' id='line_1_1' title="bbox 197 202 1167 248; baseline -0.011 1"><span class='ocrx_word' id='word_1_1' title='bbox 197 205 284 248; x_wconf 80' lang='lat'>352</span> <span class='ocrx_word' id='word_1_2' title='bbox 721 203 757 239; x_wconf 84' lang='lat' dir='ltr'>o.</span> <span class='ocrx_word' id='word_1_3' title='bbox 784 203 967 238; x_wconf 83' lang='lat' dir='ltr'><strong>VALERI</strong></span> <span class='ocrx_word' id='word_1_4' title='bbox 991 202 1167 239; x_wconf 78' lang='lat' dir='ltr'>FLACGI</span> 
     </span>
    </p>
   </div>
   <div class='ocr_carea' id='block_1_2' title="bbox 303 322 1744 1025">
    <p class='ocr_par' dir='ltr' id='par_1_2' title="bbox 303 322 1744 1025">
     <span class='ocr_line' id='line_1_2' title="bbox 307 322 1287 375; baseline 0.001 -14"><span class='ocrx_word' id='word_1_5' title='bbox 307 322 428 362; x_wconf 86' lang='lat' dir='ltr'>corde</span> <span class='ocrx_word' id='word_1_6' title='bbox 458 323 581 362; x_wconf 85' lang='lat' dir='ltr'>silens</span> <span class='ocrx_word' id='word_1_7' title='bbox 611 322 723 361; x_wconf 87' lang='lat' dir='ltr'>audit</span> <span class='ocrx_word' id='word_1_8' title='bbox 751 336 890 361; x_wconf 85' lang='lat' dir='ltr'>cursus</span> <span class='ocrx_word' id='word_1_9' title='bbox 919 323 1098 375; x_wconf 82' lang='lat' dir='ltr'>bellique</span> <span class='ocrx_word' id='word_1_10' title='bbox 1126 323 1287 362; x_wconf 88' lang='lat' dir='ltr'>labores</span> 
     </span>
     <span class='ocr_line' id='line_1_3' title="bbox 304 388 1369 441; baseline 0 -15"><span class='ocrx_word' id='word_1_11' title='bbox 304 388 486 440; x_wconf 85' lang='lat' dir='ltr'>virginei,</span> <span class='ocrx_word' id='word_1_12' title='bbox 518 388 711 427; x_wconf 86' lang='lat' dir='ltr'>exciderit</span> <span class='ocrx_word' id='word_1_13' title='bbox 739 389 863 427; x_wconf 87' lang='lat' dir='ltr'>frenis</span> <span class='ocrx_word' id='word_1_14' title='bbox 894 402 996 441; x_wconf 87' lang='lat' dir='ltr'>quae</span> <span class='ocrx_word' id='word_1_15' title='bbox 1026 389 1153 440; x_wconf 81' lang='lat' dir='ltr'>prima</span> <span class='ocrx_word' id='word_1_16' title='bbox 1181 389 1369 436; x_wconf 83' lang='lat' dir='ltr'>remissis,</span> 
     </span>
     <span class='ocr_line' id='line_1_4' title="bbox 305 454 1504 507; baseline 0.001 -15"><span class='ocrx_word' id='word_1_17' title='bbox 305 454 577 492; x_wconf 82' lang='lat' dir='ltr'>semianimem</span> <span class='ocrx_word' id='word_1_18' title='bbox 605 454 755 505; x_wconf 86' lang='lat' dir='ltr'>patrius</span> <span class='ocrx_word' id='word_1_19' title='bbox 786 467 904 506; x_wconf 89' lang='lat' dir='ltr'>quam</span> <span class='ocrx_word' id='word_1_20' title='bbox 932 455 1089 492; x_wconf 85' lang='lat' dir='ltr'>vexerit</span> <span class='ocrx_word' id='word_1_21' title='bbox 1117 455 1244 492; x_wconf 84' lang='lat' dir='ltr'>amnis</span> <span class='ocrx_word' id='word_1_22' title='bbox 1272 455 1314 492; x_wconf 91' lang='lat' dir='ltr'>in</span> <span class='ocrx_word' id='word_1_23' title='bbox 1343 467 1504 507; x_wconf 88' lang='lat' dir='ltr'>aequor,</span> 
     </span>
     <span class='ocr_line' id='line_1_5' title="bbox 307 519 1744 571; baseline 0.001 -14"><span class='ocrx_word' id='word_1_24' title='bbox 307 532 410 571; x_wconf 88' lang='lat' dir='ltr'>quae</span> <span class='ocrx_word' id='word_1_25' title='bbox 439 519 550 571; x_wconf 90' lang='lat' dir='ltr'>pelta</span> <span class='ocrx_word' id='word_1_26' title='bbox 577 519 682 558; x_wconf 91' lang='lat' dir='ltr'>latus</span> <span class='ocrx_word' id='word_1_27' title='bbox 712 525 833 571; x_wconf 87' lang='lat' dir='ltr'>atque</span> <span class='ocrx_word' id='word_1_28' title='bbox 861 533 1020 558; x_wconf 88' lang='lat' dir='ltr'>umeros</span> <span class='ocrx_word' id='word_1_29' title='bbox 1049 519 1200 558; x_wconf 84' lang='lat' dir='ltr'>nudata</span> <span class='ocrx_word' id='word_1_30' title='bbox 1227 519 1424 571; x_wconf 78' lang='lat' dir='ltr'>pharetris</span> <span class='ocrx_word' id='word_1_31' title='bbox 1691 530 1744 559; x_wconf 84' lang='lat'>135</span> 
     </span>
     <span class='ocr_line' id='line_1_6' title="bbox 303 584 1413 636; baseline 0.001 -14"><span class='ocrx_word' id='word_1_32' title='bbox 303 584 452 636; x_wconf 86' lang='lat' dir='ltr'>fugerit</span> <span class='ocrx_word' id='word_1_33' title='bbox 480 585 709 624; x_wconf 86' lang='lat' dir='ltr'>Herculeae</span> <span class='ocrx_word' id='word_1_34' title='bbox 738 599 831 623; x_wconf 87' lang='lat' dir='ltr'>mox</span> <span class='ocrx_word' id='word_1_35' title='bbox 858 585 1027 623; x_wconf 87' lang='lat' dir='ltr'>vulnere</span> <span class='ocrx_word' id='word_1_36' title='bbox 1055 598 1202 636; x_wconf 87' lang='lat' dir='ltr'>prensa</span> <span class='ocrx_word' id='word_1_37' title='bbox 1231 586 1413 636; x_wconf 83' lang='lat' dir='ltr'>sagittae,</span> 
     </span>
     <span class='ocr_line' id='line_1_7' title="bbox 303 650 1309 701; baseline 0.001 -14"><span class='ocrx_word' id='word_1_38' title='bbox 303 654 428 701; x_wconf 88' lang='lat' dir='ltr'>utque</span> <span class='ocrx_word' id='word_1_39' title='bbox 458 651 708 701; x_wconf 79' lang='lat' dir='ltr'>securigeras</span> <span class='ocrx_word' id='word_1_40' title='bbox 738 650 1003 688; x_wconf 80' lang='lat' dir='ltr'>stimulaverit</span> <span class='ocrx_word' id='word_1_41' title='bbox 1030 651 1097 688; x_wconf 87' lang='lat' dir='ltr'>Ira</span> <span class='ocrx_word' id='word_1_42' title='bbox 1126 656 1309 689; x_wconf 86' lang='lat' dir='ltr'>catervas</span> 
     </span>
     <span class='ocr_line' id='line_1_8' title="bbox 305 714 1395 768; baseline 0.001 -16"><span class='ocrx_word' id='word_1_43' title='bbox 305 714 553 768; x_wconf 89' lang='lat' dir='ltr'>fleturusque</span> <span class='ocrx_word' id='word_1_44' title='bbox 582 721 707 767; x_wconf 90' lang='lat' dir='ltr'>pater,</span> <span class='ocrx_word' id='word_1_45' title='bbox 739 721 911 767; x_wconf 84' lang='lat' dir='ltr'>quantus</span> <span class='ocrx_word' id='word_1_46' title='bbox 942 715 1044 754; x_wconf 89' lang='lat' dir='ltr'>duce</span> <span class='ocrx_word' id='word_1_47' title='bbox 1072 721 1201 754; x_wconf 87' lang='lat' dir='ltr'>terror</span> <span class='ocrx_word' id='word_1_48' title='bbox 1228 716 1269 753; x_wconf 91' lang='lat' dir='ltr'>in</span> <span class='ocrx_word' id='word_1_49' title='bbox 1297 715 1395 767; x_wconf 88' lang='lat' dir='ltr'>ipsa,</span> 
     </span>
     <span class='ocr_line' id='line_1_9' title="bbox 307 781 1322 833; baseline 0 -14"><span class='ocrx_word' id='word_1_50' title='bbox 307 781 374 833; x_wconf 86' lang='lat' dir='ltr'>qui</span> <span class='ocrx_word' id='word_1_51' title='bbox 401 781 522 829; x_wconf 87' lang='lat' dir='ltr'>furor,</span> <span class='ocrx_word' id='word_1_52' title='bbox 551 781 719 832; x_wconf 85' lang='lat' dir='ltr'>insignis</span> <span class='ocrx_word' id='word_1_53' title='bbox 751 794 829 833; x_wconf 90' lang='lat' dir='ltr'>quo</span> <span class='ocrx_word' id='word_1_54' title='bbox 857 781 1016 819; x_wconf 87' lang='lat' dir='ltr'>balteus</span> <span class='ocrx_word' id='word_1_55' title='bbox 1046 781 1187 819; x_wconf 85' lang='lat' dir='ltr'>arserit</span> <span class='ocrx_word' id='word_1_56' title='bbox 1216 795 1322 819; x_wconf 89' lang='lat' dir='ltr'>auro.</span> 
     </span>
     <span class='ocr_line' id='line_1_10' title="bbox 358 845 1744 884; baseline 0 0"><span class='ocrx_word' id='word_1_57' title='bbox 358 846 489 884; x_wconf 86' lang='lat' dir='ltr'>Nocte</span> <span class='ocrx_word' id='word_1_58' title='bbox 520 845 593 884; x_wconf 88' lang='lat' dir='ltr'>sub</span> <span class='ocrx_word' id='word_1_59' title='bbox 624 850 805 884; x_wconf 85' lang='lat' dir='ltr'>extrema</span> <span class='ocrx_word' id='word_1_60' title='bbox 833 845 979 884; x_wconf 88' lang='lat' dir='ltr'>clausis</span> <span class='ocrx_word' id='word_1_61' title='bbox 1007 845 1163 884; x_wconf 87' lang='lat' dir='ltr'>telluris</span> <span class='ocrx_word' id='word_1_62' title='bbox 1194 846 1243 884; x_wconf 91' lang='lat' dir='ltr'>ab</span> <span class='ocrx_word' id='word_1_63' title='bbox 1273 846 1396 884; x_wconf 86' lang='lat' dir='ltr'>antris</span> <span class='ocrx_word' id='word_1_64' title='bbox 1691 849 1744 879; x_wconf 82' lang='lat'>140</span> 
     </span>
     <span class='ocr_line' id='line_1_11' title="bbox 304 910 1421 963; baseline 0 -14"><span class='ocrx_word' id='word_1_65' title='bbox 304 911 475 963; x_wconf 86' lang='lat' dir='ltr'>pervigil</span> <span class='ocrx_word' id='word_1_66' title='bbox 504 910 663 949; x_wconf 88' lang='lat' dir='ltr'>auditur</span> <span class='ocrx_word' id='word_1_67' title='bbox 692 910 923 962; x_wconf 83' lang='lat' dir='ltr'>Chalybum</span> <span class='ocrx_word' id='word_1_68' title='bbox 951 911 1082 958; x_wconf 84' lang='lat' dir='ltr'>labor3</span> <span class='ocrx_word' id='word_1_69' title='bbox 1114 924 1223 949; x_wconf 87' lang='lat' dir='ltr'>arma</span> <span class='ocrx_word' id='word_1_70' title='bbox 1250 911 1421 962; x_wconf 86' lang='lat' dir='ltr'>fatigant</span> 
     </span>
     <span class='ocr_line' id='line_1_12' title="bbox 309 976 1287 1025; baseline 0 -11"><span class='ocrx_word' id='word_1_71' title='bbox 309 976 516 1024; x_wconf 86' lang='lat' dir='ltr'>ruricolae,</span> <span class='ocrx_word' id='word_1_72' title='bbox 549 976 736 1023; x_wconf 83' lang='lat' dir='ltr'>Gradive,</span> <span class='ocrx_word' id='word_1_73' title='bbox 767 977 842 1025; x_wconf 82' lang='lat' dir='ltr'>tui3</span> <span class='ocrx_word' id='word_1_74' title='bbox 874 981 989 1014; x_wconf 88' lang='lat' dir='ltr'>sonat</span> <span class='ocrx_word' id='word_1_75' title='bbox 1016 976 1087 1014; x_wconf 88' lang='lat' dir='ltr'>illa</span> <span class='ocrx_word' id='word_1_76' title='bbox 1116 977 1287 1014; x_wconf 88' lang='lat' dir='ltr'>creatrix</span> 
     </span>
    </p>
   </div>
   <div class='ocr_carea' id='block_1_3' title="bbox 291 1202 1490 1248">
    <p class='ocr_par' dir='ltr' id='par_1_3' title="bbox 291 1202 1490 1248">
     <span class='ocr_line' id='line_1_13' title="bbox 291 1202 1490 1248; baseline -0.001 -10"><span class='ocrx_word' id='word_1_77' title='bbox 291 1202 370 1238; x_wconf 83' lang='lat'>132.</span> <span class='ocrx_word' id='word_1_78' title='bbox 421 1214 549 1238; x_wconf 76' lang='lat' dir='ltr'>cwrrus</span> <span class='ocrx_word' id='word_1_79' title='bbox 573 1202 669 1244; x_wconf 67' lang='lat' dir='ltr'>vat„</span> <span class='ocrx_word' id='word_1_80' title='bbox 697 1213 823 1238; x_wconf 76' lang='lat' dir='ltr'>cursus</span> <span class='ocrx_word' id='word_1_81' title='bbox 849 1202 981 1238; x_wconf 87' lang='lat' dir='ltr'>doctus</span> <span class='ocrx_word' id='word_1_82' title='bbox 1007 1202 1116 1238; x_wconf 91' lang='lat' dir='ltr'>homo</span> <span class='ocrx_word' id='word_1_83' title='bbox 1141 1202 1236 1238; x_wconf 85' lang='lat' dir='ltr'>Brit.</span> <span class='ocrx_word' id='word_1_84' title='bbox 1263 1202 1363 1248; x_wconf 86' lang='lat' dir='ltr'>apud</span> <span class='ocrx_word' id='word_1_85' title='bbox 1389 1202 1490 1237; x_wconf 88' lang='lat' dir='ltr'>Harl.</span> 
     </span>
    </p>
   </div>
   <div class='ocr_carea' id='block_1_4' title="bbox 191 1285 1688 1451">
    <p class='ocr_par' dir='ltr' id='par_1_4' title="bbox 191 1285 1688 1451">
     <span class='ocr_line' id='line_1_14' title="bbox 297 1285 1686 1332; baseline 0.001 -12"><span class='ocrx_word' id='word_1_86' title='bbox 297 1286 375 1322; x_wconf 87' lang='lat'>134.</span> <span class='ocrx_word' id='word_1_87' title='bbox 426 1287 600 1332; x_wconf 70' lang='lat' dir='ltr'>sanquine</span> <span class='ocrx_word' id='word_1_88' title='bbox 624 1287 758 1322; x_wconf 73' lang='lat' dir='ltr'>vexerit</span> <span class='ocrx_word' id='word_1_89' title='bbox 783 1287 900 1321; x_wconf 78' lang='lat' dir='ltr'>amnis</span> <span class='ocrx_word' id='word_1_90' title='bbox 924 1287 1022 1328; x_wconf 88' lang='lat' dir='ltr'>Vat.,</span> <span class='ocrx_word' id='word_1_91' title='bbox 1061 1287 1194 1321; x_wconf 79' lang='lat' dir='ltr'>veoeerit</span> <span class='ocrx_word' id='word_1_92' title='bbox 1230 1287 1346 1321; x_wconf 75' lang='lat' dir='ltr'>amnis</span> <span class='ocrx_word' id='word_1_93' title='bbox 1380 1287 1420 1321; x_wconf 78' lang='lat' dir='ltr'>iu</span> <span class='ocrx_word' id='word_1_94' title='bbox 1450 1297 1583 1331; x_wconf 73' lang='lat' dir='ltr'>aequor</span> <span class='ocrx_word' id='word_1_95' title='bbox 1607 1285 1686 1322; x_wconf 88' lang='lat' dir='ltr'>cod.</span> 
     </span>
     <span class='ocr_line' id='line_1_15' title="bbox 199 1344 1688 1391; baseline -0.001 -10"><span class='ocrx_word' id='word_1_96' title='bbox 199 1345 311 1387; x_wconf 66' lang='lat' dir='ltr'>Carr„</span> <span class='ocrx_word' id='word_1_97' title='bbox 332 1346 431 1391; x_wconf 89' lang='lat' dir='ltr'>quod</span> <span class='ocrx_word' id='word_1_98' title='bbox 444 1345 622 1391; x_wconf 88' lang='lat' dir='ltr'>probavit</span> <span class='ocrx_word' id='word_1_99' title='bbox 634 1345 817 1391; x_wconf 87' lang='lat' dir='ltr'>Meyncke</span> <span class='ocrx_word' id='word_1_100' title='bbox 830 1358 867 1391; x_wconf 88' lang='lat' dir='ltr'>p.</span> <span class='ocrx_word' id='word_1_101' title='bbox 887 1345 932 1380; x_wconf 92' lang='lat'>13</span> <span class='ocrx_word' id='word_1_102' title='bbox 951 1345 1031 1381; x_wconf 93' lang='lat' dir='ltr'>coll.</span> <span class='ocrx_word' id='word_1_103' title='bbox 1059 1344 1155 1382; x_wconf 83' lang='lat' dir='ltr'>Stat.</span> <span class='ocrx_word' id='word_1_104' title='bbox 1174 1345 1290 1381; x_wconf 85' lang='lat' dir='ltr'>Theb.</span> <span class='ocrx_word' id='word_1_105' title='bbox 1309 1344 1371 1386; x_wconf 84' lang='grc' dir='ltr'>ΧΙ,</span> <span class='ocrx_word' id='word_1_106' title='bbox 1398 1345 1466 1380; x_wconf 85' lang='grc'>277</span> <span class='ocrx_word' id='word_1_107' title='bbox 1485 1346 1549 1381; x_wconf 79' lang='lat' dir='ltr'>hos</span> <span class='ocrx_word' id='word_1_108' title='bbox 1558 1346 1688 1390; x_wconf 63' lang='lat' dir='ltr'>pelago</span> 
     </span>
     <span class='ocr_line' id='line_1_16' title="bbox 191 1405 739 1451; baseline -0.002 -11"><span class='ocrx_word' id='word_1_109' title='bbox 191 1406 341 1451; x_wconf 79' lang='lat' dir='ltr'>patrius</span> <span class='ocrx_word' id='word_1_110' title='bbox 365 1407 438 1440; x_wconf 87' lang='lat' dir='ltr'>iam</span> <span class='ocrx_word' id='word_1_111' title='bbox 463 1405 589 1440; x_wconf 75' lang='lat' dir='ltr'>detulit</span> <span class='ocrx_word' id='word_1_112' title='bbox 613 1406 739 1441; x_wconf 75' lang='lat' dir='ltr'>amnis.</span> 
     </span>
    </p>
   </div>
   <div class='ocr_carea' id='block_1_5' title="bbox 194 1488 1688 1596">
    <p class='ocr_par' dir='ltr' id='par_1_5' title="bbox 194 1488 1688 1596">
     <span class='ocr_line' id='line_1_17' title="bbox 291 1488 1688 1532; baseline -0.001 -8"><span class='ocrx_word' id='word_1_113' title='bbox 291 1489 371 1525; x_wconf 87' lang='lat'>135.</span> <span class='ocrx_word' id='word_1_114' title='bbox 420 1490 552 1524; x_wconf 78' lang='lat' dir='ltr'>umeris</span> <span class='ocrx_word' id='word_1_115' title='bbox 577 1488 675 1528; x_wconf 69' lang='lat' dir='ltr'>vat„</span> <span class='ocrx_word' id='word_1_116' title='bbox 699 1489 862 1524; x_wconf 75' lang='lat' dir='ltr'>humeros</span> <span class='ocrx_word' id='word_1_117' title='bbox 878 1488 1021 1524; x_wconf 83' lang='lat' dir='ltr'>Monac.</span> <span class='ocrx_word' id='word_1_118' title='bbox 1050 1499 1072 1522; x_wconf 87' lang='lat' dir='ltr'>a</span> <span class='ocrx_word' id='word_1_119' title='bbox 1097 1499 1196 1524; x_wconf 86' lang='lat' dir='ltr'>man.</span> <span class='ocrx_word' id='word_1_120' title='bbox 1223 1499 1313 1530; x_wconf 85' lang='lat' dir='ltr'>sec.;</span> <span class='ocrx_word' id='word_1_121' title='bbox 1334 1488 1434 1532; x_wconf 79' lang='lat' dir='ltr'>pelta</span> <span class='ocrx_word' id='word_1_122' title='bbox 1460 1490 1688 1524; x_wconf 84' lang='lat' dir='ltr'>Amazonum</span> 
     </span>
     <span class='ocr_line' id='line_1_18' title="bbox 194 1547 1163 1596; baseline -0.001 -12"><span class='ocrx_word' id='word_1_123' title='bbox 194 1548 347 1596; x_wconf 84' lang='lat' dir='ltr'>propria</span> <span class='ocrx_word' id='word_1_124' title='bbox 372 1550 439 1589; x_wconf 79' lang='lat' dir='ltr'>est,</span> <span class='ocrx_word' id='word_1_125' title='bbox 464 1548 538 1583; x_wconf 84' lang='lat' dir='ltr'>vid.</span> <span class='ocrx_word' id='word_1_126' title='bbox 566 1548 677 1593; x_wconf 86' lang='lat' dir='ltr'>Verg.</span> <span class='ocrx_word' id='word_1_127' title='bbox 703 1548 795 1584; x_wconf 89' lang='lat' dir='ltr'>Aen.</span> <span class='ocrx_word' id='word_1_128' title='bbox 822 1548 849 1589; x_wconf 80' lang='grc' dir='ltr'>Ι,</span> <span class='ocrx_word' id='word_1_129' title='bbox 876 1547 964 1589; x_wconf 88' lang='grc'><strong>480;</strong></span> <span class='ocrx_word' id='word_1_130' title='bbox 991 1547 1056 1588; x_wconf 85' lang='grc' dir='ltr'>ΧΙ,</span> <span class='ocrx_word' id='word_1_131' title='bbox 1083 1547 1163 1584; x_wconf 83' lang='grc'><strong>663.</strong></span> 
     </span>
    </p>
   </div>
   <div class='ocr_carea' id='block_1_6' title="bbox 197 1630 1690 1915">
    <p class='ocr_par' dir='ltr' id='par_1_6' title="bbox 197 1630 1690 1915">
     <span class='ocr_line' id='line_1_19' title="bbox 296 1630 1688 1676; baseline -0.001 -9"><span class='ocrx_word' id='word_1_132' title='bbox 296 1631 375 1667; x_wconf 79' lang='lat'>139.</span> <span class='ocrx_word' id='word_1_133' title='bbox 427 1632 576 1667; x_wconf 80' lang='lat' dir='ltr'>ardendi</span> <span class='ocrx_word' id='word_1_134' title='bbox 619 1631 736 1667; x_wconf 86' lang='lat' dir='ltr'>verbo</span> <span class='ocrx_word' id='word_1_135' title='bbox 771 1631 918 1676; x_wconf 85' lang='lat' dir='ltr'>saepius</span> <span class='ocrx_word' id='word_1_136' title='bbox 953 1632 1091 1676; x_wconf 84' lang='lat' dir='ltr'>poetae</span> <span class='ocrx_word' id='word_1_137' title='bbox 1129 1632 1170 1665; x_wconf 93' lang='lat' dir='ltr'>ut</span> <span class='ocrx_word' id='word_1_138' title='bbox 1212 1631 1258 1666; x_wconf 89' lang='lat' dir='ltr'>de</span> <span class='ocrx_word' id='word_1_139' title='bbox 1301 1630 1434 1673; x_wconf 91' lang='lat' dir='ltr'>colore,</span> <span class='ocrx_word' id='word_1_140' title='bbox 1477 1642 1585 1676; x_wconf 87' lang='lat' dir='ltr'>quem</span> <span class='ocrx_word' id='word_1_141' title='bbox 1621 1643 1688 1666; x_wconf 85' lang='lat' dir='ltr'>nos</span> 
     </span>
     <span class='ocr_line' id='line_1_20' title="bbox 198 1689 1690 1737; baseline -0.001 -10"><span class='ocrx_word' id='word_1_142' title='bbox 198 1703 342 1737; x_wconf 90' lang='lat' dir='ltr'>quoque</span> <span class='ocrx_word' id='word_1_143' title='bbox 370 1691 584 1726; x_wconf 69' lang='lat' dir='ltr'>‘brennend’</span> <span class='ocrx_word' id='word_1_144' title='bbox 613 1691 778 1732; x_wconf 80' lang='lat' dir='ltr'>dicimus,</span> <span class='ocrx_word' id='word_1_145' title='bbox 804 1690 859 1725; x_wconf 88' lang='lat' dir='ltr'>ita</span> <span class='ocrx_word' id='word_1_146' title='bbox 884 1691 931 1726; x_wconf 88' lang='lat' dir='ltr'>de</span> <span class='ocrx_word' id='word_1_147' title='bbox 957 1691 1155 1735; x_wconf 81' lang='lat' dir='ltr'>splendore</span> <span class='ocrx_word' id='word_1_148' title='bbox 1180 1690 1324 1726; x_wconf 89' lang='lat' dir='ltr'>metalli</span> <span class='ocrx_word' id='word_1_149' title='bbox 1347 1691 1512 1732; x_wconf 84' lang='lat' dir='ltr'>utuntur,</span> <span class='ocrx_word' id='word_1_150' title='bbox 1547 1689 1613 1725; x_wconf 85' lang='lat' dir='ltr'>cfr.</span> <span class='ocrx_word' id='word_1_151' title='bbox 1640 1691 1690 1725; x_wconf 79' lang='lat' dir='ltr'>ad</span> 
     </span>
     <span class='ocr_line' id='line_1_21' title="bbox 202 1750 1689 1796; baseline -0.001 -10"><span class='ocrx_word' id='word_1_152' title='bbox 202 1751 230 1793; x_wconf 78' lang='grc' dir='ltr'>Ι,</span> <span class='ocrx_word' id='word_1_153' title='bbox 257 1751 326 1786; x_wconf 78' lang='grc'>427</span> <span class='ocrx_word' id='word_1_154' title='bbox 355 1752 393 1786; x_wconf 89' lang='lat' dir='ltr'>et</span> <span class='ocrx_word' id='word_1_155' title='bbox 417 1750 459 1793; x_wconf 84' lang='lat' dir='ltr'>V,</span> <span class='ocrx_word' id='word_1_156' title='bbox 487 1751 558 1785; x_wconf 81' lang='lat'>230</span> <span class='ocrx_word' id='word_1_157' title='bbox 584 1750 754 1796; x_wconf 80' lang='lat' dir='ltr'>(vellera)</span> <span class='ocrx_word' id='word_1_158' title='bbox 782 1750 922 1786; x_wconf 77' lang='lat' dir='ltr'>ardenti</span> <span class='ocrx_word' id='word_1_159' title='bbox 947 1761 1111 1795; x_wconf 78' lang='lat' dir='ltr'>quercum</span> <span class='ocrx_word' id='word_1_160' title='bbox 1136 1751 1316 1794; x_wconf 43' lang='lat' dir='ltr'>compleam</span> <span class='ocrx_word' id='word_1_161' title='bbox 1339 1751 1496 1792; x_wconf 61' lang='lat' dir='ltr'>metuam</span> <span class='ocrx_word' id='word_1_162' title='bbox 1534 1750 1591 1792; x_wconf 85' lang='lat' dir='ltr'>VI,</span> <span class='ocrx_word' id='word_1_163' title='bbox 1620 1750 1689 1785; x_wconf 85' lang='lat'>150</span> 
     </span>
     <span class='ocr_line' id='line_1_22' title="bbox 197 1809 1685 1855; baseline -0.001 -9"><span class='ocrx_word' id='word_1_164' title='bbox 197 1811 333 1846; x_wconf 79' lang='lat' dir='ltr'>velleris</span> <span class='ocrx_word' id='word_1_165' title='bbox 368 1811 491 1853; x_wconf 68' lang='lat' dir='ltr'>ardor,</span> <span class='ocrx_word' id='word_1_166' title='bbox 521 1810 631 1855; x_wconf 85' lang='lat' dir='ltr'>Verg.</span> <span class='ocrx_word' id='word_1_167' title='bbox 649 1810 741 1846; x_wconf 90' lang='lat' dir='ltr'>Aen.</span> <span class='ocrx_word' id='word_1_168' title='bbox 761 1810 803 1851; x_wconf 84' lang='lat' dir='ltr'>X,</span> <span class='ocrx_word' id='word_1_169' title='bbox 831 1809 899 1844; x_wconf 84' lang='lat'>261</span> <span class='ocrx_word' id='word_1_170' title='bbox 942 1810 1090 1854; x_wconf 74' lang='lat' dir='ltr'>clipeum</span> <span class='ocrx_word' id='word_1_171' title='bbox 1135 1830 1176 1835; x_wconf 98' lang='lat'>—</span> <span class='ocrx_word' id='word_1_172' title='bbox 1221 1810 1346 1845; x_wconf 77' lang='lat' dir='ltr'>extulit</span> <span class='ocrx_word' id='word_1_173' title='bbox 1386 1809 1581 1852; x_wconf 76' lang='lat' dir='ltr'>ardentem;</span> <span class='ocrx_word' id='word_1_174' title='bbox 1625 1809 1685 1845; x_wconf 84' lang='lat' dir='ltr'>Sil.</span> 
     </span>
     <span class='ocr_line' id='line_1_23' title="bbox 199 1869 1387 1915; baseline 0 -11"><span class='ocrx_word' id='word_1_175' title='bbox 199 1870 277 1915; x_wconf 91' lang='lat' dir='ltr'>XV,</span> <span class='ocrx_word' id='word_1_176' title='bbox 317 1869 386 1905; x_wconf 83' lang='lat'>678</span> <span class='ocrx_word' id='word_1_177' title='bbox 420 1874 452 1905; x_wconf 81' lang='lat' dir='ltr'>et</span> <span class='ocrx_word' id='word_1_178' title='bbox 474 1871 619 1915; x_wconf 75' lang='lat' dir='ltr'>yemmis</span> <span class='ocrx_word' id='word_1_179' title='bbox 653 1871 789 1915; x_wconf 76' lang='lat' dir='ltr'>yaleam</span> <span class='ocrx_word' id='word_1_180' title='bbox 815 1870 1032 1914; x_wconf 74' lang='lat' dir='ltr'>clipeumque</span> <span class='ocrx_word' id='word_1_181' title='bbox 1057 1869 1264 1904; x_wconf 78' lang='lat' dir='ltr'>accenderat</span> <span class='ocrx_word' id='word_1_182' title='bbox 1289 1880 1387 1905; x_wconf 76' lang='lat' dir='ltr'>awro.</span> 
     </span>
    </p>
   </div>
   <div class='ocr_carea' id='block_1_7' title="bbox 194 1954 1690 2655">
    <p class='ocr_par' dir='ltr' id='par_1_7' title="bbox 194 1954 1690 2655">
     <span class='ocr_line' id='line_1_24' title="bbox 292 1954 1688 2001; baseline -0.001 -11"><span class='ocrx_word' id='word_1_183' title='bbox 292 1956 370 1991; x_wconf 88' lang='lat'>141.</span> <span class='ocrx_word' id='word_1_184' title='bbox 422 1967 525 1990; x_wconf 86' lang='lat' dir='ltr'>arma</span> <span class='ocrx_word' id='word_1_185' title='bbox 547 1955 707 2001; x_wconf 73' lang='lat' dir='ltr'>s&#39;atiyam</span> <span class='ocrx_word' id='word_1_186' title='bbox 730 1955 915 1993; x_wconf 77' lang='lat' dir='ltr'>ruricolae,</span> <span class='ocrx_word' id='word_1_187' title='bbox 958 1954 1125 1998; x_wconf 72' lang='lat' dir='ltr'>Gradive,</span> <span class='ocrx_word' id='word_1_188' title='bbox 1163 1954 1218 1989; x_wconf 79' lang='lat' dir='ltr'>tui</span> <span class='ocrx_word' id='word_1_189' title='bbox 1225 1970 1233 2001; x_wconf 82' lang='lat'><em>3</em></span> <span class='ocrx_word' id='word_1_190' title='bbox 1272 1965 1374 1989; x_wconf 81' lang='lat' dir='ltr'>arma</span> <span class='ocrx_word' id='word_1_191' title='bbox 1410 1954 1559 1990; x_wconf 82' lang='lat' dir='ltr'>videtur</span> <span class='ocrx_word' id='word_1_192' title='bbox 1584 1955 1688 1989; x_wconf 85' lang='lat' dir='ltr'>recte</span> 
     </span>
     <span class='ocr_line' id='line_1_25' title="bbox 197 2013 1690 2060; baseline -0.001 -10"><span class='ocrx_word' id='word_1_193' title='bbox 197 2015 401 2060; x_wconf 80' lang='lat' dir='ltr'>explicasse</span> <span class='ocrx_word' id='word_1_194' title='bbox 426 2015 552 2050; x_wconf 85' lang='lat' dir='ltr'>Burm.</span> <span class='ocrx_word' id='word_1_195' title='bbox 579 2015 846 2056; x_wconf 86' lang='lat' dir='ltr'>instrumenta,</span> <span class='ocrx_word' id='word_1_196' title='bbox 888 2014 1019 2060; x_wconf 89' lang='lat' dir='ltr'>quibus</span> <span class='ocrx_word' id='word_1_197' title='bbox 1047 2013 1232 2058; x_wconf 85' lang='lat' dir='ltr'>Chalybes</span> <span class='ocrx_word' id='word_1_198' title='bbox 1271 2013 1411 2049; x_wconf 87' lang='lat' dir='ltr'>ferrum</span> <span class='ocrx_word' id='word_1_199' title='bbox 1434 2014 1613 2055; x_wconf 84' lang='lat' dir='ltr'>tractant,</span> <span class='ocrx_word' id='word_1_200' title='bbox 1646 2015 1690 2048; x_wconf 84' lang='lat' dir='ltr'>ut</span> 
     </span>
     <span class='ocr_line' id='line_1_26' title="bbox 196 2073 1687 2120; baseline 0.001 -11"><span class='ocrx_word' id='word_1_201' title='bbox 196 2074 278 2109; x_wconf 83' lang='lat' dir='ltr'>aliis</span> <span class='ocrx_word' id='word_1_202' title='bbox 303 2075 394 2110; x_wconf 90' lang='lat' dir='ltr'>locis</span> <span class='ocrx_word' id='word_1_203' title='bbox 421 2086 525 2109; x_wconf 84' lang='lat' dir='ltr'>arma</span> <span class='ocrx_word' id='word_1_204' title='bbox 550 2074 673 2120; x_wconf 87' lang='lat' dir='ltr'>poetis</span> <span class='ocrx_word' id='word_1_205' title='bbox 700 2075 786 2109; x_wconf 85' lang='lat' dir='ltr'>sunt</span> <span class='ocrx_word' id='word_1_206' title='bbox 811 2074 1062 2109; x_wconf 82' lang='lat' dir='ltr'>instrumenta</span> <span class='ocrx_word' id='word_1_207' title='bbox 1089 2073 1170 2119; x_wconf 85' lang='lat' dir='ltr'>agri</span> <span class='ocrx_word' id='word_1_208' title='bbox 1189 2073 1344 2114; x_wconf 79' lang='lat' dir='ltr'>colendi,</span> <span class='ocrx_word' id='word_1_209' title='bbox 1371 2074 1414 2108; x_wconf 84' lang='lat' dir='ltr'>ut</span> <span class='ocrx_word' id='word_1_210' title='bbox 1431 2073 1540 2118; x_wconf 87' lang='lat' dir='ltr'>Verg.</span> <span class='ocrx_word' id='word_1_211' title='bbox 1559 2084 1687 2118; x_wconf 86' lang='lat' dir='ltr'>georg.</span> 
     </span>
     <span class='ocr_line' id='line_1_27' title="bbox 196 2132 1689 2176; baseline -0.001 -7"><span class='ocrx_word' id='word_1_212' title='bbox 196 2134 225 2175; x_wconf 79' lang='grc' dir='ltr'>Ι,</span> <span class='ocrx_word' id='word_1_213' title='bbox 254 2134 339 2176; x_wconf 82' lang='grc' dir='ltr'>16ος</span> <span class='ocrx_word' id='word_1_214' title='bbox 380 2134 445 2171; x_wconf 86' lang='lat' dir='ltr'>Ov.</span> <span class='ocrx_word' id='word_1_215' title='bbox 472 2135 561 2170; x_wconf 84' lang='lat' dir='ltr'>met.</span> <span class='ocrx_word' id='word_1_216' title='bbox 588 2134 650 2175; x_wconf 91' lang='lat' dir='ltr'>Xl,</span> <span class='ocrx_word' id='word_1_217' title='bbox 678 2134 734 2170; x_wconf 82' lang='lat'>35.</span> <span class='ocrx_word' id='word_1_218' title='bbox 785 2134 904 2168; x_wconf 91' lang='lat' dir='ltr'>Multo</span> <span class='ocrx_word' id='word_1_219' title='bbox 932 2135 1058 2168; x_wconf 81' lang='lat' dir='ltr'>autem</span> <span class='ocrx_word' id='word_1_220' title='bbox 1085 2132 1272 2168; x_wconf 88' lang='lat' dir='ltr'>difficilius</span> <span class='ocrx_word' id='word_1_221' title='bbox 1300 2132 1402 2167; x_wconf 91' lang='lat' dir='ltr'>dictu</span> <span class='ocrx_word' id='word_1_222' title='bbox 1428 2134 1494 2169; x_wconf 82' lang='lat' dir='ltr'>est.</span> <span class='ocrx_word' id='word_1_223' title='bbox 1528 2144 1592 2167; x_wconf 89' lang='lat' dir='ltr'>cur</span> <span class='ocrx_word' id='word_1_224' title='bbox 1617 2132 1689 2168; x_wconf 89' lang='lat' dir='ltr'>Va-</span> 
     </span>
     <span class='ocr_line' id='line_1_28' title="bbox 196 2192 1690 2238; baseline -0.002 -9"><span class='ocrx_word' id='word_1_225' title='bbox 196 2193 308 2229; x_wconf 84' lang='lat' dir='ltr'>lerius</span> <span class='ocrx_word' id='word_1_226' title='bbox 337 2193 518 2238; x_wconf 79' lang='lat' dir='ltr'>Chalybes</span> <span class='ocrx_word' id='word_1_227' title='bbox 544 2194 720 2228; x_wconf 74' lang='lat' dir='ltr'>ruricolas</span> <span class='ocrx_word' id='word_1_228' title='bbox 745 2193 878 2228; x_wconf 80' lang='lat' dir='ltr'>Martis</span> <span class='ocrx_word' id='word_1_229' title='bbox 917 2192 1063 2228; x_wconf 80' lang='lat' dir='ltr'>dixerit.</span> <span class='ocrx_word' id='word_1_230' title='bbox 1113 2192 1283 2237; x_wconf 82' lang='lat' dir='ltr'>Wagner</span> <span class='ocrx_word' id='word_1_231' title='bbox 1324 2192 1598 2237; x_wconf 81' lang='lat' dir='ltr'>interpretatus</span> <span class='ocrx_word' id='word_1_232' title='bbox 1633 2193 1690 2228; x_wconf 86' lang='lat' dir='ltr'>est</span> 
     </span>
     <span class='ocr_line' id='line_1_29' title="bbox 194 2251 1690 2297; baseline -0.001 -9"><span class='ocrx_word' id='word_1_233' title='bbox 194 2253 335 2288; x_wconf 84' lang='lat' dir='ltr'>incolas</span> <span class='ocrx_word' id='word_1_234' title='bbox 372 2254 532 2288; x_wconf 80' lang='lat' dir='ltr'>terrae</span> <span class='ocrx_word' id='word_1_235' title='bbox 571 2253 684 2287; x_wconf 83' lang='lat' dir='ltr'>Marti</span> <span class='ocrx_word' id='word_1_236' title='bbox 722 2264 873 2295; x_wconf 85' lang='lat' dir='ltr'>sacrae;</span> <span class='ocrx_word' id='word_1_237' title='bbox 914 2254 954 2287; x_wconf 78' lang='lat' dir='ltr'>at</span> <span class='ocrx_word' id='word_1_238' title='bbox 991 2252 1152 2287; x_wconf 84' lang='lat' dir='ltr'>ruricola</span> <span class='ocrx_word' id='word_1_239' title='bbox 1187 2263 1262 2287; x_wconf 91' lang='lat' dir='ltr'>non</span> <span class='ocrx_word' id='word_1_240' title='bbox 1287 2251 1472 2296; x_wconf 83' lang='lat' dir='ltr'>significat</span> <span class='ocrx_word' id='word_1_241' title='bbox 1507 2262 1599 2292; x_wconf 78' lang='lat' dir='ltr'>eum,</span> <span class='ocrx_word' id='word_1_242' title='bbox 1628 2251 1690 2297; x_wconf 90' lang='lat' dir='ltr'>qui</span> 
     </span>
     <span class='ocr_line' id='line_1_30' title="bbox 196 2310 1690 2357; baseline -0.001 -9"><span class='ocrx_word' id='word_1_243' title='bbox 196 2313 337 2348; x_wconf 84' lang='lat' dir='ltr'>certam</span> <span class='ocrx_word' id='word_1_244' title='bbox 355 2311 518 2357; x_wconf 84' lang='lat' dir='ltr'>aliquam</span> <span class='ocrx_word' id='word_1_245' title='bbox 544 2312 735 2357; x_wconf 86' lang='lat' dir='ltr'>regionem</span> <span class='ocrx_word' id='word_1_246' title='bbox 762 2312 871 2353; x_wconf 88' lang='lat' dir='ltr'>colat,</span> <span class='ocrx_word' id='word_1_247' title='bbox 897 2312 964 2347; x_wconf 89' lang='lat' dir='ltr'>sed</span> <span class='ocrx_word' id='word_1_248' title='bbox 989 2312 1055 2346; x_wconf 88' lang='lat' dir='ltr'>aut</span> <span class='ocrx_word' id='word_1_249' title='bbox 1081 2322 1174 2353; x_wconf 83' lang='lat' dir='ltr'>eum,</span> <span class='ocrx_word' id='word_1_250' title='bbox 1201 2311 1263 2355; x_wconf 90' lang='lat' dir='ltr'>qui</span> <span class='ocrx_word' id='word_1_251' title='bbox 1280 2322 1355 2346; x_wconf 89' lang='lat' dir='ltr'>non</span> <span class='ocrx_word' id='word_1_252' title='bbox 1378 2313 1420 2347; x_wconf 86' lang='lat' dir='ltr'>in</span> <span class='ocrx_word' id='word_1_253' title='bbox 1435 2310 1538 2352; x_wconf 91' lang='lat' dir='ltr'>urbe,</span> <span class='ocrx_word' id='word_1_254' title='bbox 1559 2322 1690 2346; x_wconf 87' lang='lat' dir='ltr'>verum</span> 
     </span>
     <span class='ocr_line' id='line_1_31' title="bbox 194 2370 1689 2416; baseline -0.001 -9"><span class='ocrx_word' id='word_1_255' title='bbox 194 2372 271 2407; x_wconf 88' lang='lat' dir='ltr'>ruri</span> <span class='ocrx_word' id='word_1_256' title='bbox 289 2371 447 2413; x_wconf 80' lang='lat' dir='ltr'>habitet,</span> <span class='ocrx_word' id='word_1_257' title='bbox 467 2373 533 2406; x_wconf 86' lang='lat' dir='ltr'>aut</span> <span class='ocrx_word' id='word_1_258' title='bbox 553 2382 646 2412; x_wconf 80' lang='lat' dir='ltr'>eum,</span> <span class='ocrx_word' id='word_1_259' title='bbox 675 2371 736 2416; x_wconf 86' lang='lat' dir='ltr'>qui</span> <span class='ocrx_word' id='word_1_260' title='bbox 763 2383 894 2415; x_wconf 82' lang='lat' dir='ltr'>agrum</span> <span class='ocrx_word' id='word_1_261' title='bbox 921 2371 1010 2406; x_wconf 87' lang='lat' dir='ltr'>colit</span> <span class='ocrx_word' id='word_1_262' title='bbox 1035 2370 1242 2416; x_wconf 85' lang='lat' dir='ltr'>subigendo</span> <span class='ocrx_word' id='word_1_263' title='bbox 1267 2370 1328 2405; x_wconf 82' lang='lat' dir='ltr'>vel</span> <span class='ocrx_word' id='word_1_264' title='bbox 1354 2370 1505 2411; x_wconf 85' lang='lat' dir='ltr'>arando,</span> <span class='ocrx_word' id='word_1_265' title='bbox 1532 2371 1598 2405; x_wconf 87' lang='lat' dir='ltr'>sed</span> <span class='ocrx_word' id='word_1_266' title='bbox 1618 2371 1689 2406; x_wconf 88' lang='lat' dir='ltr'>hoc</span> 
     </span>
     <span class='ocr_line' id='line_1_32' title="bbox 195 2428 1687 2477; baseline -0.002 -11"><span class='ocrx_word' id='word_1_267' title='bbox 195 2431 276 2477; x_wconf 88' lang='lat' dir='ltr'>ipso</span> <span class='ocrx_word' id='word_1_268' title='bbox 314 2431 444 2466; x_wconf 82' lang='lat' dir='ltr'>labore</span> <span class='ocrx_word' id='word_1_269' title='bbox 490 2430 714 2466; x_wconf 84' lang='lat' dir='ltr'>abstinuisse</span> <span class='ocrx_word' id='word_1_270' title='bbox 755 2430 939 2475; x_wconf 76' lang='lat' dir='ltr'>Chalybes</span> <span class='ocrx_word' id='word_1_271' title='bbox 978 2431 1109 2475; x_wconf 84' lang='lat' dir='ltr'>aperte</span> <span class='ocrx_word' id='word_1_272' title='bbox 1155 2430 1350 2474; x_wconf 87' lang='lat' dir='ltr'>dicuntur,</span> <span class='ocrx_word' id='word_1_273' title='bbox 1394 2430 1436 2463; x_wconf 87' lang='lat' dir='ltr'>ut</span> <span class='ocrx_word' id='word_1_274' title='bbox 1478 2428 1600 2474; x_wconf 85' lang='lat' dir='ltr'>Apoll.</span> <span class='ocrx_word' id='word_1_275' title='bbox 1639 2429 1687 2472; x_wconf 90' lang='grc' dir='ltr'>Π,</span> 
     </span>
     <span class='ocr_line' id='line_1_33' title="bbox 196 2488 1687 2537; baseline -0.001 -11"><span class='ocrx_word' id='word_1_276' title='bbox 196 2491 265 2526; x_wconf 84' lang='grc'>375</span> <span class='ocrx_word' id='word_1_277' title='bbox 310 2502 403 2536; x_wconf 83' lang='lat' dir='ltr'>seq.;</span> <span class='ocrx_word' id='word_1_278' title='bbox 445 2490 536 2525; x_wconf 83' lang='lat'>1002</span> <span class='ocrx_word' id='word_1_279' title='bbox 574 2501 690 2537; x_wconf 88' lang='lat' dir='ltr'>seqq.;</span> <span class='ocrx_word' id='word_1_280' title='bbox 743 2489 871 2534; x_wconf 84' lang='lat' dir='ltr'>itaque</span> <span class='ocrx_word' id='word_1_281' title='bbox 909 2489 1089 2524; x_wconf 83' lang='lat' dir='ltr'>ruricolas</span> <span class='ocrx_word' id='word_1_282' title='bbox 1138 2489 1366 2534; x_wconf 84' lang='lat' dir='ltr'>interpretor</span> <span class='ocrx_word' id='word_1_283' title='bbox 1409 2488 1496 2529; x_wconf 76' lang='lat' dir='ltr'>ruri,</span> <span class='ocrx_word' id='word_1_284' title='bbox 1535 2500 1610 2524; x_wconf 87' lang='lat' dir='ltr'>non</span> <span class='ocrx_word' id='word_1_285' title='bbox 1647 2489 1687 2524; x_wconf 87' lang='lat' dir='ltr'>in</span> 
     </span>
     <span class='ocr_line' id='line_1_34' title="bbox 195 2547 1686 2593; baseline -0.001 -8"><span class='ocrx_word' id='word_1_286' title='bbox 195 2550 351 2585; x_wconf 85' lang='lat' dir='ltr'>urbibus</span> <span class='ocrx_word' id='word_1_287' title='bbox 395 2550 611 2586; x_wconf 82' lang='lat' dir='ltr'>habitantes</span> <span class='ocrx_word' id='word_1_288' title='bbox 660 2550 698 2584; x_wconf 83' lang='lat' dir='ltr'>et</span> <span class='ocrx_word' id='word_1_289' title='bbox 741 2549 874 2584; x_wconf 84' lang='lat' dir='ltr'>Martis</span> <span class='ocrx_word' id='word_1_290' title='bbox 921 2550 1105 2584; x_wconf 85' lang='lat' dir='ltr'>vocantur</span> <span class='ocrx_word' id='word_1_291' title='bbox 1150 2550 1328 2593; x_wconf 85' lang='lat' dir='ltr'>tanquam</span> <span class='ocrx_word' id='word_1_292' title='bbox 1360 2547 1437 2583; x_wconf 83' lang='lat' dir='ltr'>eius</span> <span class='ocrx_word' id='word_1_293' title='bbox 1473 2548 1686 2593; x_wconf 79' lang='lat' dir='ltr'>progenies,</span> 
     </span>
     <span class='ocr_line' id='line_1_35' title="bbox 195 2607 1689 2655; baseline -0.001 -11"><span class='ocrx_word' id='word_1_294' title='bbox 195 2610 269 2646; x_wconf 83' lang='lat' dir='ltr'>vid</span> <span class='ocrx_word' id='word_1_295' title='bbox 315 2610 428 2645; x_wconf 83' lang='lat' dir='ltr'>schol.</span> <span class='ocrx_word' id='word_1_296' title='bbox 467 2609 586 2655; x_wconf 88' lang='lat' dir='ltr'>Apoll.</span> <span class='ocrx_word' id='word_1_297' title='bbox 626 2609 686 2650; x_wconf 84' lang='grc' dir='ltr'>ΙΙ,</span> <span class='ocrx_word' id='word_1_298' title='bbox 725 2608 796 2643; x_wconf 82' lang='lat'>375</span> <span class='ocrx_word' id='word_1_299' title='bbox 845 2607 1030 2654; x_wconf 60' lang='grc' dir='ltr'>ἐκλήθησαν</span> <span class='ocrx_word' id='word_1_300' title='bbox 1072 2608 1109 2644; x_wconf 85' lang='grc' dir='ltr'>δὲ</span> <span class='ocrx_word' id='word_1_301' title='bbox 1148 2609 1296 2653; x_wconf 84' lang='grc' dir='ltr'>Χάλυβες</span> <span class='ocrx_word' id='word_1_302' title='bbox 1343 2607 1406 2643; x_wconf 82' lang='grc' dir='ltr'>ἀπὸ</span> <span class='ocrx_word' id='word_1_303' title='bbox 1445 2609 1596 2652; x_wconf 77' lang='grc' dir='ltr'>Χάλυβος</span> <span class='ocrx_word' id='word_1_304' title='bbox 1631 2611 1689 2644; x_wconf 68' lang='grc' dir='ltr'>τοῦ</span> 
     </span>
    </p>
   </div>
   <div class='ocr_carea' id='block_1_8' title="bbox 191 2666 433 2715">
    <p class='ocr_par' dir='ltr' id='par_1_8' title="bbox 191 2666 433 2715">
     <span class='ocr_line' id='line_1_36' title="bbox 191 2666 433 2715; baseline -0.005 -9.921"><span class='ocrx_word' id='word_1_305' title='bbox 191 2666 323 2715; x_wconf 73' lang='grc' dir='ltr'>’Ἄρεως</span> <span class='ocrx_word' id='word_1_306' title='bbox 355 2671 433 2705; x_wconf 73' lang='grc' dir='ltr'>υἱοῦ.</span> 
     </span>
    </p>
   </div>
   <div class='ocr_carea' id='block_1_9' title="bbox 1844 1989 1890 3100">
    <p class='ocr_par' dir='ltr' id='par_1_9' title="bbox 1844 1989 1890 3100">
     <span class='ocr_line' id='line_1_37' title="bbox 1844 1989 1890 3100; baseline 0 0"><span class='ocrx_word' id='word_1_307' title='bbox 1844 1989 1890 3100; x_wconf 95' lang='lat' dir='ltr'> </span> 
     </span>
    </p>
   </div>
  </div>
 </body>
</html>
