1890 3100
530 234 919 272 ARGONAVTICON
943 234 1090 269 LIBER
1119 233 1222 269 an
1240 224 1243 227 ’
1533 233 1622 277 535

238 355 290 394 ad
318 369 439 402 seras,
470 354 674 408 siquando,
706 354 841 406 dapes,
873 368 971 406 quas
1001 367 1116 392 carus
1145 353 1267 393 Iason

236 421 323 472 ipse
352 419 483 467 dabat,
513 421 592 458 iam
619 419 843 459 nubiferam
870 420 1040 458 transire
1070 418 1286 458 Carambin

237 485 476 537 significanS‚
506 486 584 524 iam
611 498 737 536 regna
762 485 875 536 Lyci,
905 485 1132 535 totiensque
1161 487 1390 534 gementem

236 550 340 589 fallit
367 550 419 589 ad
445 551 691 589 Haemonios
719 549 899 587 hortatus
929 561 1094 600 surgere
1122 552 1291 586 montes.

288 615 426 654 Insula
456 615 699 654 Sarmaticae
727 615 862 653 Peuce
892 619 971 652 stat
999 613 1158 651 nomine
1186 611 1402 663 nymphae,

235 686 370 719 torvus
400 680 468 719 ubi
497 686 537 718 et
564 680 650 731 ripa
677 692 836 731 semper
864 677 1103 717 metuendus
1132 682 1302 729 utraque

234 746 275 784 in
301 745 405 784 freta
431 758 503 797 per
531 757 672 783 saevos
701 744 840 782 Hister
868 742 1077 782 descendit
1106 743 1311 790 alumn0s3

1620 445 1677 474 215

235 810 391 850 solvere
419 810 460 848 in
485 810 563 848 hoc
590 808 753 848 tandem
780 808 934 848 resides
964 808 1046 847 dux
1073 808 1189 847 litore
1220 821 1347 855 curas,
1615 816 1674 847 220

233 889 280 914 ac
306 876 475 928 primum
504 875 631 914 socios
662 887 782 913 ausus
813 887 886 912 sua
914 880 1031 926 pacta
1060 873 1204 912 docere

231 941 546 992 promissamque
573 939 694 978 fidem
721 939 887 978 thalami
914 939 1139 992 foedusque
1167 939 1315 990 iugale.

232 1005 336 1044 ultro
365 1018 501 1044 omnes
530 1005 627 1043 laeti
654 1005 846 1056 instigant
874 1005 1136 1057 meritamque
1166 1004 1356 1043 fatentur.

231 1071 318 1123 ipse
347 1076 480 1109 autem
508 1070 657 1108 invitae
685 1071 763 1108 iam
792 1069 980 1108 Pallados
1012 1070 1130 1121 erigit
1160 1083 1260 1115 araS,

219 1207 300 1242 214.
349 1207 476 1242 dabam
501 1206 596 1247 Vat„
623 1206 731 1242 dabat
747 1207 821 1242 iam
846 1207 903 1242 ed.
922 1206 1013 1242 Bon.
1042 1208 1082 1242 et
1099 1206 1183 1241 Ald.

219 1266 299 1301 216.
351 1265 540 1301 Consolari
563 1266 729 1311 temptat
753 1265 864 1301 Iason
889 1265 1063 1301 Medeam
1089 1277 1143 1302 eo.
1189 1264 1288 1310 quod
1319 1263 1499 1300 mentitus
1526 1262 1618 1298 dicit

124 1325 200 1360 iam
224 1335 405 1370 apparere
430 1324 824 1369 Thessaliaemontes,
864 1324 913 1359 ad
949 1336 1040 1369 quos
1066 1324 1246 1360 videndos
1285 1324 1328 1358 ut
1364 1324 1498 1368 surgat
1525 1333 1610 1358 eam

128 1384 312 1420 hortatur.

219 1443 300 1478 217.
348 1443 467 1479 insula
490 1464 537 1469 —
562 1443 677 1478 Peuce
700 1447 773 1479 stat
796 1445 956 1479 nomine:
993 1442 1060 1481 cfr.
1086 1443 1198 1488 Verg.
1224 1444 1317 1478 Aen.
1343 1442 1412 1484 111,
1438 1441 1519 1476 210.

218 1502 296 1537 218.
347 1505 468 1538 termas
498 1522 542 1528 —
577 1502 717 1547 His-tem
759 1503 909 1538 torvum
946 1513 1031 1539 eum
1068 1501 1254 1538 nominari
1293 1501 1423 1537 dicunt
1459 1502 1615 1546 praeter

126 1561 217 1598 alios
240 1561 431 1596 Burmann
457 1562 495 1597 et
519 1561 696 1606 Wagner,
735 1561 820 1607 quia
858 1561 958 1597 fluvii
982 1561 1131 1597 taurino
1158 1561 1282 1606 capite
1309 1562 1347 1596 et
1374 1560 1561 1606 cornigeri
1587 1571 1610 1594 a

123 1620 245 1666 poetis
269 1620 465 1665 fingantur,
504 1620 550 1656 de
588 1632 660 1666 qua
696 1632 736 1656 re
763 1620 924 1656 conferri
946 1621 1099 1666 poterat
1135 1620 1247 1666 Verg.
1279 1631 1407 1665 georg.
1440 1619 1500 1661 IV,
1527 1619 1615 1661 371;

123 1680 213 1716 Hor.
239 1691 268 1715 c.
293 1679 357 1724 IV,
382 1679 437 1720 14,
474 1679 520 1714 25
546 1679 609 1725 al.;
649 1681 688 1714 at
718 1691 801 1715 cum
826 1681 1030 1725 sequantur
1066 1680 1184 1716 verba
1220 1681 1304 1724 ripa
1328 1701 1376 1706 —
1399 1679 1610 1714 metuendus

123 1743 281 1784 utraque,
307 1738 397 1773 mihi
420 1738 569 1774 videtur
594 1738 735 1783 aliquid
758 1738 1065 1784 intellegendum,
1106 1739 1204 1784 quod
1241 1751 1316 1774 non
1343 1749 1538 1774 commune
1565 1738 1616 1773 sit

124 1797 287 1834 omnium
311 1797 515 1839 fluviorum,
553 1798 620 1833 sed
655 1798 845 1844 proprium
880 1798 1007 1839 Histri,
1046 1810 1160 1844 quare
1198 1798 1314 1844 magis
1346 1798 1466 1844 probo
1493 1797 1612 1843 expli-

124 1856 308 1893 cationem
331 1856 389 1891 Pii
411 1859 566 1902 propter
588 1857 802 1892 torvitatem
830 1857 1042 1893 accolarum
1075 1858 1128 1893 sic
1152 1858 1322 1893 Histrum
1345 1857 1545 1902 nominari,
1570 1858 1614 1891 ut

122 1915 238 1951 Indus
262 1917 363 1961 niger
386 1916 485 1961 apud
513 1915 640 1952 Claud.
665 1916 704 1951 iu
728 1916 838 1952 Prob.
867 1918 905 1952 et
931 1917 1057 1962 Olybr.
1085 1917 1222 1953 consul.
1249 1918 1275 1959 Ι,
1315 1916 1399 1958 170;
1439 1917 1486 1952 de
1511 1916 1613 1952 laud.

124 1973 204 2010 Stil.
229 1974 258 2016 L
286 1974 364 2010 158.
426 1974 504 2020 Ipsi
534 1977 684 2011 accolae
715 1987 825 2011 versu
850 1976 913 2021 qui
938 1976 1104 2021 sequitur
1128 1978 1227 2012 saevi
1251 1977 1387 2011 alumni
1411 1977 1613 2018 vocantur;

124 2033 171 2070 de
195 2034 332 2070 alumni
355 2033 590 2070 substantivo
616 2033 681 2069 cfr.
711 2034 838 2070 Claud.
866 2035 912 2070 de
936 2035 1036 2070 laud.
1063 2035 1144 2071 Stil.
1171 2035 1199 2076 Ι,
1235 2035 1303 2070 159
1345 2036 1403 2071 hic
1441 2035 1614 2071 Rhodani

115 2103 269 2138 procera
291 2093 424 2134 cohors,
451 2093 508 2128 hic
531 2093 630 2128 miles
654 2094 819 2129 alumnus
845 2093 990 2130 Oceani.

216 2152 297 2188 220.
344 2153 475 2188 solvere
502 2175 547 2182 —
571 2152 703 2188 resides
726 2153 800 2187 dua:
823 2171 870 2178 —
894 2164 1001 2189 curas
1024 2153 1047 2189 i.
1067 2165 1097 2190 e.
1125 2165 1242 2199 curas⁷
1269 2165 1365 2199 quae
1392 2154 1508 2190 etiam
1531 2156 1613 2190 tum

121 2213 395 2253 remanserant;
434 2212 505 2246 hac
529 2211 686 2257 simplici
710 2212 928 2247 remanendi
965 2212 1117 2248 notione
1154 2213 1340 2259 reperitur
1378 2213 1610 2250 adjectivum

121 2270 335 2316 praeditum
372 2270 485 2306 etiam
510 2271 610 2316 apud
634 2270 777 2306 Livium
802 2271 864 2307 lib.
890 2270 937 2313 Π,
964 2272 1020 2313 32,
1047 2271 1070 2306 5
1099 2272 1219 2308 timere
1237 2277 1363 2317 patres
1399 2274 1548 2309 residem
1572 2275 1613 2309 in

121 2330 207 2365 urbe
224 2330 379 2377 plebem3
416 2329 634 2375 simpliciter
667 2330 821 2375 opponit
845 2331 942 2366 hanc
968 2330 1092 2366 Livius
1119 2332 1153 2367 ei
1176 2332 1286 2377 parti,
1326 2344 1419 2378 quae
1446 2344 1491 2368 ex
1516 2333 1611 2369 urbe

122 2390 342 2431 secesserat;
381 2389 520 2425 etenim
544 2400 664 2434 neque
689 2389 794 2424 illam
817 2401 938 2435 neque
963 2391 1060 2426 hanc
1086 2391 1289 2437 quidquam
1315 2392 1436 2437 egisse
1474 2393 1606 2428 tradit.

216 2459 295 2494 224.
345 2461 478 2496 invitae
503 2481 546 2515 ,—
573 2460 745 2496 Pallados
769 2461 872 2507 en‘yz't
896 2472 997 2504 ara-n
1035 2461 1151 2497 invita
1174 2465 1255 2499 erat
1274 2464 1399 2499 Pallas
1425 2464 1538 2499 variis
1564 2476 1611 2501 ex

124 2519 259 2555 causis:
285 2531 360 2556 non
383 2520 509 2566 placet
535 2520 578 2561 ei,
605 2521 701 2566 quod
725 2520 836 2557 Iason
860 2533 935 2557 non
951 2521 1088 2558 virtute
1106 2534 1182 2564 sua,
1210 2523 1276 2559 sed
1290 2534 1312 2558 a
1330 2523 1464 2560 Medea
1482 2535 1611 2559 amore

122 2578 274 2614 incensa
311 2579 458 2615 adiutus
493 2580 674 2615 mandata
712 2581 905 2616 exsecutus
943 2582 1009 2623 est,
1047 2583 1128 2617 tum
1164 2582 1320 2628 innupta
1357 2583 1480 2619 Pallas
1517 2584 1610 2619 nihil

125 2648 208 2731 ἔξω
234 2637 376 2674 Venere
406 2639 523 2675 habet
560 2650 762 2681 commune,
802 2639 958 2686 denique
995 2641 1131 2676 metuit
1155 2641 1279 2678 Iasoni
1315 2644 1471 2688 propter
1508 2643 1608 2678 mala

166 2697 262 2732 tura.
