1890 3100
0 2452 7 2466 Μ
0 2414 11 2440 ⁴²
0 2365 15 2397 *³7
0 1827 21 2346 OEWJQWZY‘WXYLWWQxW*
0 1733 9 1814 ””“’”“”“

629 230 1015 268 ARGONAVTICON
1038 230 1186 266 LIBER.
1210 230 1272 265 IV.
1598 230 1686 274 319

309 352 468 391 turbine
497 353 554 390 sic
580 351 720 404 rapido
747 351 917 403 populos
946 356 1067 403 atque
1095 363 1274 402 aequora
1300 349 1421 400 longe
1686 363 1744 392 510

309 417 582 464 transabeunt,
612 417 804 469 nullaque
834 415 951 454 datm-
979 414 1188 454 considere
1216 421 1335 454 terra.

310 483 470 534 iamque
500 487 540 520 et
568 481 619 520 ad
645 481 750 520 Ionii
777 486 904 519 metas
934 485 1056 532 atque
1083 480 1224 518 intima
1250 479 1420 518 tendunt

314 561 423 596 saxa3
451 554 574 586 vocat
600 547 735 598 magni
764 545 1010 597 Strophadas
1040 559 1146 584 nunc
1175 545 1309 583 incola
1335 546 1458 597 ponti.

311 613 377 651 hic
404 612 537 652 fessae
565 613 716 664 letique
745 617 855 650 metu
881 611 1075 662 propioris
1109 611 1280 649 anhelae

312 678 406 717 dum
434 677 634 730 trepidant
659 676 880 728 humilique
909 689 1053 727 graves
1081 675 1301 728 timidoque
1329 675 1468 714 volatu
1688 683 1744 712 515

311 744 524 796 implorant
552 743 724 782 elamore
751 748 906 795 patrem
934 742 1136 794 Typhona
1163 741 1351 789 nefando,

312 809 456 847 extulit
483 808 704 859 adsurgens
730 813 891 846 noctem
918 812 1035 859 pater
1061 808 1220 859 imaque
1251 808 1414 845 summis

304 861 480 921 ⁸miscuit,
510 880 551 912 et
577 873 720 912 mediis
747 886 828 911 vox
857 873 1047 911 exaudita
1073 872 1271 911 tenebris:

313 940 402 977 ‘iam
430 940 525 978 satis
554 940 634 977 huc
661 939 866 990 pepulisse
896 938 1004 977 deas.
1062 952 1132 976 cur
1159 937 1323 976 tenditis
1351 937 1458 975 ultra

309 1006 348 1043 in
377 1004 547 1043 famulas
577 1005 732 1043 saevire
760 1005 879 1051 Iovis,
911 1017 1022 1056 quas,
1051 1003 1222 1041 fulmina
1252 1016 1492 1055 quamquam
1688 1002 1745 1031 520

250 1118 254 1121 ῃ
311 1070 535 1122 aegidaque
562 1070 632 1109 ille
661 1083 819 1121 gerens,
848 1083 1015 1120 magnas
1045 1069 1120 1108 sibi
1148 1069 1248 1120 legit
1275 1069 1316 1106 in
1343 1067 1451 1106 iras?

310 1151 417 1175 nune
446 1150 604 1189 quoque
634 1136 858 1187 Agenoreis
887 1135 994 1174 idem
1023 1135 1222 1174 decedere
1250 1136 1369 1174 tectis

310 1204 497 1254 imperat3
527 1202 777 1254 adgnoscunt
804 1203 975 1241 monitus
1003 1203 1219 1254 iussaeque
1246 1201 1453 1244 recedunt.

203 1328 330 1374 ignem
353 1328 506 1366 torsisse
532 1327 697 1369 dicatur;
723 1329 763 1362 at
787 1327 890 1362 torsit
914 1327 1064 1362 videtur
1088 1327 1271 1372 scriptum
1297 1338 1376 1362 esse
1414 1338 1482 1372 pro
1521 1337 1564 1361 eo
1591 1326 1692 1372 quod

208 1388 266 1423 est
289 1387 437 1433 vexavit,
461 1389 646 1431 concussit,
684 1398 779 1431 quae
802 1386 1001 1431 torquendi
1025 1386 1129 1422 nofio
1169 1397 1283 1432 saepe
1322 1398 1405 1421 cum
1441 1385 1692 1421 translatione

207 1446 310 1482 dieta
332 1446 530 1482 invenitur.

300 1516 382 1541 eoas
405 1507 496 1542 cinis
518 1506 636 1541 induit
666 1507 789 1540 urbes.-
813 1517 929 1550 usque
966 1505 1016 1540 ad
1048 1505 1271 1550 Byzantium
1310 1505 1453 1540 cineres
1490 1505 1690 1551 proruisse,

204 1565 326 1600 tradit
348 1565 502 1610 Procop.
530 1565 577 1600 de
602 1565 689 1600 bell.
705 1564 815 1600 Goth.
834 1565 883 1604 Π,
910 1565 950 1607 4;
978 1564 1044 1600 cfr.
1070 1565 1132 1601 Sil.
1150 1565 1267 1603 XVII,
1294 1564 1365 1599 595
1389 1576 1466 1609 seq.
1482 1565 1601 1599 videre
1617 1563 1690 1599 Eoi

204 1628 399 1660 naon-strum
423 1624 639 1661 admirabile.
670 1625 775 1660 Seres
791 1624 988 1670 Lanigeros
1012 1625 1126 1660 cinere
1142 1625 1304 1660 Ausonio
1329 1635 1510 1659 canescere
1535 1625 1640 1659 lucos.

297 1683 355 1719 De
392 1684 564 1719 induendi
599 1685 716 1720 verbo
755 1684 820 1719 cfr.
860 1683 921 1719 Sil.
964 1684 1093 1730 XVII,
1142 1684 1210 1718 195
1247 1684 1410 1719 induitur
1447 1688 1523 1719 tota
1558 1683 1690 1725 Africa

139 1773 149 1778 .
202 1744 366 1787 flammis.

297 1803 378 1839 511.
427 1803 659 1838 transabeunt
694 1802 716 1837 i.
757 1814 787 1839 e.
833 1803 1093 1848 supervolant,
1140 1804 1336 1848 superant;
1386 1802 1497 1837 simili
1534 1803 1688 1837 notione

204 1862 329 1898 activa
344 1862 558 1908 praeditum
573 1862 712 1908 legitur
720 1863 825 1908 Apul.
843 1864 932 1898 met.
951 1862 1053 1904 VIII,
1071 1863 1095 1897 4
1111 1863 1251 1898 calcata
1270 1863 1396 1897 retiola
1416 1883 1460 1888 —
1479 1862 1689 1906 transabiit3

203 1922 367 1967 paullum
392 1921 540 1958 diversa
565 1923 623 1957 est
647 1922 835 1958 sententia
860 1922 961 1967 apud
990 1923 1097 1967 Verg.
1124 1922 1215 1958 Aen.
1234 1921 1296 1961 IX,
1322 1921 1403 1956 432.

299 1981 378 2016 512.
429 1980 501 2016 Cur
526 1980 755 2026 Strophades
780 1982 908 2017 intima
930 1992 1023 2016 sava
1046 1981 1295 2026 nominentur,
1316 1992 1391 2016 non
1408 1981 1542 2025 liquet:
1569 1991 1690 2024 neque

205 2040 303 2076 enim
327 2041 366 2075 in
390 2040 514 2076 medio
539 2051 660 2085 neque
684 2040 724 2075 in
748 2042 915 2076 extremo
940 2040 1036 2075 mari
1060 2039 1166 2075 Ionio
1184 2040 1279 2075 sitae
1299 2042 1396 2075 sunt.
1446 2040 1526 2075 Hae
1543 2039 1689 2075 insulae

204 2100 319 2151 antea
343 2098 476 2135 Plotae
502 2099 626 2134 dictae
650 2099 735 2134 ideo
762 2098 991 2144 Strophades
1016 2101 1174 2134 vocatae
1202 2100 1300 2143 sunt,
1339 2099 1439 2144 quod
1475 2099 1563 2134 inde
1602 2110 1687 2134 con-

203 2159 301 2194 versi
326 2158 521 2194 Boreadae
552 2160 808 2194 reverterunt:
859 2158 978 2204 Apoll.
1006 2158 1055 2198 ΙΙ,
1094 2158 1164 2193 295
1190 2170 1290 2203 seqq.
1327 2161 1366 2194 et
1403 2158 1533 2202 schol.;
1585 2157 1689 2194 Serv.

203 2217 295 2254 Aen.
321 2217 388 2259 III.
426 2217 514 2264 2093
563 2218 680 2262 myth.
706 2218 791 2252 Vat.
818 2217 847 2257 Ι,
885 2218 947 2259 27;
990 2218 1039 2258 11,
1075 2218 1159 2259 142:
1200 2218 1328 2263 paullo
1367 2218 1478 2254 aliter
1514 2218 1685 2263 Apollod.

204 2276 233 2319 Ι,
258 2277 291 2318 9,
317 2277 375 2312 21.
469 2278 473 2285 ’

298 2336 378 2372 515.
428 2337 607 2381 trepidant
634 2336 697 2372 ‘sie
723 2336 876 2372 flattern
894 2336 1082 2382 angstlich
1106 2337 1260 2373 umher’.

298 2396 379 2432 516.
428 2397 577 2431 clamore
612 2417 657 2422 —
694 2396 848 2438 nefando
884 2396 906 2431 i.
933 2407 964 2432 e.
990 2396 1170 2441 horribili,
1210 2398 1252 2431 ut
1290 2396 1353 2432 Ov.
1393 2397 1471 2432 her.
1511 2396 1599 2439 XII,
1638 2395 1684 2430 59

205 2459 334 2501 segetes
357 2455 533 2498 nefanehze
558 2455 604 2490 de
629 2455 717 2490 viris
743 2466 789 2491 ex
814 2455 985 2491 draconis
1011 2455 1187 2491 dentibus
1214 2456 1314 2491 ortis.

300 2513 380 2550 517.
430 2516 624 2550 extulit—
648 2519 781 2550 noctem
821 2527 869 2552 sc.
909 2526 954 2550 ex
979 2515 1111 2550 Erebo.

298 2575 437 2619 imque
459 2575 604 2610 summis
634 2575 790 2619 miscuit,
817 2574 957 2610 Namat
992 2576 1039 2617 Π,
1065 2577 1111 2610 44
1136 2577 1281 2611 summis
1316 2576 1455 2610 miscuit
1486 2577 1572 2617 ima3
1614 2573 1680 2611 cfr.

209 2631 274 2668 OV.
300 2634 388 2668 met.
413 2633 496 2676 VII,
521 2633 601 2669 278.

303 2691 381 2727 519.
430 2703 494 2727 cur
517 2693 660 2728 tenditis
683 2694 797 2728 ultra:
835 2694 921 2729 Luc.
947 2695 976 2738 I7
1005 2694 1084 2730 190.
