1890 3100
600 833 656 908 G.
707 761 1055 908 VALERI
1116 836 1451 912 FLAGOI

491 969 1556 1064 ARGONAVTIOON

677 1122 916 1164 LIBER
963 1122 1373 1167 SEPTIMVS.

390 1315 479 1403 Te
509 1378 669 1417 quoque
697 1364 934 1404 Thessalico
969 1365 1047 1404 iam
1077 1379 1189 1405 serus
1219 1367 1268 1405 ab
1297 1367 1455 1420 hospite
1483 1381 1629 1420 vesper

389 1428 531 1468 dividit
560 1435 601 1468 et
629 1431 708 1469 iam
736 1436 777 1469 te
805 1436 876 1469 tua
903 1430 1062 1482 gaudia,
1092 1432 1217 1483 virgo,
1247 1432 1489 1484 relinquunt,

389 1508 550 1547 noxque
579 1496 658 1533 ruit
687 1495 762 1534 soli
789 1495 956 1534 veniens
984 1509 1065 1534 non
1093 1497 1198 1535 mitis
1228 1498 1387 1537 amanti.

392 1573 489 1611 ergo
518 1560 587 1599 ubi
616 1561 811 1599 cunctatis
843 1566 1022 1599 extremo
1050 1562 1091 1599 in
1119 1562 1256 1600 limine
1284 1562 1432 1614 plantis

389 1626 556 1677 contigit
583 1639 707 1678 aegra
733 1631 842 1664 toros
872 1631 913 1665 et
940 1640 1053 1665 mens
1082 1627 1247 1666 incensa
1274 1627 1464 1676 tenebris,

387 1696 547 1730 vertere
575 1696 670 1730 tunc
698 1692 830 1730 varios
858 1705 931 1744 per
958 1692 1081 1744 longa
1108 1693 1306 1731 insomnia
1334 1698 1499 1745 questus

387 1770 463 1794 nec
492 1762 632 1809 pereat
660 1771 738 1809 quo
769 1758 869 1796 scire
898 1757 1021 1806 ma103
1051 1757 1294 1810 tandemque
1322 1758 1440 1797 fateri

387 1835 486 1860 ausa
515 1822 591 1860 sibi
618 1822 793 1874 paulum,
823 1822 955 1861 medio
986 1823 1042 1861 Sic
1070 1823 1154 1861 fata
1183 1822 1320 1862 dolore
1351 1829 1429 1862 est:

389 1891 508 1926 ‘nunc
537 1901 613 1939 ego
643 1901 720 1940 quo
751 1901 846 1926 casu
873 1887 940 1926 vel
970 1902 1047 1940 quo
1077 1888 1134 1927 sic
1161 1889 1332 1940 pervigil
1359 1903 1488 1942 usque

389 1953 480 2004 ipsa
506 1952 648 1991 volens
679 1967 813 1992 errore
841 1953 1004 1992 trahor?
1031 1967 1111 1992 non
1139 1954 1240 2014 liaeo
1269 1954 1366 1993 mihi
1395 1960 1503 1994 certe

376 2101 409 2136 6.
458 2105 590 2136 vertere
633 2122 676 2127 —
715 2105 858 2146 questus
894 2101 1002 2136 simili
1038 2101 1183 2138 ratione
1209 2102 1351 2138 dictum
1375 2102 1534 2145 videtur,
1566 2103 1608 2138 ut
1633 2103 1769 2139 volvere

279 2160 440 2195 earmina
453 2187 461 2201 ‚
504 2160 551 2196 de
589 2172 662 2205 qua
686 2161 874 2196 locutione
916 2161 981 2196 cfr.
1023 2161 1073 2196 ad
1106 2161 1166 2196 III
1180 2190 1188 2203 ‚
1225 2161 1314 2206 4083
1353 2161 1509 2198 alterum
1542 2161 1650 2197 huius
1680 2174 1767 2198 usus

282 2219 495 2264 exemplum
519 2231 594 2255 non
619 2221 811 2266 reperitur,
838 2220 904 2255 sed
931 2219 997 2255 cfr.
1025 2220 1139 2256 etiam
1162 2220 1265 2263 VIII,
1291 2220 1371 2256 409.

375 2290 408 2326 7.
457 2290 514 2326 De
552 2291 738 2326 sententia
780 2291 846 2328 cfr.
887 2292 952 2326 Ov.
979 2292 1069 2330 met.
1094 2291 1172 2334 VII,
1199 2292 1256 2337 12,
1296 2291 1361 2327 ubi
1397 2291 1533 2328 Medea
1570 2292 1766 2338 mirumque

280 2348 402 2394 inquit
425 2350 499 2385 nisi
522 2350 587 2384 hoc
612 2354 663 2384 est
687 2354 751 2385 aut
769 2351 906 2395 aliquid
929 2355 1019 2386 certe
1042 2351 1153 2386 simile
1177 2352 1268 2393 huic,
1295 2351 1390 2396 quod
1412 2361 1532 2386 amare
1553 2355 1700 2387 vocatur
1727 2352 1767 2388 et

280 2406 365 2444 Sen.
391 2407 500 2444 Herc.
527 2408 609 2444 Oet.
636 2409 729 2443 1259
754 2410 900 2444 concede
923 2410 1045 2445 saltem
1069 2410 1158 2445 scire
1182 2421 1249 2455 quo
1268 2421 1413 2455 peream
1435 2410 1553 2452 modo,
1581 2410 1628 2446 de
1655 2411 1766 2447 collo·

280 2466 432 2503 catione
455 2468 655 2503 verborum
681 2468 730 2503 ad
754 2468 784 2510 Ι,
811 2468 890 2503 284.

373 2538 395 2573 9
432 2550 509 2584 sqq.
537 2539 733 2574 admodum
770 2539 931 2575 feliciter
955 2539 1125 2576 Valerius
1163 2540 1384 2586 virginalem
1421 2539 1543 2576 adhuc
1580 2540 1764 2586 pudorem

278 2597 436 2634 Medeae
461 2609 686 2643 quamquam
712 2598 837 2634 divino
862 2598 1011 2635 numine
1036 2599 1290 2634 inflammatae
1322 2600 1436 2644 atque
1469 2600 1668 2645 corruptae
1701 2599 1766 2635 de-

278 2657 426 2704 scribit3
455 2657 610 2694 celerius
636 2669 715 2694 rem
732 2658 894 2694 confecit
917 2658 1133 2704 Apollonius
1158 2658 1220 2701 IV,
1248 2659 1290 2694 11
1317 2669 1417 2704 seqq.

1787 1968 1823 1997 10

1858 2973 1890 3100 ψξὶυ”
1867 2866 1890 2963 ὅ<ἶᾼὶέ
1871 2798 1890 2855 *tt-*8⁸
1883 2733 1886 2739 α
