1890 3100
233 219 316 262 120
749 218 786 254 c.
815 218 992 254 VALERI
1018 219 1191 256 FLAGCI

333 337 519 376 obsecrat
547 338 640 389 igne
670 337 807 376 domos
837 339 915 376 iam
944 339 1022 377 iam
1051 340 1254 379 exorabile
1284 341 1357 380 rite

336 416 495 441 carmen
523 417 665 454 agens;
695 416 827 455 neque
858 405 963 442 enim
991 410 1083 444 ante
1112 405 1223 444 leves
1243 407 1358 457 niger
1387 407 1521 446 avehit
1549 408 1709 448 umbras

334 469 499 519 portitor
528 474 567 507 et
595 469 754 507 vinctae
782 469 916 520 primis
947 475 1052 508 stant
1081 470 1262 510 faucibus
1294 471 1398 511 Orci.

314 534 444 572 ³illum
473 533 541 571 ubi
569 533 728 572 terrifici
757 547 969 586 superesse
998 536 1039 573 in
1066 541 1244 588 tempore
1275 538 1377 576 sacri

333 599 555 650 conspexit,
587 600 724 637 statuit
753 599 834 638 leto
864 614 1127 653 supremaque
1158 602 1263 641 fatur

331 665 418 716 ipse
448 679 567 703 manu
594 670 765 716 tangens
797 665 971 704 damnati
1001 680 1148 706 cornua
1175 669 1295 706 tauri:

325 729 425 777 ‘vos,
458 730 600 782 quibus
629 731 837 783 imperium
864 732 971 770 Iovis
1003 738 1042 770 et
1070 747 1150 771 non
1181 747 1305 785 segne
1333 739 1539 786 peractum

224 841 352 878 sedem
377 854 482 877 suam
512 843 781 885 reducendum;
822 844 867 879 de
899 845 969 880 hoc
1000 856 1102 880 more
1135 846 1262 881 autem
1297 846 1396 891 apud
1428 846 1571 882 nullum
1596 846 1709 881 alium

222 901 376 946 poetam
403 901 600 948 quidquam
625 901 828 950 invenitur3
856 902 923 939 cfr.
949 914 1042 948 quae
1069 904 1117 938 ad
1141 916 1175 939 v.
1201 903 1270 939 818
1297 905 1478 941 dicentur.

317 961 508 1006 teryemina
546 972 609 996 era
648 962 705 997 est
741 961 894 1001 Hecate,
935 962 980 998 de
1020 973 1091 1009 qua
1129 962 1194 998 cfr.
1229 963 1277 998 ad
1307 963 1390 1008 VII,
1422 963 1508 1012 395;
1545 975 1708 1009 supremo

222 1014 311 1066 iyne,
340 1020 424 1067 quia
449 1022 534 1066 post
559 1021 630 1056 hoc
655 1033 800 1056 sacrum
825 1021 901 1056 iam
927 1022 1029 1057 aliud
1054 1034 1128 1058 non
1154 1023 1328 1058 oblatura
1355 1025 1421 1059 est.

319 1097 399 1133 782.
447 1101 571 1133 retro
609 1109 749 1133 carmen
774 1109 882 1143 ayens
907 1099 1002 1139 Vae,
1032 1099 1130 1146 quod
1155 1111 1248 1134 sana
1274 1100 1462 1136 sententia
1489 1103 1602 1143 caret,
1641 1103 1707 1137 rite

222 1157 364 1203 Braun3
392 1158 567 1193 enerabile
593 1169 743 1194 carmen
759 1159 885 1204 potest
910 1158 949 1193 id
975 1170 1064 1201 esse,
1093 1171 1163 1206 quo
1192 1159 1280 1206 quid
1306 1162 1490 1203 exoratur,
1517 1162 1560 1196 ut
1579 1162 1705 1206 placa-

222 1216 288 1251 bile
311 1217 418 1251 iubar
442 1217 483 1257 V,
511 1217 590 1259 331;
615 1217 822 1262 ¹qenetabilis
847 1229 940 1253 aura
962 1218 1087 1260 favoni
1112 1218 1218 1254 Lucr.
1238 1222 1266 1260 I,
1284 1219 1345 1261 11;
1375 1221 1574 1256 mactabilis
1591 1221 1706 1266 playa

220 1273 281 1316 VI,
302 1274 387 1320 1053
413 1275 648 1312 dissociabilis
674 1275 834 1312 Oceanus
858 1277 946 1313 Hor.
974 1289 1004 1315 c.
1029 1278 1056 1319 Ι,
1084 1278 1115 1319 3,
1143 1278 1204 1319 22;
1225 1279 1445 1323 penetrabile
1471 1280 1575 1315 telum
1593 1280 1705 1325 Verg.

220 1332 311 1368 Aen.
339 1333 380 1375 X,
407 1334 476 1369 481
505 1335 542 1370 et
570 1334 635 1372 Ov.
660 1336 749 1372 met.
775 1336 817 1376 V„
845 1336 906 1378 67;
928 1337 1146 1380 penetrabile
1169 1337 1303 1380 fulmen
1329 1337 1431 1380 XIII,
1458 1337 1539 1374 857.

315 1404 417 1438 ayere
443 1405 593 1429 carmen
618 1393 640 1428 i.
667 1406 698 1429 e.
725 1395 885 1430 recitare
911 1395 1050 1441 legitur
1077 1396 1191 1431 etiam
1216 1396 1277 1437 IV,
1304 1397 1367 1439 87;
1405 1397 1576 1433 similiter
1602 1399 1705 1433 certe

221 1451 315 1486 dixit
342 1451 469 1488 Claud.
497 1453 544 1488 de
568 1452 620 1487 VI
646 1464 742 1488 cons.
776 1453 870 1490 Hon.
899 1453 965 1488 122
990 1454 1052 1489 sed
1075 1455 1162 1490 mihi
1185 1456 1257 1490 iam
1276 1456 1419 1500 pridem
1443 1461 1586 1501 captum
1612 1457 1704 1492 Par-

219 1512 344 1547 nassia
362 1512 533 1546 Maurum
559 1513 693 1548 Pieriis
718 1514 787 1558 eyit
810 1513 942 1554 fidibus
967 1514 1098 1559 chelys;
1127 1515 1165 1549 et
1190 1513 1321 1550 Avian.
1348 1514 1423 1550 fab.
1450 1515 1506 1556 37,
1535 1515 1579 1549 14
1602 1515 1706 1557 ferooe

220 1572 332 1606 animi
356 1572 470 1606 nobile
494 1582 653 1606 munmur
677 1573 763 1617 ayit.

315 1642 394 1678 784.
443 1646 588 1677 cunctae
605 1643 697 1683 Vat„
725 1642 823 1688 quod
848 1643 1188 1689 quomodocumque
1211 1644 1334 1679 locum
1358 1643 1701 1690 interpretabimur,

218 1701 653 1752 proparistnopfipoterim
679 1703 817 1737 vinctae
840 1702 989 1738 Jacobs.

207 1758 210 1760 ’
307 1763 439 1806 primis
463 1783 508 1788 -
532 1752 699 1804 faucibus
725 1762 827 1798 Orci.-
854 1764 965 1808 Verg.
991 1763 1082 1799 Aen.
1109 1763 1170 1805 VI,
1197 1764 1277 1798 273.

314 1833 393 1870 785.
442 1833 498 1870 Ne
525 1834 618 1870 haec
646 1833 794 1880 quidem
818 1834 935 1870 verba
967 1834 1018 1869 sic
1046 1834 1257 1879 reliquisset
1282 1835 1462 1877 Valerius,
1495 1835 1527 1871 si
1552 1847 1702 1871 carmen

217 1892 493 1938 pe1·polivisset;
521 1893 582 1939 qui
601 1894 699 1928 enim
723 1894 815 1929 talia
841 1894 965 1930 dicere
986 1895 1119 1940 potuit,
1147 1906 1231 1930 cum
1245 1896 1358 1931 antea
1376 1895 1445 1930 775
1461 1895 1700 1936 narravisset,

217 1952 366 1986 taurum
404 1953 453 1987 ad
489 1953 709 1988 sacrificium
747 1955 919 1990 ornatum
949 1954 1025 1989 iam
1057 1954 1238 1990 astitisse:
1291 1966 1426 2001 nempe
1457 1955 1579 1991 Aeson
1617 1966 1702 1992 eum

218 2013 418 2047 ornaverat
425 2025 432 2054 ;
463 2012 551 2059 quid
575 2012 690 2058 igitur
713 2005 815 2048 illud*
823 2015 880 2049 est
903 2024 1084 2058 superesse
1107 2015 1207 2049 illum
1232 2013 1435 2059 conspevit?
1460 2025 1551 2051 sane
1575 2026 1702 2061 super-

218 2071 309 2111 erat,
338 2082 420 2106 cum
445 2071 609 2106 nondum
634 2072 847 2108 immolatus
875 2074 988 2115 esset;
1027 2072 1115 2119 quid
1140 2073 1298 2119 denique
1323 2074 1450 2109 statuit
1475 2073 1564 2110 leto?
1595 2075 1702 2122 quasi

217 2141 291 2165 non
315 2130 390 2165 iam
408 2132 520 2166 antea
539 2142 622 2166 eum
640 2131 832 2168 immolare
853 2132 1121 2174 constituisset;
1149 2144 1270 2179 neque
1288 2143 1377 2169 vero
1396 2133 1545 2169 omnino
1571 2135 1701 2180 aptum

216 2188 365 2225 videtur
401 2184 594 2225 iictimam
632 2191 705 2226 dici
739 2191 834 2228 leto
876 2193 1058 2226 statutam
1100 2203 1190 2233 esse,
1232 2193 1275 2227 ut
1316 2192 1498 2231 omittam.
1530 2193 1700 2238 exemplo

216 2249 313 2284 hanc
350 2249 575 2286 locutionem
613 2262 757 2291 carere,
797 2252 897 2298 quod
934 2263 1023 2287 sane
1058 2252 1158 2297 apud
1183 2252 1374 2288 Valerium
1406 2251 1600 2289 offensioni
1625 2263 1699 2287 non

217 2319 296 2344 esse
323 2308 449 2344 debet.

310 2378 391 2419 786.
439 2390 604 2424 suprema
631 2401 673 2406 —
700 2391 835 2416 cornua
860 2381 1033 2416 dicuntur
1058 2382 1100 2416 ut
1125 2385 1278 2417 eaetrema
1295 2386 1412 2418 aestas
1421 2382 1583 2426 pueritia
1599 2381 1696 2425 sim.;

217 2437 283 2474 cfr.
308 2438 391 2475 VII.
430 2438 501 2473 375
535 2439 651 2483 qualis
676 2439 791 2474 adhuc
816 2443 952 2475 teneros
976 2451 1220 2485 supremum
1245 2440 1376 2476 callida
1397 2441 1492 2483 fetus
1517 2445 1628 2476 mater
1652 2443 1696 2477 ab

216 2500 346 2534 excelso
365 2499 541 2543 produxit
564 2501 604 2535 in
631 2510 734 2535 aera
757 2500 848 2547 {nido
875 2511 905 2535 e.
933 2512 965 2545 q.
993 2512 1037 2542 s.;
1066 2512 1112 2536 an
1137 2511 1302 2546 suprema
1327 2504 1390 2545 (sc.
1415 2500 1546 2546 verba)
1569 2499 1698 2543 fatur?

311 2571 389 2608 787.
440 2572 600 2607 damnati
636 2571 658 2606 i.
699 2583 728 2607 e.
766 2571 878 2607 morti
916 2572 1110 2614 destinati;
1149 2571 1197 2613 II,
1226 2572 1311 2614 1533
1350 2571 1438 2619 4833
1465 2572 1577 2617 Verg.
1603 2573 1696 2608 Aen.

216 2630 297 2671 XII,
325 2630 409 2672 727;
449 2631 589 2666 anthol.
627 2631 693 2666 lat.
733 2632 790 2667 ed.
828 2631 870 2666 B.
904 2630 982 2682 181,
1009 2631 1050 2673 6;
1080 2630 1271 2669 Claudian.
1305 2631 1351 2666 de
1382 2631 1470 2668 beu,
1505 2631 1599 2669 Poll.
1628 2632 1694 2674 43;

217 2689 282 2725 cfr.
310 2690 423 2726 etiam
455 2690 549 2726 Stat.
582 2691 662 2728 silv.
688 2691 737 2737 ΙΙ,
767 2691 796 2732 1,
824 2691 868 2725 21
894 2701 1017 2726 saevos
1054 2691 1214 2727 damnati
1250 2691 1342 2726 turis
1373 2701 1515 2729 acervos
1541 2712 1585 2719 —
1609 2691 1693 2728 vidi.

1712 548 1766 578 785
