1890 3100
541 301 929 339 ARGONAVTICON
954 302 1102 337 LIBER
1126 302 1188 338 Ν.
1558 303 1651 346 299

269 437 365 462 cura
390 429 521 471 tenet,
554 422 735 475 rapidum
762 423 893 462 ventis
922 422 1167 460 certantibus
1197 434 1348 473 aequor
1653 439 1711 473 270

277 490 516 528 intemerata
543 494 664 536 secat,
693 487 839 526 Pollux
867 487 924 525 sic
951 485 1141 538 providus
1168 487 1272 524 ictus

277 559 412 592 servat
441 560 482 592 et
510 553 682 593 Oebalia
709 552 871 590 dubium
900 557 1019 603 caput
1048 551 1165 602 eripit
1193 556 1289 589 arte.

270 625 316 657 ut
348 618 495 657 deinde
522 623 742 670 urguentes
771 615 912 655 effudit
938 616 1112 654 nubibus
1140 617 1219 654 iras

273 683 538 735 ardoremque
566 683 651 729 viri,
679 681 872 734 paulatim
900 682 1109 732 insurgere
1137 681 1245 720 fesso

271 749 429 800 integer
456 754 497 786 et
525 747 687 786 summis
714 746 897 785 manibus
926 745 1127 785 deducere
1156 751 1328 785 caestus.
1657 761 1712 790 275

274 813 344 852 ille
375 813 460 852 dies
489 826 631 864 aegros
659 812 804 863 Amyci
833 811 1042 850 sudoribus
1072 817 1181 849 artus

271 879 420 931 primus
450 884 491 917 et
518 878 646 916 arenti
675 882 928 916 cunctantem
956 876 1056 914 vidit
1074 877 1204 915 hiatu:

260 991 341 1026 270.
390 990 558 1035 rapidum
594 989 731 1024 dicitur
767 1000 906 1034 aequor
941 990 1097 1034 propter
1132 989 1253 1024 undas
1277 988 1452 1034 procellis
1478 988 1653 1024 celeriter

168 1051 283 1092 actas,
307 1051 351 1084 ut
376 1050 443 1085 Ov.
467 1051 556 1085 met.
582 1048 644 1092 VI,
670 1048 756 1088 299:
803 1049 934 1091 fretum
961 1048 1026 1084 OV.
1059 1049 1136 1084 her.
1162 1047 1245 1094 VII,
1272 1048 1361 1094 1423
1399 1048 1653 1093 Hellespontus

169 1110 254 1145 Luc.
279 1109 330 1154 Π,
354 1108 440 1155 675;
466 1119 564 1143 mare
588 1108 722 1143 Tibull.
748 1107 811 1144 1v.
838 1108 869 1149 1,
897 1107 976 1143 126.

263 1180 343 1216 271.
393 1179 449 1215 De
474 1179 663 1215 sententia
689 1178 755 1214 cfr.
781 1178 876 1214 Stat.
903 1178 1021 1216 Theb.
1045 1178 1109 1224 VI,
1136 1178 1205 1213 769
1229 1190 1331 1223 seqq.

267 1251 349 1287 272.
398 1251 543 1286 dubium
568 1255 676 1295 caput
710 1251 735 1287 i.
762 1261 792 1286 e.
818 1250 993 1296 periculis
1030 1250 1229 1295 obiectum,
1267 1250 1365 1286 unde
1402 1262 1493 1285 num
1516 1250 1660 1286 servari

173 1310 301 1356 possit,
329 1310 483 1345 dubium
509 1311 583 1352 est;
621 1310 674 1345 sic
697 1310 758 1345 via
782 1310 891 1345 dubia
916 1309 983 1346 Ov.
1015 1309 1093 1345 her.
1118 1309 1235 1354 XVII,
1264 1310 1348 1351 154;
1378 1309 1537 1355 Cydippe
1560 1308 1657 1349 XIX,

176 1369 261 1412 199;
286 1373 382 1405 rates
406 1369 498 1404 artis
522 1369 551 1413 Ι,
576 1369 646 1404 558
672 1370 712 1405 et
736 1369 783 1410 Π,
811 1369 880 1404 514
906 1370 945 1404 et
962 1369 1043 1405 Tib.
1060 1369 1109 1414 11,
1135 1369 1169 1413 3,
1194 1369 1258 1411 40;
1280 1369 1394 1414 pirate
1418 1369 1552 1414 (navis)
1572 1368 1659 1404 fast.

175 1428 223 1470 Π,
250 1428 335 1471 101;
363 1427 512 1464 Ovidius
536 1429 635 1474 (cum
658 1429 888 1473 tempestate
911 1428 1132 1470 iactaretur)
1163 1428 1262 1464 trist.
1299 1428 1329 1469 Ι,
1358 1429 1413 1469 11,
1452 1428 1498 1462 13
1523 1429 1562 1463 et
1587 1427 1658 1473 III,

175 1488 208 1533 2,
235 1487 296 1530 15;
315 1489 456 1532 puppis
481 1499 526 1523 ex
550 1488 658 1523 Pont.
683 1487 732 1529 H,
759 1487 791 1529 5,
810 1487 876 1534 62;
895 1498 1013 1532 prora
1029 1487 1134 1523 Paul.
1156 1487 1217 1522 vit.
1236 1487 1347 1523 Mart.
1365 1487 1416 1532 Π,
1434 1487 1478 1533 6;
1504 1487 1660 1522 mundus

174 1547 259 1583 Luc.
284 1546 336 1587 II,
361 1546 447 1588 24&
485 1546 590 1582 urbes
613 1546 720 1582 Lucr.
745 1547 789 1587 V,
816 1546 909 1583 1235
940 1548 980 1582 et
1006 1546 1152 1592 Coripp.
1179 1546 1257 1582 Ioh.
1283 1545 1312 1591 L
1339 1547 1400 1588 72;
1439 1557 1544 1592 aeqer
1580 1546 1658 1581 Iuv.

174 1605 277 1650 xm,
316 1606 401 1647 124;
439 1607 479 1641 in
516 1606 622 1641 dubio
662 1605 757 1651 (loco
793 1605 1015 1651 periculoso)
1054 1595 1169 1642 locare
1206 1605 1289 1641 Sen.
1326 1606 1458 1651 Agam.
1497 1605 1555 1641 59.
1603 1605 1660 1642 De

176 1665 360 1710 eripiendi
382 1665 500 1701 verbo
526 1664 592 1700 cfr.
619 1665 668 1700 ad
692 1665 719 1706 I,
745 1664 804 1702 88.

268 1736 348 1771 273.
398 1737 552 1771 nubibus
576 1735 668 1771 dicit
692 1735 863 1771 Valerius
900 1747 981 1771 cum
1020 1735 1272 1782 superlatione
1309 1748 1385 1771 non
1420 1736 1569 1772 insueta
1592 1748 1661 1781 pro

177 1807 274 1831 aere.
322 1795 453 1840 Neque
489 1795 624 1831 merito
661 1796 864 1831 haeserunt
887 1795 1056 1831 nonnulli
1080 1795 1119 1830 in
1155 1806 1210 1837 eo,
1243 1795 1343 1840 quod
1366 1795 1499 1831 Pollux
1525 1795 1663 1831 dicitur

176 1855 252 1890 iras
275 1855 407 1900 Amyci
430 1855 470 1889 in
494 1855 612 1890 nubes
638 1853 813 1890 effudisse
848 1854 871 1890 i.
912 1865 941 1890 e.
970 1854 1132 1895 elusisse,
1158 1854 1214 1890 ita
1237 1856 1282 1889 ut
1304 1854 1436 1890 inanes
1463 1854 1540 1890 eius
1565 1854 1662 1890 ictus

177 1914 328 1958 fierent3
354 1913 571 1949 effundendi
594 1913 712 1949 verbo
737 1913 847 1948 simili
871 1914 1017 1949 ratione
1042 1914 1162 1948 utitur
1186 1913 1273 1949 Luc.
1290 1912 1353 1954 IX.v
1379 1914 1449 1949 332
1475 1914 1664 1949 arboribus

177 1974 289 2009 caesis
309 1973 436 2016 flatum
451 1972 603 2015 effudere
625 1977 840 2017 prementem
855 1973 879 2008 i.
898 1984 929 2008 e.
948 1972 1129 2013 focerunt,
1155 1974 1198 2007 ut
1216 1974 1353 2008 eventu
1369 1972 1480 2007 flatus
1498 1974 1662 2015 careret;

177 2032 304 2078 paullo
329 2032 439 2068 aliter
464 2032 556 2067 dicit
580 2031 693 2077 Verg.
717 2031 808 2067 Aen.
834 2031 876 2072 V,
901 2032 973 2066 446
998 2032 1161 2067 Entellus
1190 2032 1283 2067 vires
1312 2033 1351 2066 in
1374 2036 1516 2067 ventum
1540 2032 1665 2074 effudit

177 2103 226 2127 sc.
252 2103 301 2126 su
309 2102 366 2129 as.

274 2163 355 2199 275.
404 2163 530 2199 Verba
556 2163 712 2198 obscure
738 2162 862 2200 dicta:
888 2163 1112 2208 scripturam
1133 2163 1316 2198 traditam
1331 2174 1485 2198 summos
1500 2163 1665 2199 manibus

182 2222 353 2257 dod-acore
375 2226 514 2258 caestus
537 2221 705 2267 Wagner
729 2222 918 2267 intellegit
944 2222 1130 2258 Pollucem
1158 2223 1305 2258 caestus
1331 2233 1352 2258 e
1376 2222 1562 2258 bracchiis
1586 2233 1664 2257 ma-

181 2280 289 2316 nibus
312 2281 465 2327 propius
490 2281 709 2322 admovisse,
735 2281 833 2326 quod
858 2281 1008 2317 omnino
1038 2281 1118 2317 fieri
1143 2293 1218 2317 non
1242 2281 1366 2327 potuit
1391 2281 1580 2317 caestibus
1604 2281 1664 2316 fir-

179 2339 342 2376 missime
365 2340 416 2374 ad
451 2350 583 2375 manus
609 2341 648 2375 et
683 2339 860 2374 bracchia
884 2339 1074 2375 adstrictis
1099 2351 1220 2385 neque
1245 2340 1447 2386 quidquam
1470 2340 1665 2386 proficitur

181 2397 346 2434 'Philonis
364 2398 613 2444 explicatione
630 2398 750 2444 praef.
771 2411 807 2444 p.
824 2398 872 2433 92
897 2399 1064 2439 dicentis,
1091 2399 1253 2435 suffimos
1277 2401 1425 2435 caestus
1442 2411 1523 2435 esse
1540 2400 1666 2435 clavos

181 2458 222 2492 et
243 2469 425 2502 squamas,
450 2458 582 2504 quibus
608 2459 755 2493 caestus
780 2457 916 2493 caelati
941 2460 1074 2494 essent.
1125 2458 1262 2504 Scripsi
1286 2461 1440 2499 summis,
1466 2460 1510 2494 ut
1526 2459 1667 2495 evadat

181 2516 276 2552 haec
291 2517 479 2553 sententia
497 2517 708 2552 ‘sublatis
727 2517 898 2552 manibus
917 2517 1098 2562 Amycum
1118 2529 1315 2563 aggressus
1333 2518 1520 2554 caestibus
1546 2518 1664 2560 ferit';

183 2574 286 2610 aliud
321 2586 412 2612 sane
450 2576 661 2622 exemplum
697 2576 804 2611 huius
841 2576 1003 2612 notionis
1040 2578 1168 2612 summi
1205 2577 1382 2613 adiectivi
1412 2589 1487 2613 non
1511 2577 1602 2615 mihi
1627 2577 1666 2612 in

182 2634 358 2679 promptu
383 2635 450 2679 est,
476 2635 543 2671 sed
568 2635 634 2671 cfr.
659 2635 811 2670 arduam
836 2635 1013 2671 dexteram
1038 2636 1140 2682 apud
1165 2636 1232 2673 Ov.
1256 2637 1335 2672 her.
1361 2636 1406 2682 X,
1432 2636 1511 2674 102.

279 2692 445 2728 aeduam
468 2705 517 2730 sc.
541 2694 582 2728 in
599 2695 790 2739 Amycum,
816 2694 856 2729 id
873 2695 971 2740 qnod
993 2684 1212 2731 amittere:
1241 2695 1498 2731 ‘niederfaUen
1517 2695 1663 2731 lassen’.

279 2762 359 2798 276.
411 2764 522 2809 Verg.
550 2764 639 2800 Aen.
665 2764 765 2805 vm,
792 2765 871 2800 222.
