1890 3100
522 241 909 280 ARGONAVTIGON
930 241 1078 277 LIBER
1101 242 1170 278 m.
1533 244 1620 287 253

243 362 362 401 litora
389 376 569 415 quosque
597 361 719 400 dabat
745 360 872 400 densa
897 361 1012 399 trabe
1038 361 1174 412 Mysia
1199 366 1355 399 montes

196 480 201 483 Ι
249 427 471 468 advehitur.
523 428 628 480 petit
654 426 838 466 excelsas
864 425 1101 477 Tirynthius
1130 438 1267 474 ornos;
1622 444 1678 473 485

244 493 386 532 haeret
411 492 543 544 Hylas
571 492 687 531 lateri
712 504 937 543 passusque
964 497 1140 529 moratur
1166 491 1337 543 iniquos.

297 558 418 596 Illum
445 557 515 596 ubi
540 557 643 595 Iuno
670 556 754 609 poli
781 568 933 594 summo
963 555 1013 594 de
1041 557 1193 594 vertice
1220 569 1395 607 puppem

246 622 472 662 deseruisse
498 621 621 670 videt,
649 628 807 673 tempus
834 627 922 659 rata
950 620 1042 659 diva
1069 620 1242 659 nocendi

244 678 414 726 Pallada
441 693 665 726 consortem
693 687 798 725 curis
826 699 1047 739 cursusque
1075 692 1295 738 regentem,

245 767 381 806 nequa
406 753 500 792 inde
527 753 696 805 inceptis
723 753 839 791 fieret
866 765 988 799 mora,
1017 751 1159 790 fallere
1186 752 1314 803 prima
1621 763 1678 794 490

243 818 405 857 molitur
432 831 603 870 caroque
633 817 734 856 dolis
763 824 945 856 avertere
973 817 1096 855 fratri.

231 930 313 966 484.
361 930 418 966 De
442 929 623 975 singulari
646 930 757 965 densa
779 930 879 965 trabe
903 928 971 965 cfr.
997 929 1047 964 ad
1071 928 1142 970 111,
1168 929 1249 963 228.

233 989 313 1025 486.
362 990 483 1025 haeret
507 990 627 1034 Ζαΐενίς
674 988 785 1034 Verg.
812 989 907 1026 Aen.
930 988 994 1030 IV,
1021 988 1086 1035 933
1112 988 1196 1024 Val.
1211 987 1312 1029 vm,
1333 989 1394 1034 553
1422 999 1624 1033 passusque

139 1053 303 1085 moratur
336 1049 497 1094 imque&
548 1048 615 1085 cfr.
641 1049 754 1093 Verg.
790 1049 883 1084 Aen.
921 1048 969 1085 11.
1008 1048 1078 1082 724
1113 1049 1339 1092 sequiturque
1363 1051 1505 1092 patrem
1543 1048 1622 1093 (As—

139 1108 282 1153 canius)
318 1119 392 1143 non
421 1107 594 1152 passibus
630 1109 761 1152 aequis,
799 1110 839 1143 et
876 1107 922 1143 de
947 1107 1046 1152 Hyla,
1082 1107 1163 1153 ipso
1195 1106 1379 1152 copiosius
1403 1109 1623 1142 narrantem

138 1167 233 1203 Stat.
258 1166 376 1204 Theb.
400 1166 443 1207 V,
467 1167 538 1201 441
563 1177 682 1212 seqq.;
702 1178 837 1211 passus
859 1167 976 1211 iniqui
1012 1168 1099 1201 sunt
1135 1177 1267 1211 passus
1303 1177 1379 1201 non
1404 1165 1514 1211 aequi
1536 1165 1559 1201 i.
1586 1177 1619 1201 e.

136 1226 295 1262 maiores
318 1225 499 1270 Herculis,
523 1225 579 1260 ita
603 1227 647 1260 ut
677 1225 904 1261 adiectivum
941 1225 1109 1271 proxime
1147 1225 1306 1260 accedat
1342 1225 1392 1260 ad
1428 1225 1620 1260 notionem

136 1285 336 1331 propriam,
363 1285 430 1320 sed
453 1286 583 1320 tamen
607 1285 736 1320 subest
758 1284 968 1326 translatio,
996 1296 1080 1319 cum
1116 1284 1244 1330 magni
1279 1284 1449 1320 Herculis
1487 1295 1619 1329 passus

136 1343 257 1389 Hylae
280 1355 356 1380 non
378 1355 536 1390 parvam
550 1343 761 1379 molestiam
776 1345 974 1389 pararent3
998 1355 1148 1389 prorsus
1168 1344 1300 1379 eadem
1316 1343 1463 1379 ratione
1480 1343 1621 1384 dictum

137 1403 295 1449 legimus
319 1403 421 1448 apud
444 1403 543 1451 Pers.
570 1404 640 1438 sat.
666 1403 694 1444 Ι,
721 1402 790 1437 129
814 1414 892 1448 seq.
916 1413 990 1438 sese
1025 1403 1175 1448 aliquem
1211 1403 1364 1443 credens,
1393 1403 1491 1437 Italo
1527 1403 1623 1448 quod

138 1463 270 1498 honore
290 1463 443 1507 sapim
467 1462 632 1507 Freyerit
655 1462 815 1497 heminas
838 1463 962 1497 Arreti
986 1462 1112 1498 aedilis
1147 1463 1291 1507 iniquas
1327 1463 1368 1497 et
1392 1462 1445 1497 sic
1470 1461 1619 1507 saepius

139 1521 187 1557 de
210 1521 392 1557 mensuris
415 1521 478 1556 vel
499 1521 739 1566 ponderibus,
765 1522 809 1556 ut
832 1520 911 1556 Iuv.
938 1523 1008 1557 sat.
1034 1520 1133 1566 XIV,
1171 1521 1240 1555 126
1276 1532 1457 1556 ser-vorum
1480 1525 1619 1556 ventres

139 1580 258 1617 maio
280 1581 432 1626 castiqat
454 1580 586 1625 eosque,
613 1581 678 1615 cfr.
704 1579 827 1615 Iahnii
852 1582 978 1615 annot.
1005 1580 1055 1615 ad
1078 1580 1181 1616 Pers.
1206 1580 1229 1614 1.
1256 1580 1281 1616 l.

230 1638 313 1675 487.
360 1638 625 1675 Narrationem
649 1639 697 1674 de
720 1635 1112 1675 interventu'Iunonis
1150 1640 1189 1675 et
1213 1650 1324 1675 cervo
1356 1640 1406 1674 ad
1429 1639 1620 1685 pellicien-

138 1698 228 1733 dum
239 1698 377 1743 Hylam
391 1697 556 1734 immisso
572 1697 732 1734 feliciter
747 1699 893 1734 invenit
908 1698 1094 1745 Valerius;
1119 1699 1263 1744 pariter
1282 1710 1327 1734 ea
1344 1710 1441 1744 quae
1456 1699 1495 1733 in
1513 1699 1620 1735 initio

137 1756 227 1792 libri
249 1757 372 1803 quarti
395 1757 443 1793 de
467 1757 558 1792 Iove
574 1757 614 1792 in
631 1758 768 1793 somnis
786 1758 937 1794 Herculi
956 1760 1163 1804 apparente
1180 1758 1357 1794 narravit.
1399 1758 1619 1803 Apollonius

140 1817 288 1852 secutus
312 1817 371 1851 est
393 1816 563 1851 fabulam
578 1816 771 1862 vulgatam
796 1817 843 1853 de
859 1817 957 1862 Hyla
981 1828 1004 1852 a
1019 1817 1202 1862 Nymphis
1226 1820 1346 1862 rapto.
1373 1817 1459 1852 dum
1485 1828 1622 1862 aquam

141 1885 186 1910 ex
215 1874 320 1910 fonte
343 1875 443 1920 petit
466 1875 515 1910 ad
540 1887 671 1911 cenam
694 1876 926 1922 parandam;
965 1876 1005 1911 in
1031 1887 1075 1911 ea
1099 1887 1140 1912 re
1166 1876 1246 1912 fere
1272 1887 1424 1912 omnes
1450 1878 1621 1912 auctores

137 1935 292 1980 praeter
302 1933 493 1970 Valerium
517 1936 698 1979 quantum
722 1935 797 1970 scio
822 1935 1067 1976 consentiunt,
1093 1935 1163 1970 nisi
1188 1935 1288 1980 quod
1301 1935 1436 1971 Zenob.
1452 1946 1619 1981 paroem.

136 1991 200 2034 VI.
225 1992 270 2027 21
309 1995 348 2029 et
379 1992 492 2038 orph.
519 1994 606 2039 Arg.
631 1993 700 2028 643
736 2005 837 2038 seqq.
874 1994 1042 2039 paullum
1078 1994 1286 2030 discedunt.
1342 1994 1426 2030 Vid.
1464 1994 1620 2030 Theocr.

65 2058 67 2061 ·
137 2049 245 2097 Iffyn.
263 2051 365 2092 xm.
390 2052 453 2094 36;
490 2052 616 2097 ibique
642 2053 756 2088 schol.
782 2054 821 2088 et
845 2053 895 2087 ad
919 2065 954 2089 v.
979 2053 1044 2095 46;
1082 2053 1253 2098 Apollod.
1279 2053 1307 2094 Ι,
1333 2053 1367 2094 9,
1394 2053 1454 2100 19;
1493 2053 1617 2089 Strab.

137 2109 222 2157 KH,
257 2111 291 2157 4,
326 2111 365 2153 3;
403 2111 516 2147 schol.
554 2111 666 2147 Arist.
702 2111 800 2147 Plut.
827 2112 935 2154 1127;
973 2112 1087 2149 schol.
1125 2112 1246 2158 Apoll.
1273 2112 1303 2157 Ι,
1330 2112 1440 2158 1207;
1479 2114 1615 2149 Anton.

71 2191 73 2194 -
138 2168 219 2205 Lib.
245 2181 275 2205 c.
300 2170 348 2204 24
372 2170 430 2206 ed.
443 2170 663 2212 Westerm.;
688 2170 798 2216 Prop.
824 2170 852 2206 L
878 2171 935 2211 20,
960 2171 1023 2213 243
1048 2171 1128 2208 Iuv.
1154 2173 1223 2206 sat.
1249 2170 1277 2213 1,
1306 2172 1390 2214 164;
1417 2171 1512 2209 Stat.
1537 2172 1617 2208 silv.

73 2275 78 2278 Β
137 2228 208 2270 111.
243 2230 278 2274 4,
313 2229 383 2271 43;
420 2230 531 2266 schol.
571 2229 665 2265 Stat.
704 2229 821 2265 Theb.
848 2229 888 2271 V,
914 2230 1001 2276 453;
1039 2231 1157 2275 myth.
1182 2230 1267 2266 Vat.
1293 2230 1321 2272 L
1348 2230 1416 2273 49;
1454 2231 1504 2276 Π,
1531 2231 1616 2278 199;

138 2286 243 2325 Serv.
267 2289 318 2324 ad
340 2288 451 2334 Verg.
479 2289 543 2324 ecl.
568 2288 630 2327 vl,
656 2289 719 2335 433
757 2288 858 2325 Serv.
886 2291 925 2324 et
949 2290 1059 2325 Prob.
1097 2290 1146 2324 ad
1182 2301 1310 2335 georg.
1336 2290 1403 2330 nL
1430 2291 1469 2332 6;
1507 2290 1617 2326 Drac.

78 2383 86 2390 ,,
140 2346 198 2383 ed.
222 2346 266 2383 B.
291 2347 340 2391 Π,
366 2348 435 2383 123
459 2359 560 2393 seqq.
615 2348 762 2393 Helbig‚
787 2347 1012 2393 Wandgem.
1053 2348 1177 2394 Camp.
1215 2348 1293 2384 Nro
1319 2349 1412 2384 1260
1449 2351 1489 2385 et
1515 2350 1617 2385 1261.

138 2404 343 2442 Nonnullos
367 2406 459 2443 alios
484 2407 584 2443 locos
620 2407 706 2443 vide
730 2407 827 2453 apud
851 2407 976 2443 Tuerk
1001 2408 1047 2444 de
1072 2408 1170 2453 Hyla
1192 2420 1229 2454 p.
1254 2409 1300 2442 47
1326 2419 1402 2453 seq.
1429 2410 1468 2444 et
1491 2421 1527 2454 p.
1553 2409 1616 2450 67;

83 2478 90 2507 ᾗ
140 2463 188 2500 de
211 2465 303 2501 artis
327 2466 500 2512 operibus
524 2463 561 2512 p.
588 2467 634 2502 74
658 2478 758 2512 seqq.

233 2523 314 2560 488.
362 2524 473 2571 Verg.
498 2526 590 2561 Aen.
615 2525 692 2565 VII,
718 2526 796 2563 511.

23 2596 41 2630 ³3
78 2593 83 2596 ·
232 2582 314 2620 489.
362 2588 553 2620 emmonem
577 2586 672 2620 curis
695 2585 718 2620 i.
744 2596 776 2623 e.
801 2587 1012 2621 consortem
1036 2585 1177 2621 factam
1202 2586 1317 2627 eux-iffi
1345 2585 1410 2623 cfr.
1437 2586 1523 2621 Luc.
1550 2585 1613 2626 IV,

24 2620 50 2673 1.
75 2630 104 2691 'fs
142 2640 211 2677 178
232 2642 362 2678 md&
384 2653 528 2679 more
545 2645 746 2688 puerilibus
770 2649 879 2680 aetas.

83 2699 109 2710 ’
233 2699 314 2737 490.
361 2700 472 2747 Verg.
496 2703 587 2738 Aen.
613 2702 679 2744 ΠΙ,
704 2703 784 2738 473.
