1890 3100
610 197 998 234 ARGONAVTICON
1026 198 1172 233 LIBER
1198 198 1240 233 V.
1577 197 1662 240 351

297 332 499 371 saevaque
527 317 785 357 Thermodon
811 317 944 356 medio
972 317 1056 355 sale
1085 329 1286 354 murmura
1312 315 1493 361 volvens,

295 382 471 423 Gradivo
502 396 615 422 sacer
642 389 684 421 et
713 382 849 435 spoliis
878 382 1095 420 ditissimus
1124 381 1264 426 amnis,

296 448 420 487 donat
448 461 586 500 equos,
616 448 738 486 donat
764 452 879 485 votas
908 446 973 484 cui
999 446 1113 496 virgo
1142 457 1316 491 secures,

295 527 385 552 cum
412 513 515 552 redit
542 513 697 564 ingenti
722 526 796 564 per
824 511 974 562 Caspia
1001 510 1177 548 claustra
1204 509 1416 561 triumpho,

291 579 552 630 Massageten
579 577 823 629 Medumque
850 576 1025 614 trahens.
1083 581 1145 614 est
1172 588 1269 613 vera
1295 587 1472 626 propago
1670 588 1724 618 125

293 644 509 695 sanguinis,
539 649 602 682 est
629 642 719 681 ollis
747 642 905 693 genitor
931 640 1043 680 deus.
1099 640 1192 678 hinc
1221 640 1347 691 magis
1376 640 1460 678 alta

293 708 570 748 Haemonidae
598 714 736 760 petere
766 713 806 746 et
833 707 1006 746 monitus
1034 720 1115 745 non
1141 712 1321 744 temnere
1350 705 1504 743 Phinei.

294 775 381 827 ipse
410 780 543 812 autem
573 773 759 811 comitum
787 784 1005 810 conversus
1034 770 1086 809 ad
1115 784 1183 809 ora
1210 783 1404 808 novorum

297 843 380 877 ‘vos
409 839 506 876 mihi
532 851 639 876 nunc
666 837 834 889 pugnas'
866 837 921 875 ait
950 843 1003 875 ‘et
1029 835 1219 874 victricia'
1250 834 1390 873 ductor

295 903 494 942 ‘Herculis
524 917 632 941 arma
658 903 739 941 mei
765 908 1002 954 vestrasque
1030 901 1072 939 in
1099 901 1215 939 litore
1242 901 1381 938 Martis
1674 908 1728 938 130

293 969 448 1007 interea
474 973 692 1006 memorate
721 967 889 1005 manus'.
947 968 1003 1005 sic
1031 966 1138 1004 fatur
1165 972 1206 1004 et
1234 979 1355 1014 aegro

186 1122 399 1158 nominatur
424 1122 540 1157 etiam
566 1122 612 1156 ab
638 1121 781 1156 Avieno
807 1120 885 1156 orb.
911 1120 998 1162 856;
1024 1122 1114 1155 citus
1139 1120 1187 1154 ab
1214 1119 1280 1155 Ov.
1301 1122 1385 1155 met.
1405 1119 1454 1157 Π.
1472 1119 1558 1161 249;
1584 1121 1673 1155 celer

189 1193 212 1216 a
237 1181 347 1227 Prop.
373 1181 437 1224 Iv,
461 1181 495 1226 4,
523 1181 584 1222 71;
612 1180 679 1217 cfr.
705 1180 834 1216 Avien.
861 1180 940 1215 orb.
967 1179 1058 1214 1154
1084 1183 1117 1218 et
1139 1179 1272 1221 festina
1288 1179 1368 1214 citis
1385 1179 1555 1214 evolvitur
1569 1179 1670 1214 unda

183 1241 327 1283 fluerttis
351 1240 399 1276 de
424 1239 702 1275 Thermodonte
728 1238 886 1280 dictum
912 1238 973 1273 hic
997 1238 1129 1273 fluvius
1150 1239 1207 1273 est
1224 1238 1332 1273 sedes
1349 1238 1544 1273 notissima
1560 1238 1672 1273 Ama-

187 1311 331 1335 zonum.

281 1369 360 1405 121.
408 1362 592 1404 murmura
615 1381 684 1415 pro
708 1368 826 1411 undis,
853 1369 985 1414 quibus
1009 1380 1175 1403 murmur
1201 1368 1396 1409 excitatur,
1428 1369 1471 1402 ut
1494 1367 1577 1412 VH,
1602 1367 1673 1403 606

185 1440 346 1464 murmur
368 1440 437 1474 pro
464 1439 558 1473 equo
583 1428 764 1473 scriptum
789 1429 863 1471 θείη
902 1428 954 1463 sic
979 1427 1127 1473 saepius
1164 1427 1290 1462 umbra
1326 1427 1465 1472 legitur
1500 1439 1569 1472 pro
1607 1427 1669 1469 eis,

185 1498 282 1533 quae
305 1487 475 1522 umbram
501 1487 655 1527 faciunt,
681 1486 756 1522 vid.
781 1486 851 1527 HI,
877 1486 948 1521 579
974 1488 1013 1522 et
1038 1486 1208 1522 similiter
1233 1486 1307 1521 alia
1331 1486 1460 1522 multa.

223 1578 226 1580 -
282 1558 360 1594 125.
410 1558 619 1603 Finguntur
633 1561 834 1594 Amazones
847 1569 937 1593 vera
953 1569 1121 1603 propago
1138 1557 1287 1599 Martis;
1302 1559 1367 1593 cfr.
1384 1557 1504 1602 Apoll.
1519 1557 1568 1599 H,
1583 1557 1671 1604 992;

186 1617 390 1662 Pherecyd.
417 1617 518 1663 apud
548 1617 683 1663 schol.;
721 1617 835 1652 schol.
863 1617 968 1652 Hom.
994 1617 1038 1653 Il.
1063 1617 1135 1661 111,
1162 1616 1247 1659 189;
1275 1617 1324 1651 ad
1347 1618 1535 1662 sanguinis
1559 1628 1671 1663 gene-

186 1676 304 1712 tivum
332 1675 443 1712 facile
469 1676 620 1711 auditur
644 1676 747 1712 notio
772 1676 829 1712 dei
854 1687 900 1712 ex
926 1676 988 1717 eis,
1015 1687 1110 1721 quae
1136 1677 1352 1721 sequuntur.

283 1746 363 1782 127.
413 1751 447 1781 et
471 1768 516 1773 -
540 1757 613 1782 non
636 1751 807 1785 temnere:
857 1748 971 1792 Verg.
995 1748 1087 1783 Aen.
1113 1747 1175 1788 VI,
1202 1747 1283 1783 620.

284 1817 364 1853 128.
414 1817 518 1859 Quae
543 1817 709 1863 sequitur
735 1818 1036 1854 commemoratio
1071 1830 1222 1864 pugnae
1258 1818 1358 1854 inter
1397 1819 1596 1854 Herculem
1635 1820 1674 1855 et

187 1876 392 1912 Amazones
420 1876 556 1918 factae,
594 1888 669 1912 non
694 1876 831 1923 legitpr
862 1878 962 1923 apud
986 1878 1230 1923 Apollonium,
1258 1878 1320 1922 qui
1346 1879 1478 1913 contra
1503 1878 1672 1923 pluribus

186 1935 311 1972 verbis
339 1935 386 1971 de
411 1936 564 1980 regione
590 1936 748 1977 disserit,
775 1935 840 1971 ubi
865 1940 1068 1972 Amazones
1085 1937 1269 1972 habitent.
1310 1937 1435 1981 Atque
1453 1937 1671 1982 plerumque

186 1994 310 2030 solus
334 1994 513 2030 Hercules
551 2006 634 2030 cum
657 1995 905 2031 Amazonibus
941 2007 1128 2041 pugnasse
1163 1996 1298 2031 dicitur
1334 1998 1464 2040 estque
1495 1996 1555 2031 hic
1579 2008 1672 2031 unus

189 2064 235 2089 ex
259 2053 456 2089 duodecim
480 2053 553 2088 illis
577 2053 776 2096 laboribus,
797 2054 864 2089 sed
890 2054 957 2090 cfr.
983 2066 1077 2099 quae
1104 2054 1195 2090 dicit
1219 2054 1333 2090 schol.
1353 2055 1458 2089 Pind.
1476 2055 1582 2091 Nem.
1600 2055 1671 2100 111,

187 2111 251 2158 643
276 2112 447 2158 Apollod.
474 2112 521 2154 H,
548 2113 581 2154 5,
608 2112 646 2155 9;
674 2113 788 2148 etiam
812 2113 851 2148 in
875 2125 1047 2149 vasorum
1071 2114 1223 2159 picturis
1251 2114 1475 2160 conspicitur
1492 2114 1670 2150 Hercules

188 2182 272 2206 cum
295 2171 403 2207 sociis
431 2173 561 2207 contra
592 2172 754 2217 virgines
791 2184 979 2219 pugnans;
1015 2173 1088 2208 vid.
1115 2173 1267 2209 Preller.
1293 2175 1410 2219 myth.
1436 2185 1559 2219 graec.
1596 2173 1668 2216 11³,

187 2230 258 2265 232
282 2241 385 2275 seqq.

280 2300 358 2338 131.
407 2313 535 2337 manus
572 2302 595 2336 i.
623 2313 652 2337 e.
690 2314 748 2338 res
786 2314 899 2338 manu
935 2305 1078 2349 gestam
1120 2304 1172 2339 sic
1210 2303 1305 2339 Stat.
1343 2304 1460 2341 Theb.
1499 2305 1562 2345 VI,
1602 2305 1669 2340 791

185 2360 463 2405 multiplicatqnae
498 2373 626 2396 manus
658 2361 681 2397 i.
709 2373 739 2397 e.
777 2362 872 2397 ictus
910 2374 1023 2398 manu
1060 2363 1199 2405 factos;
1237 2363 1349 2401 VIII.
1391 2364 1461 2398 305
1499 2375 1588 2408 quae
1626 2385 1671 2391 —

187 2418 418 2455 Prometheus
443 2441 486 2446 —
512 2432 640 2455 manus
665 2444 709 2449 —
734 2422 853 2467 yiqnis
877 2422 899 2458 i.
926 2434 957 2458 e.
984 2423 1150 2458 homines
1168 2434 1282 2457 manu
1298 2423 1514 2459 Promethei
1532 2423 1670 2466 factos;

186 2476 251 2513 cfr.
278 2478 393 2513 etiam
418 2479 466 2513 ad
490 2478 553 2520 IV,
579 2479 659 2516 287.

279 2547 383 2582 aeqro
408 2538 511 2573 corde
534 2539 657 2579 silerum
683 2550 797 2584 aeger
823 2542 880 2576 esi:
905 2542 1049 2576 animus
1075 2541 1226 2579 Iasonis.
1254 2543 1338 2587 quia
1364 2543 1531 2578 adventu
1558 2544 1668 2579 comi-

185 2595 266 2687 {um
289 2595 458 2632 Herculis
483 2609 607 2633 rursus
633 2598 855 2634 admonetur
881 2601 957 2636 eius
982 2602 1045 2641 rei,
1072 2601 1172 2645 quod
1195 2601 1294 2636 tanti
1326 2602 1396 2636 viri
1428 2602 1564 2638 auxilio
1602 2614 1660 2638 or-

214 2654 297 2688 atus
323 2658 388 2691 est.
