<?xml version="1.0" encoding="UTF-8"?>
<!DOCTYPE html PUBLIC "-//W3C//DTD XHTML 1.0 Transitional//EN"
    "http://www.w3.org/TR/xhtml1/DTD/xhtml1-transitional.dtd">
<html xmlns="http://www.w3.org/1999/xhtml" xml:lang="en" lang="en">
 <head>
  <title>
</title>
<meta http-equiv="Content-Type" content="text/html;charset=utf-8" />
  <meta name='ocr-system' content='tesseract 3.04.00' />
  <meta name='ocr-capabilities' content='ocr_page ocr_carea ocr_par ocr_line ocrx_word'/>
</head>
<body>
  <div class='ocr_page' id='page_1' title='image "argonauticonlibr00valeuoft_0555.png"; bbox 0 0 1890 3100; ppageno 0'>
   <div class='ocr_carea' id='block_1_1' title="bbox 0 0 54 592">
    <p class='ocr_par' dir='ltr' id='par_1_1' title="bbox 0 0 54 592">
     <span class='ocr_line' id='line_1_1' title="bbox 0 0 54 592; baseline 0 2508"><span class='ocrx_word' id='word_1_1' title='bbox 0 0 54 592; x_wconf 95' lang='lat' dir='ltr'> </span> 
     </span>
    </p>
   </div>
   <div class='ocr_carea' id='block_1_2' title="bbox 0 2044 34 3100">
    <p class='ocr_par' dir='ltr' id='par_1_2' title="bbox 0 2044 34 3100">
     <span class='ocr_line' id='line_1_2' title="bbox 0 2044 34 3100; baseline 0 0"><span class='ocrx_word' id='word_1_2' title='bbox 0 2044 34 3100; x_wconf 95' lang='lat' dir='ltr'> </span> 
     </span>
    </p>
   </div>
   <div class='ocr_carea' id='block_1_3' title="bbox 589 214 1707 258">
    <p class='ocr_par' dir='ltr' id='par_1_3' title="bbox 589 214 1707 258">
     <span class='ocr_line' id='line_1_3' title="bbox 589 214 1707 258; baseline -0.004 -2"><span class='ocrx_word' id='word_1_3' title='bbox 589 221 596 227; x_wconf 86' lang='lat'>&#39;</span> <span class='ocrx_word' id='word_1_4' title='bbox 625 219 1017 258; x_wconf 81' lang='lat' dir='ltr'>ARGONAV&#39;I&#39;ICON</span> <span class='ocrx_word' id='word_1_5' title='bbox 1039 217 1187 254; x_wconf 89' lang='lat' dir='ltr'><strong>LIBER</strong></span> <span class='ocrx_word' id='word_1_6' title='bbox 1210 216 1314 252; x_wconf 87' lang='lat' dir='ltr'>VIH.</span> <span class='ocrx_word' id='word_1_7' title='bbox 1620 214 1707 258; x_wconf 80' lang='lat'>537</span> 
     </span>
    </p>
   </div>
   <div class='ocr_carea' id='block_1_4' title="bbox 326 338 1766 1563">
    <p class='ocr_par' dir='ltr' id='par_1_4' title="bbox 326 338 1763 455">
     <span class='ocr_line' id='line_1_4' title="bbox 326 338 1763 393; baseline -0.006 -13"><span class='ocrx_word' id='word_1_8' title='bbox 326 341 467 389; x_wconf 76' lang='lat' dir='ltr'>induit,</span> <span class='ocrx_word' id='word_1_9' title='bbox 495 342 584 393; x_wconf 86' lang='lat' dir='ltr'>ipsa</span> <span class='ocrx_word' id='word_1_10' title='bbox 612 350 729 379; x_wconf 65' lang='lat' dir='ltr'>suam*</span> <span class='ocrx_word' id='word_1_11' title='bbox 754 339 957 391; x_wconf 82' lang='lat' dir='ltr'><strong>duplicem</strong></span> <span class='ocrx_word' id='word_1_12' title='bbox 986 338 1193 389; x_wconf 77' lang='lat' dir='ltr'>Cytherea</span> <span class='ocrx_word' id='word_1_13' title='bbox 1219 348 1407 374; x_wconf 76' lang='lat' dir='ltr'>coronam</span> <span class='ocrx_word' id='word_1_14' title='bbox 1435 355 1439 357; x_wconf 59' lang='lat'>&gt;</span> <span class='ocrx_word' id='word_1_15' title='bbox 1707 347 1763 379; x_wconf 69' lang='lat'>235</span> 
     </span>
     <span class='ocr_line' id='line_1_5' title="bbox 329 404 1334 455; baseline -0.006 -10"><span class='ocrx_word' id='word_1_16' title='bbox 329 406 453 445; x_wconf 86' lang='lat' dir='ltr'>donat</span> <span class='ocrx_word' id='word_1_17' title='bbox 480 412 521 445; x_wconf 90' lang='lat' dir='ltr'>et</span> <span class='ocrx_word' id='word_1_18' title='bbox 548 419 707 444; x_wconf 84' lang='lat' dir='ltr'>arsuras</span> <span class='ocrx_word' id='word_1_19' title='bbox 735 405 814 444; x_wconf 86' lang='lat' dir='ltr'>alia</span> <span class='ocrx_word' id='word_1_20' title='bbox 844 418 934 443; x_wconf 91' lang='lat' dir='ltr'>cum</span> <span class='ocrx_word' id='word_1_21' title='bbox 959 404 1116 455; x_wconf 82' lang='lat' dir='ltr'>virgine</span> <span class='ocrx_word' id='word_1_22' title='bbox 1144 413 1334 453; x_wconf 84' lang='lat' dir='ltr'>gemmas.</span> 
     </span>
    </p>

    <p class='ocr_par' dir='ltr' id='par_1_5' title="bbox 327 465 1766 1108">
     <span class='ocr_line' id='line_1_6' title="bbox 328 465 1424 523; baseline -0.007 -13"><span class='ocrx_word' id='word_1_23' title='bbox 328 477 413 510; x_wconf 88' lang='lat' dir='ltr'>tum</span> <span class='ocrx_word' id='word_1_24' title='bbox 440 485 568 510; x_wconf 84' lang='lat' dir='ltr'>novus</span> <span class='ocrx_word' id='word_1_25' title='bbox 595 471 776 523; x_wconf 83' lang='lat' dir='ltr'>implevit</span> <span class='ocrx_word' id='word_1_26' title='bbox 804 469 939 508; x_wconf 81' lang='lat' dir='ltr'>vultus</span> <span class='ocrx_word' id='word_1_27' title='bbox 966 469 1105 514; x_wconf 91' lang='lat' dir='ltr'>honor,</span> <span class='ocrx_word' id='word_1_28' title='bbox 1135 480 1182 506; x_wconf 89' lang='lat' dir='ltr'>ac</span> <span class='ocrx_word' id='word_1_29' title='bbox 1211 479 1285 504; x_wconf 81' lang='lat' dir='ltr'>sua</span> <span class='ocrx_word' id='word_1_30' title='bbox 1310 465 1424 503; x_wconf 84' lang='lat' dir='ltr'>flavis</span> 
     </span>
     <span class='ocr_line' id='line_1_7' title="bbox 331 530 1450 586; baseline -0.008 -11"><span class='ocrx_word' id='word_1_31' title='bbox 331 535 489 576; x_wconf 82' lang='lat' dir='ltr'>reddita</span> <span class='ocrx_word' id='word_1_32' title='bbox 516 550 612 574; x_wconf 85' lang='lat' dir='ltr'>cura</span> <span class='ocrx_word' id='word_1_33' title='bbox 640 536 774 582; x_wconf 86' lang='lat' dir='ltr'>comis,</span> <span class='ocrx_word' id='word_1_34' title='bbox 806 533 1064 586; x_wconf 83' lang='lat' dir='ltr'>graditurque</span> <span class='ocrx_word' id='word_1_35' title='bbox 1093 531 1217 571; x_wconf 84' lang='lat' dir='ltr'>oblita</span> <span class='ocrx_word' id='word_1_36' title='bbox 1242 530 1450 569; x_wconf 82' lang='lat' dir='ltr'>malorum.</span> 
     </span>
     <span class='ocr_line' id='line_1_8' title="bbox 332 595 1424 653; baseline -0.006 -13"><span class='ocrx_word' id='word_1_37' title='bbox 332 602 389 640; x_wconf 90' lang='lat' dir='ltr'>sic</span> <span class='ocrx_word' id='word_1_38' title='bbox 417 602 486 640; x_wconf 91' lang='lat' dir='ltr'>ubi</span> <span class='ocrx_word' id='word_1_39' title='bbox 514 601 755 653; x_wconf 84' lang='lat' dir='ltr'>Mygdonios</span> <span class='ocrx_word' id='word_1_40' title='bbox 781 600 966 652; x_wconf 83' lang='lat' dir='ltr'>planctus</span> <span class='ocrx_word' id='word_1_41' title='bbox 997 611 1112 637; x_wconf 87' lang='lat' dir='ltr'>sacer</span> <span class='ocrx_word' id='word_1_42' title='bbox 1139 597 1267 635; x_wconf 85' lang='lat' dir='ltr'>abluit</span> <span class='ocrx_word' id='word_1_43' title='bbox 1292 595 1424 642; x_wconf 89' lang='lat' dir='ltr'>Almo,</span> 
     </span>
     <span class='ocr_line' id='line_1_9' title="bbox 330 659 1766 719; baseline -0.004 -15"><span class='ocrx_word' id='word_1_44' title='bbox 330 667 520 719; x_wconf 86' lang='lat' dir='ltr'>laetaque</span> <span class='ocrx_word' id='word_1_45' title='bbox 547 667 626 705; x_wconf 89' lang='lat' dir='ltr'>iam</span> <span class='ocrx_word' id='word_1_46' title='bbox 655 665 813 717; x_wconf 82' lang='lat' dir='ltr'>Cybele</span> <span class='ocrx_word' id='word_1_47' title='bbox 842 665 1051 716; x_wconf 83' lang='lat' dir='ltr'>festaeque</span> <span class='ocrx_word' id='word_1_48' title='bbox 1078 676 1152 714; x_wconf 90' lang='lat' dir='ltr'>per</span> <span class='ocrx_word' id='word_1_49' title='bbox 1180 660 1327 714; x_wconf 88' lang='lat' dir='ltr'>oppida</span> <span class='ocrx_word' id='word_1_50' title='bbox 1353 659 1513 711; x_wconf 55' lang='lat' dir='ltr'>taedae2</span> <span class='ocrx_word' id='word_1_51' title='bbox 1707 668 1766 699; x_wconf 74' lang='lat'>2⁴0</span> 
     </span>
     <span class='ocr_line' id='line_1_10' title="bbox 334 728 1392 785; baseline -0.006 -15"><span class='ocrx_word' id='word_1_52' title='bbox 334 732 423 785; x_wconf 87' lang='lat' dir='ltr'>quis</span> <span class='ocrx_word' id='word_1_53' title='bbox 451 730 569 770; x_wconf 91' lang='lat' dir='ltr'>modo</span> <span class='ocrx_word' id='word_1_54' title='bbox 596 731 674 769; x_wconf 87' lang='lat' dir='ltr'>iam</span> <span class='ocrx_word' id='word_1_55' title='bbox 704 743 847 769; x_wconf 81' lang='lat' dir='ltr'>saevos</span> <span class='ocrx_word' id='word_1_56' title='bbox 876 728 1009 781; x_wconf 84' lang='lat' dir='ltr'>adytis</span> <span class='ocrx_word' id='word_1_57' title='bbox 1037 728 1202 767; x_wconf 78' lang='lat' dir='ltr'>fluxisse</span> <span class='ocrx_word' id='word_1_58' title='bbox 1231 739 1392 765; x_wconf 87' lang='lat' dir='ltr'>cruores</span> 
     </span>
     <span class='ocr_line' id='line_1_11' title="bbox 331 789 1380 848; baseline -0.007 -14"><span class='ocrx_word' id='word_1_59' title='bbox 331 794 508 848; x_wconf 82' lang='lat' dir='ltr'>cogitet?</span> <span class='ocrx_word' id='word_1_60' title='bbox 535 801 605 834; x_wconf 82' lang='lat' dir='ltr'>aut</span> <span class='ocrx_word' id='word_1_61' title='bbox 630 795 708 846; x_wconf 92' lang='lat' dir='ltr'>ipsi</span> <span class='ocrx_word' id='word_1_62' title='bbox 736 794 804 847; x_wconf 89' lang='lat' dir='ltr'>qui</span> <span class='ocrx_word' id='word_1_63' title='bbox 830 794 912 833; x_wconf 83' lang='lat' dir='ltr'>iam</span> <span class='ocrx_word' id='word_1_64' title='bbox 940 793 1158 832; x_wconf 84' lang='lat' dir='ltr'>meminere</span> <span class='ocrx_word' id='word_1_65' title='bbox 1185 789 1380 830; x_wconf 79' lang='lat' dir='ltr'>ministri?</span> 
     </span>
     <span class='ocr_line' id='line_1_12' title="bbox 328 856 1416 909; baseline -0.005 -10"><span class='ocrx_word' id='word_1_66' title='bbox 328 860 435 908; x_wconf 89' lang='lat' dir='ltr'>inde,</span> <span class='ocrx_word' id='word_1_67' title='bbox 463 860 533 899; x_wconf 93' lang='lat' dir='ltr'>ubi</span> <span class='ocrx_word' id='word_1_68' title='bbox 562 860 761 899; x_wconf 84' lang='lat' dir='ltr'>sacrificas</span> <span class='ocrx_word' id='word_1_69' title='bbox 791 873 881 898; x_wconf 86' lang='lat' dir='ltr'>cum</span> <span class='ocrx_word' id='word_1_70' title='bbox 910 859 1081 909; x_wconf 86' lang='lat' dir='ltr'>coniuge</span> <span class='ocrx_word' id='word_1_71' title='bbox 1108 858 1220 896; x_wconf 87' lang='lat' dir='ltr'>venit</span> <span class='ocrx_word' id='word_1_72' title='bbox 1248 856 1300 894; x_wconf 85' lang='lat' dir='ltr'>ad</span> <span class='ocrx_word' id='word_1_73' title='bbox 1328 869 1416 894; x_wconf 86' lang='lat' dir='ltr'>aras</span> 
     </span>
     <span class='ocr_line' id='line_1_13' title="bbox 333 921 1382 978; baseline -0.005 -14"><span class='ocrx_word' id='word_1_74' title='bbox 333 924 572 972; x_wconf 80' lang='lat' dir='ltr'>Aesonides,</span> <span class='ocrx_word' id='word_1_75' title='bbox 602 938 763 978; x_wconf 87' lang='lat' dir='ltr'>unaque</span> <span class='ocrx_word' id='word_1_76' title='bbox 793 924 943 963; x_wconf 88' lang='lat' dir='ltr'>adeunt</span> <span class='ocrx_word' id='word_1_77' title='bbox 969 924 1199 975; x_wconf 80' lang='lat' dir='ltr'>pariterque</span> <span class='ocrx_word' id='word_1_78' title='bbox 1226 921 1382 974; x_wconf 86' lang='lat' dir='ltr'>precari</span> 
     </span>
     <span class='ocr_line' id='line_1_14' title="bbox 327 987 1765 1043; baseline -0.003 -15"><span class='ocrx_word' id='word_1_79' title='bbox 327 991 533 1043; x_wconf 89' lang='lat' dir='ltr'>incipiunt,</span> <span class='ocrx_word' id='word_1_80' title='bbox 562 991 697 1042; x_wconf 81' lang='lat' dir='ltr'>ignem</span> <span class='ocrx_word' id='word_1_81' title='bbox 724 990 871 1028; x_wconf 81' lang='lat' dir='ltr'>Pollux</span> <span class='ocrx_word' id='word_1_82' title='bbox 898 988 1126 1041; x_wconf 87' lang='lat' dir='ltr'>undamque</span> <span class='ocrx_word' id='word_1_83' title='bbox 1154 987 1330 1039; x_wconf 85' lang='lat' dir='ltr'>iugalem</span> <span class='ocrx_word' id='word_1_84' title='bbox 1709 1003 1765 1033; x_wconf 72' lang='lat'>245</span> 
     </span>
     <span class='ocr_line' id='line_1_15' title="bbox 327 1046 1469 1108; baseline -0.004 -14"><span class='ocrx_word' id='word_1_85' title='bbox 327 1055 528 1108; x_wconf 84' lang='lat' dir='ltr'>praetulit,</span> <span class='ocrx_word' id='word_1_86' title='bbox 559 1061 599 1094; x_wconf 85' lang='lat' dir='ltr'>et</span> <span class='ocrx_word' id='word_1_87' title='bbox 629 1055 811 1094; x_wconf 83' lang='lat' dir='ltr'>dextrum</span> <span class='ocrx_word' id='word_1_88' title='bbox 838 1055 988 1107; x_wconf 86' lang='lat' dir='ltr'>pariter</span> <span class='ocrx_word' id='word_1_89' title='bbox 1014 1046 1224 1092; x_wconf 80' lang='lat' dir='ltr'>vertuntur</span> <span class='ocrx_word' id='word_1_90' title='bbox 1250 1053 1293 1090; x_wconf 89' lang='lat' dir='ltr'>in</span> <span class='ocrx_word' id='word_1_91' title='bbox 1322 1051 1469 1090; x_wconf 90' lang='lat' dir='ltr'>orbem.</span> 
     </span>
    </p>

    <p class='ocr_par' dir='ltr' id='par_1_6' title="bbox 329 1117 1766 1563">
     <span class='ocr_line' id='line_1_16' title="bbox 330 1117 1577 1173; baseline -0.005 -13"><span class='ocrx_word' id='word_1_92' title='bbox 330 1121 404 1160; x_wconf 88' lang='lat' dir='ltr'>sed</span> <span class='ocrx_word' id='word_1_93' title='bbox 430 1133 563 1173; x_wconf 90' lang='lat' dir='ltr'>neque</span> <span class='ocrx_word' id='word_1_94' title='bbox 594 1133 637 1159; x_wconf 90' lang='lat' dir='ltr'>se</span> <span class='ocrx_word' id='word_1_95' title='bbox 664 1120 836 1172; x_wconf 86' lang='lat' dir='ltr'>pingues</span> <span class='ocrx_word' id='word_1_96' title='bbox 864 1125 949 1157; x_wconf 91' lang='lat' dir='ltr'>tum</span> <span class='ocrx_word' id='word_1_97' title='bbox 977 1117 1148 1157; x_wconf 83' lang='lat' dir='ltr'>candida</span> <span class='ocrx_word' id='word_1_98' title='bbox 1174 1118 1333 1155; x_wconf 84' lang='lat' dir='ltr'>flamma</span> <span class='ocrx_word' id='word_1_99' title='bbox 1359 1129 1433 1168; x_wconf 90' lang='lat' dir='ltr'>per</span> <span class='ocrx_word' id='word_1_100' title='bbox 1460 1129 1577 1154; x_wconf 87' lang='lat' dir='ltr'>auras</span> 
     </span>
     <span class='ocr_line' id='line_1_17' title="bbox 330 1183 1339 1238; baseline -0.004 -14"><span class='ocrx_word' id='word_1_101' title='bbox 330 1185 534 1238; x_wconf 80' lang='lat' dir='ltr'>explicuit,</span> <span class='ocrx_word' id='word_1_102' title='bbox 562 1198 639 1224; x_wconf 90' lang='lat' dir='ltr'>nec</span> <span class='ocrx_word' id='word_1_103' title='bbox 665 1191 755 1224; x_wconf 91' lang='lat' dir='ltr'>tura</span> <span class='ocrx_word' id='word_1_104' title='bbox 783 1184 895 1224; x_wconf 81' lang='lat' dir='ltr'>videt</span> <span class='ocrx_word' id='word_1_105' title='bbox 922 1183 1136 1223; x_wconf 84' lang='lat' dir='ltr'>concordia</span> <span class='ocrx_word' id='word_1_106' title='bbox 1161 1183 1339 1235; x_wconf 87' lang='lat' dir='ltr'>Mopsus,</span> 
     </span>
     <span class='ocr_line' id='line_1_18' title="bbox 329 1249 1520 1303; baseline -0.004 -13"><span class='ocrx_word' id='word_1_107' title='bbox 329 1251 566 1303; x_wconf 84' lang='lat' dir='ltr'>promissam</span> <span class='ocrx_word' id='word_1_108' title='bbox 592 1264 668 1289; x_wconf 87' lang='lat' dir='ltr'>nec</span> <span class='ocrx_word' id='word_1_109' title='bbox 697 1256 803 1289; x_wconf 85' lang='lat' dir='ltr'>stare</span> <span class='ocrx_word' id='word_1_110' title='bbox 830 1249 962 1297; x_wconf 90' lang='lat' dir='ltr'>fidem,</span> <span class='ocrx_word' id='word_1_111' title='bbox 991 1249 1115 1288; x_wconf 85' lang='lat' dir='ltr'>breve</span> <span class='ocrx_word' id='word_1_112' title='bbox 1143 1254 1300 1300; x_wconf 87' lang='lat' dir='ltr'>tempus</span> <span class='ocrx_word' id='word_1_113' title='bbox 1330 1261 1520 1286; x_wconf 86' lang='lat' dir='ltr'>amorum.</span> 
     </span>
     <span class='ocr_line' id='line_1_19' title="bbox 333 1315 1766 1368; baseline -0.002 -14"><span class='ocrx_word' id='word_1_114' title='bbox 333 1315 417 1354; x_wconf 87' lang='lat' dir='ltr'>odit</span> <span class='ocrx_word' id='word_1_115' title='bbox 443 1322 655 1368; x_wconf 87' lang='lat' dir='ltr'>utrumque</span> <span class='ocrx_word' id='word_1_116' title='bbox 685 1315 813 1362; x_wconf 87' lang='lat' dir='ltr'>simul,</span> <span class='ocrx_word' id='word_1_117' title='bbox 844 1315 962 1353; x_wconf 90' lang='lat' dir='ltr'>simul</span> <span class='ocrx_word' id='word_1_118' title='bbox 990 1321 1031 1353; x_wconf 87' lang='lat' dir='ltr'>et</span> <span class='ocrx_word' id='word_1_119' title='bbox 1057 1315 1269 1353; x_wconf 75' lang='lat' dir='ltr'>miseratur</span> <span class='ocrx_word' id='word_1_120' title='bbox 1296 1319 1521 1365; x_wconf 87' lang='lat' dir='ltr'>utrumque,</span> <span class='ocrx_word' id='word_1_121' title='bbox 1711 1331 1766 1361; x_wconf 85' lang='lat'>250</span> 
     </span>
     <span class='ocr_line' id='line_1_20' title="bbox 332 1380 1298 1432; baseline -0.003 -13"><span class='ocrx_word' id='word_1_122' title='bbox 332 1387 373 1420; x_wconf 87' lang='lat' dir='ltr'>et</span> <span class='ocrx_word' id='word_1_123' title='bbox 400 1381 472 1419; x_wconf 85' lang='lat' dir='ltr'>tibi</span> <span class='ocrx_word' id='word_1_124' title='bbox 498 1381 578 1419; x_wconf 87' lang='lat' dir='ltr'>iam</span> <span class='ocrx_word' id='word_1_125' title='bbox 605 1380 737 1418; x_wconf 91' lang='lat' dir='ltr'>nullos</span> <span class='ocrx_word' id='word_1_126' title='bbox 768 1380 930 1432; x_wconf 84' lang='lat' dir='ltr'>optavit,</span> <span class='ocrx_word' id='word_1_127' title='bbox 959 1380 1142 1427; x_wconf 81' lang='lat' dir='ltr'>barbara,</span> <span class='ocrx_word' id='word_1_128' title='bbox 1171 1385 1298 1417; x_wconf 87' lang='lat' dir='ltr'>natos.</span> 
     </span>
     <span class='ocr_line' id='line_1_21' title="bbox 330 1444 1364 1497; baseline -0.002 -13"><span class='ocrx_word' id='word_1_129' title='bbox 330 1459 424 1484; x_wconf 85' lang='lat' dir='ltr'>mox</span> <span class='ocrx_word' id='word_1_130' title='bbox 453 1446 591 1497; x_wconf 86' lang='lat' dir='ltr'>epulas</span> <span class='ocrx_word' id='word_1_131' title='bbox 622 1451 662 1484; x_wconf 86' lang='lat' dir='ltr'>et</span> <span class='ocrx_word' id='word_1_132' title='bbox 691 1459 803 1484; x_wconf 86' lang='lat' dir='ltr'>sacra</span> <span class='ocrx_word' id='word_1_133' title='bbox 832 1451 991 1497; x_wconf 84' lang='lat' dir='ltr'>parant;</span> <span class='ocrx_word' id='word_1_134' title='bbox 1022 1444 1221 1483; x_wconf 76' lang='lat' dir='ltr'>silvestria</span> <span class='ocrx_word' id='word_1_135' title='bbox 1246 1444 1364 1483; x_wconf 85' lang='lat' dir='ltr'>laetis</span> 
     </span>
     <span class='ocr_line' id='line_1_22' title="bbox 329 1510 1293 1563; baseline -0.001 -14"><span class='ocrx_word' id='word_1_136' title='bbox 329 1511 507 1563; x_wconf 87' lang='lat' dir='ltr'>praemia</span> <span class='ocrx_word' id='word_1_137' title='bbox 533 1516 683 1549; x_wconf 82' lang='lat' dir='ltr'>venatu</span> <span class='ocrx_word' id='word_1_138' title='bbox 712 1510 821 1549; x_wconf 89' lang='lat' dir='ltr'>facili</span> <span class='ocrx_word' id='word_1_139' title='bbox 850 1511 1033 1563; x_wconf 84' lang='lat' dir='ltr'>quaesita</span> <span class='ocrx_word' id='word_1_140' title='bbox 1061 1515 1293 1561; x_wconf 83' lang='lat' dir='ltr'>supersunt3</span> 
     </span>
    </p>
   </div>
   <div class='ocr_carea' id='block_1_5' title="bbox 220 1591 505 1598">
    <p class='ocr_par' dir='ltr' id='par_1_7' title="bbox 220 1591 505 1598">
     <span class='ocr_line' id='line_1_23' title="bbox 220 1591 505 1598; baseline 0 1502"><span class='ocrx_word' id='word_1_141' title='bbox 220 1591 505 1598; x_wconf 95' lang='lat' dir='ltr'> </span> 
     </span>
    </p>
   </div>
   <div class='ocr_carea' id='block_1_6' title="bbox 220 1620 1713 2737">
    <p class='ocr_par' dir='ltr' id='par_1_8' title="bbox 220 1620 1712 1906">
     <span class='ocr_line' id='line_1_24' title="bbox 317 1620 1709 1668; baseline -0.001 -10"><span class='ocrx_word' id='word_1_142' title='bbox 317 1623 398 1659; x_wconf 86' lang='lat'>235.</span> <span class='ocrx_word' id='word_1_143' title='bbox 448 1623 620 1667; x_wconf 78' lang='lat' dir='ltr'>duplicem</span> <span class='ocrx_word' id='word_1_144' title='bbox 644 1633 814 1658; x_wconf 82' lang='lat' dir='ltr'>coronam</span> <span class='ocrx_word' id='word_1_145' title='bbox 838 1622 996 1668; x_wconf 81' lang='lat' dir='ltr'>sumpsit</span> <span class='ocrx_word' id='word_1_146' title='bbox 1008 1622 1176 1658; x_wconf 85' lang='lat' dir='ltr'>Valerius</span> <span class='ocrx_word' id='word_1_147' title='bbox 1203 1633 1249 1658; x_wconf 84' lang='lat' dir='ltr'>ex</span> <span class='ocrx_word' id='word_1_148' title='bbox 1267 1621 1379 1667; x_wconf 87' lang='lat' dir='ltr'>Verg.</span> <span class='ocrx_word' id='word_1_149' title='bbox 1393 1620 1522 1661; x_wconf 86' lang='lat' dir='ltr'>Aen.L</span> <span class='ocrx_word' id='word_1_150' title='bbox 1537 1621 1617 1662; x_wconf 83' lang='lat'>655,</span> <span class='ocrx_word' id='word_1_151' title='bbox 1643 1621 1709 1656; x_wconf 87' lang='lat' dir='ltr'>ubi</span> 
     </span>
     <span class='ocr_line' id='line_1_25' title="bbox 223 1680 1712 1728; baseline -0.002 -9"><span class='ocrx_word' id='word_1_152' title='bbox 223 1682 380 1728; x_wconf 83' lang='lat' dir='ltr'>legimus</span> <span class='ocrx_word' id='word_1_153' title='bbox 405 1682 576 1727; x_wconf 77' lang='lat' dir='ltr'>duplicem</span> <span class='ocrx_word' id='word_1_154' title='bbox 598 1683 745 1727; x_wconf 64' lang='lat' dir='ltr'>gemmis</span> <span class='ocrx_word' id='word_1_155' title='bbox 770 1693 927 1728; x_wconf 72' lang='lat' dir='ltr'>auroque</span> <span class='ocrx_word' id='word_1_156' title='bbox 964 1693 1129 1718; x_wconf 72' lang='lat' dir='ltr'>coronam</span> <span class='ocrx_word' id='word_1_157' title='bbox 1141 1695 1151 1724; x_wconf 89' lang='grc'><strong>;</strong></span> <span class='ocrx_word' id='word_1_158' title='bbox 1189 1681 1275 1717; x_wconf 84' lang='lat' dir='ltr'>hinc</span> <span class='ocrx_word' id='word_1_159' title='bbox 1313 1681 1463 1717; x_wconf 88' lang='lat' dir='ltr'>demum</span> <span class='ocrx_word' id='word_1_160' title='bbox 1498 1680 1712 1727; x_wconf 77' lang='lat' dir='ltr'>perspicere</span> 
     </span>
     <span class='ocr_line' id='line_1_26' title="bbox 226 1739 1711 1788; baseline -0.002 -10"><span class='ocrx_word' id='word_1_161' title='bbox 226 1753 431 1788; x_wconf 82' lang='lat' dir='ltr'>possumus,</span> <span class='ocrx_word' id='word_1_162' title='bbox 471 1752 583 1788; x_wconf 83' lang='lat' dir='ltr'>quam</span> <span class='ocrx_word' id='word_1_163' title='bbox 617 1741 803 1788; x_wconf 84' lang='lat' dir='ltr'>duplicem</span> <span class='ocrx_word' id='word_1_164' title='bbox 828 1752 1006 1778; x_wconf 86' lang='lat' dir='ltr'>coronam</span> <span class='ocrx_word' id='word_1_165' title='bbox 1029 1741 1200 1777; x_wconf 78' lang='lat' dir='ltr'>Valerius</span> <span class='ocrx_word' id='word_1_166' title='bbox 1225 1740 1465 1781; x_wconf 72' lang='lat' dir='ltr'>intellexerit,</span> <span class='ocrx_word' id='word_1_167' title='bbox 1498 1751 1548 1776; x_wconf 88' lang='lat' dir='ltr'>sc.</span> <span class='ocrx_word' id='word_1_168' title='bbox 1575 1751 1620 1776; x_wconf 85' lang='lat' dir='ltr'>ex</span> <span class='ocrx_word' id='word_1_169' title='bbox 1645 1739 1711 1775; x_wconf 85' lang='lat' dir='ltr'>du-</span> 
     </span>
     <span class='ocr_line' id='line_1_27' title="bbox 221 1800 1712 1846; baseline -0.001 -10"><span class='ocrx_word' id='word_1_170' title='bbox 221 1800 313 1846; x_wconf 89' lang='lat' dir='ltr'>plici</span> <span class='ocrx_word' id='word_1_171' title='bbox 335 1803 495 1838; x_wconf 74' lang='lat' dir='ltr'>materia</span> <span class='ocrx_word' id='word_1_172' title='bbox 519 1802 677 1844; x_wconf 84' lang='lat' dir='ltr'>factam;</span> <span class='ocrx_word' id='word_1_173' title='bbox 705 1801 830 1838; x_wconf 80' lang='lat' dir='ltr'>verbis</span> <span class='ocrx_word' id='word_1_174' title='bbox 855 1811 951 1846; x_wconf 84' lang='lat' dir='ltr'>quae</span> <span class='ocrx_word' id='word_1_175' title='bbox 980 1802 1185 1846; x_wconf 85' lang='lat' dir='ltr'>sequuntur</span> <span class='ocrx_word' id='word_1_176' title='bbox 1209 1811 1358 1835; x_wconf 70' lang='lat' dir='ltr'>arsuras</span> <span class='ocrx_word' id='word_1_177' title='bbox 1382 1800 1457 1835; x_wconf 79' lang='lat' dir='ltr'>alia</span> <span class='ocrx_word' id='word_1_178' title='bbox 1481 1810 1558 1835; x_wconf 82' lang='lat' dir='ltr'>cum</span> <span class='ocrx_word' id='word_1_179' title='bbox 1575 1800 1712 1845; x_wconf 65' lang='lat' dir='ltr'>virgine</span> 
     </span>
     <span class='ocr_line' id='line_1_28' title="bbox 220 1858 1520 1906; baseline -0.002 -11"><span class='ocrx_word' id='word_1_180' title='bbox 220 1871 375 1905; x_wconf 74' lang='lat' dir='ltr'>yemmas</span> <span class='ocrx_word' id='word_1_181' title='bbox 398 1861 626 1897; x_wconf 82' lang='lat' dir='ltr'>sententiam</span> <span class='ocrx_word' id='word_1_182' title='bbox 650 1873 756 1896; x_wconf 83' lang='lat' dir='ltr'>suam</span> <span class='ocrx_word' id='word_1_183' title='bbox 779 1860 900 1906; x_wconf 79' lang='lat' dir='ltr'>magis</span> <span class='ocrx_word' id='word_1_184' title='bbox 926 1859 1141 1896; x_wconf 83' lang='lat' dir='ltr'>obscuravit</span> <span class='ocrx_word' id='word_1_185' title='bbox 1166 1871 1277 1904; x_wconf 82' lang='lat' dir='ltr'>quam</span> <span class='ocrx_word' id='word_1_186' title='bbox 1309 1858 1520 1904; x_wconf 80' lang='lat' dir='ltr'>explicavit.</span> 
     </span>
    </p>

    <p class='ocr_par' dir='ltr' id='par_1_9' title="bbox 317 1919 922 1961">
     <span class='ocr_line' id='line_1_29' title="bbox 317 1919 922 1961; baseline -0.002 -6"><span class='ocrx_word' id='word_1_187' title='bbox 317 1920 373 1955; x_wconf 90' lang='lat' dir='ltr'>De</span> <span class='ocrx_word' id='word_1_188' title='bbox 398 1931 440 1956; x_wconf 86' lang='lat' dir='ltr'>re</span> <span class='ocrx_word' id='word_1_189' title='bbox 466 1919 532 1957; x_wconf 80' lang='lat' dir='ltr'>cfr.</span> <span class='ocrx_word' id='word_1_190' title='bbox 560 1920 675 1956; x_wconf 83' lang='lat' dir='ltr'>etiam</span> <span class='ocrx_word' id='word_1_191' title='bbox 700 1920 750 1956; x_wconf 83' lang='lat' dir='ltr'>ad</span> <span class='ocrx_word' id='word_1_192' title='bbox 773 1919 815 1961; x_wconf 84' lang='lat' dir='ltr'>V,</span> <span class='ocrx_word' id='word_1_193' title='bbox 841 1920 922 1955; x_wconf 87' lang='lat'>447.</span> 
     </span>
    </p>

    <p class='ocr_par' dir='ltr' id='par_1_10' title="bbox 222 1975 1712 2142">
     <span class='ocr_line' id='line_1_30' title="bbox 318 1975 1711 2023; baseline -0.001 -10"><span class='ocrx_word' id='word_1_194' title='bbox 318 1978 400 2017; x_wconf 80' lang='lat'><strong>239.</strong></span> <span class='ocrx_word' id='word_1_195' title='bbox 449 1978 506 2015; x_wconf 88' lang='lat' dir='ltr'>De</span> <span class='ocrx_word' id='word_1_196' title='bbox 532 1979 664 2015; x_wconf 87' lang='lat' dir='ltr'>diebus</span> <span class='ocrx_word' id='word_1_197' title='bbox 691 1979 797 2015; x_wconf 84' lang='lat' dir='ltr'>festis</span> <span class='ocrx_word' id='word_1_198' title='bbox 822 1978 860 2014; x_wconf 89' lang='lat' dir='ltr'>in</span> <span class='ocrx_word' id='word_1_199' title='bbox 885 1979 1066 2014; x_wconf 88' lang='lat' dir='ltr'>honorem</span> <span class='ocrx_word' id='word_1_200' title='bbox 1083 1978 1244 2023; x_wconf 71' lang='lat' dir='ltr'>Magnae</span> <span class='ocrx_word' id='word_1_201' title='bbox 1261 1977 1393 2012; x_wconf 80' lang='lat' dir='ltr'>Matris</span> <span class='ocrx_word' id='word_1_202' title='bbox 1419 1976 1619 2013; x_wconf 83' lang='lat' dir='ltr'>celebratis</span> <span class='ocrx_word' id='word_1_203' title='bbox 1644 1975 1711 2012; x_wconf 88' lang='lat' dir='ltr'>cfr.</span> 
     </span>
     <span class='ocr_line' id='line_1_31' title="bbox 223 2035 1712 2085; baseline -0.002 -11"><span class='ocrx_word' id='word_1_204' title='bbox 223 2037 290 2074; x_wconf 85' lang='lat' dir='ltr'>Ov.</span> <span class='ocrx_word' id='word_1_205' title='bbox 316 2037 403 2074; x_wconf 82' lang='lat' dir='ltr'>fast.</span> <span class='ocrx_word' id='word_1_206' title='bbox 427 2037 488 2079; x_wconf 82' lang='lat' dir='ltr'>IV,</span> <span class='ocrx_word' id='word_1_207' title='bbox 528 2038 597 2073; x_wconf 84' lang='lat'>337</span> <span class='ocrx_word' id='word_1_208' title='bbox 623 2050 723 2085; x_wconf 86' lang='lat' dir='ltr'>seqq.</span> <span class='ocrx_word' id='word_1_209' title='bbox 750 2040 789 2074; x_wconf 84' lang='lat' dir='ltr'>et</span> <span class='ocrx_word' id='word_1_210' title='bbox 814 2049 908 2083; x_wconf 84' lang='lat' dir='ltr'>quae</span> <span class='ocrx_word' id='word_1_211' title='bbox 943 2037 1060 2072; x_wconf 78' lang='lat' dir='ltr'>allata</span> <span class='ocrx_word' id='word_1_212' title='bbox 1085 2038 1171 2072; x_wconf 83' lang='lat' dir='ltr'>sunt</span> <span class='ocrx_word' id='word_1_213' title='bbox 1196 2037 1245 2071; x_wconf 88' lang='lat' dir='ltr'>ad</span> <span class='ocrx_word' id='word_1_214' title='bbox 1269 2036 1346 2077; x_wconf 80' lang='lat' dir='ltr'>VH,</span> <span class='ocrx_word' id='word_1_215' title='bbox 1385 2035 1465 2078; x_wconf 84' lang='lat'><strong>635,</strong></span> <span class='ocrx_word' id='word_1_216' title='bbox 1504 2037 1543 2071; x_wconf 87' lang='lat' dir='ltr'>et</span> <span class='ocrx_word' id='word_1_217' title='bbox 1568 2036 1615 2071; x_wconf 88' lang='lat' dir='ltr'>de</span> <span class='ocrx_word' id='word_1_218' title='bbox 1640 2036 1712 2072; x_wconf 94' lang='lat' dir='ltr'>hoc</span> 
     </span>
     <span class='ocr_line' id='line_1_32' title="bbox 222 2096 1232 2142; baseline 0 -11"><span class='ocrx_word' id='word_1_219' title='bbox 222 2096 303 2142; x_wconf 85' lang='lat' dir='ltr'>ipso</span> <span class='ocrx_word' id='word_1_220' title='bbox 327 2097 411 2133; x_wconf 92' lang='lat' dir='ltr'>loco</span> <span class='ocrx_word' id='word_1_221' title='bbox 435 2097 686 2134; x_wconf 82' lang='lat' dir='ltr'>imitationem</span> <span class='ocrx_word' id='word_1_222' title='bbox 710 2098 804 2135; x_wconf 84' lang='lat' dir='ltr'>Stat.</span> <span class='ocrx_word' id='word_1_223' title='bbox 829 2097 909 2134; x_wconf 85' lang='lat' dir='ltr'>silv.</span> <span class='ocrx_word' id='word_1_224' title='bbox 934 2097 978 2137; x_wconf 83' lang='lat' dir='ltr'>V,</span> <span class='ocrx_word' id='word_1_225' title='bbox 1006 2097 1036 2137; x_wconf 80' lang='lat'>1,</span> <span class='ocrx_word' id='word_1_226' title='bbox 1063 2096 1133 2131; x_wconf 84' lang='lat'>223</span> <span class='ocrx_word' id='word_1_227' title='bbox 1158 2107 1232 2142; x_wconf 88' lang='lat' dir='ltr'>seq.</span> 
     </span>
    </p>

    <p class='ocr_par' dir='ltr' id='par_1_11' title="bbox 224 2154 1711 2262">
     <span class='ocr_line' id='line_1_33' title="bbox 320 2154 1711 2202; baseline 0 -12"><span class='ocrx_word' id='word_1_228' title='bbox 320 2155 400 2190; x_wconf 89' lang='lat'>245.</span> <span class='ocrx_word' id='word_1_229' title='bbox 450 2156 507 2192; x_wconf 90' lang='lat' dir='ltr'>De</span> <span class='ocrx_word' id='word_1_230' title='bbox 514 2157 586 2192; x_wconf 92' lang='lat' dir='ltr'>hoc</span> <span class='ocrx_word' id='word_1_231' title='bbox 593 2157 668 2192; x_wconf 88' lang='lat' dir='ltr'>ritu</span> <span class='ocrx_word' id='word_1_232' title='bbox 675 2157 891 2202; x_wconf 82' lang='lat' dir='ltr'>nuptiarum</span> <span class='ocrx_word' id='word_1_233' title='bbox 901 2167 1006 2192; x_wconf 89' lang='lat' dir='ltr'>more</span> <span class='ocrx_word' id='word_1_234' title='bbox 1012 2156 1182 2191; x_wconf 86' lang='lat' dir='ltr'>Romano</span> <span class='ocrx_word' id='word_1_235' title='bbox 1192 2155 1463 2191; x_wconf 82' lang='lat' dir='ltr'>celebratarum</span> <span class='ocrx_word' id='word_1_236' title='bbox 1473 2156 1537 2192; x_wconf 73' lang='lat' dir='ltr'>etr.</span> <span class='ocrx_word' id='word_1_237' title='bbox 1545 2154 1640 2190; x_wconf 56' lang='lat' dir='ltr'>Plut„</span> <span class='ocrx_word' id='word_1_238' title='bbox 1651 2166 1711 2200; x_wconf 91' lang='lat' dir='ltr'>qu.</span> 
     </span>
     <span class='ocr_line' id='line_1_34' title="bbox 224 2213 1709 2262; baseline 0 -13"><span class='ocrx_word' id='word_1_239' title='bbox 224 2213 330 2250; x_wconf 84' lang='lat' dir='ltr'>Rom.</span> <span class='ocrx_word' id='word_1_240' title='bbox 356 2214 392 2256; x_wconf 86' lang='lat'>1;</span> <span class='ocrx_word' id='word_1_241' title='bbox 418 2214 527 2251; x_wconf 89' lang='lat' dir='ltr'>Dion.</span> <span class='ocrx_word' id='word_1_242' title='bbox 553 2215 692 2261; x_wconf 83' lang='lat' dir='ltr'>antiqu.</span> <span class='ocrx_word' id='word_1_243' title='bbox 717 2216 823 2252; x_wconf 87' lang='lat' dir='ltr'>Rom.</span> <span class='ocrx_word' id='word_1_244' title='bbox 850 2215 898 2255; x_wconf 90' lang='grc' dir='ltr'>Π,</span> <span class='ocrx_word' id='word_1_245' title='bbox 925 2215 989 2261; x_wconf 85' lang='grc'>30;</span> <span class='ocrx_word' id='word_1_246' title='bbox 1014 2214 1249 2260; x_wconf 82' lang='lat' dir='ltr'>Marquardti</span> <span class='ocrx_word' id='word_1_247' title='bbox 1274 2214 1389 2262; x_wconf 81' lang='lat' dir='ltr'>antiq.</span> <span class='ocrx_word' id='word_1_248' title='bbox 1416 2214 1522 2253; x_wconf 87' lang='lat' dir='ltr'>Rom.</span> <span class='ocrx_word' id='word_1_249' title='bbox 1541 2213 1626 2258; x_wconf 82' lang='lat' dir='ltr'>V11,</span> <span class='ocrx_word' id='word_1_250' title='bbox 1654 2215 1709 2250; x_wconf 88' lang='lat'>54.</span> 
     </span>
    </p>

    <p class='ocr_par' dir='ltr' id='par_1_12' title="bbox 225 2273 1711 2379">
     <span class='ocr_line' id='line_1_35' title="bbox 318 2273 1711 2320; baseline 0 -12"><span class='ocrx_word' id='word_1_251' title='bbox 318 2273 399 2311; x_wconf 87' lang='lat'>246.</span> <span class='ocrx_word' id='word_1_252' title='bbox 449 2274 611 2310; x_wconf 77' lang='lat' dir='ltr'>dextrum</span> <span class='ocrx_word' id='word_1_253' title='bbox 623 2275 765 2320; x_wconf 80' lang='lat' dir='ltr'>pariter</span> <span class='ocrx_word' id='word_1_254' title='bbox 780 2278 966 2310; x_wconf 77' lang='lat' dir='ltr'>vertuntur</span> <span class='ocrx_word' id='word_1_255' title='bbox 983 2276 1022 2310; x_wconf 80' lang='lat' dir='ltr'>in</span> <span class='ocrx_word' id='word_1_256' title='bbox 1039 2275 1164 2319; x_wconf 82' lang='lat' dir='ltr'>orbem,</span> <span class='ocrx_word' id='word_1_257' title='bbox 1191 2275 1234 2309; x_wconf 89' lang='lat' dir='ltr'>ut</span> <span class='ocrx_word' id='word_1_258' title='bbox 1251 2274 1398 2310; x_wconf 79' lang='lat' dir='ltr'>solebat</span> <span class='ocrx_word' id='word_1_259' title='bbox 1422 2274 1503 2310; x_wconf 88' lang='lat' dir='ltr'>fieri</span> <span class='ocrx_word' id='word_1_260' title='bbox 1521 2273 1621 2320; x_wconf 86' lang='lat' dir='ltr'>apud</span> <span class='ocrx_word' id='word_1_261' title='bbox 1637 2273 1711 2309; x_wconf 78' lang='lat' dir='ltr'>Ro-</span> 
     </span>
     <span class='ocr_line' id='line_1_36' title="bbox 225 2333 1710 2379; baseline 0.001 -12"><span class='ocrx_word' id='word_1_262' title='bbox 225 2342 356 2368; x_wconf 79' lang='lat' dir='ltr'>manos</span> <span class='ocrx_word' id='word_1_263' title='bbox 368 2343 481 2378; x_wconf 87' lang='lat' dir='ltr'>prece</span> <span class='ocrx_word' id='word_1_264' title='bbox 493 2333 533 2368; x_wconf 89' lang='lat' dir='ltr'>in</span> <span class='ocrx_word' id='word_1_265' title='bbox 546 2333 734 2369; x_wconf 83' lang='lat' dir='ltr'>sacrificiis</span> <span class='ocrx_word' id='word_1_266' title='bbox 748 2333 929 2369; x_wconf 75' lang='lat' dir='ltr'>faciendis</span> <span class='ocrx_word' id='word_1_267' title='bbox 941 2334 1105 2379; x_wconf 83' lang='lat' dir='ltr'>peracta,</span> <span class='ocrx_word' id='word_1_268' title='bbox 1123 2333 1210 2369; x_wconf 82' lang='lat' dir='ltr'>vide</span> <span class='ocrx_word' id='word_1_269' title='bbox 1223 2333 1457 2378; x_wconf 79' lang='lat' dir='ltr'>Marquardti</span> <span class='ocrx_word' id='word_1_270' title='bbox 1472 2333 1496 2369; x_wconf 94' lang='lat' dir='ltr'>l.</span> <span class='ocrx_word' id='word_1_271' title='bbox 1514 2333 1537 2368; x_wconf 89' lang='lat' dir='ltr'>l.</span> <span class='ocrx_word' id='word_1_272' title='bbox 1552 2333 1613 2378; x_wconf 82' lang='lat' dir='ltr'>VI,</span> <span class='ocrx_word' id='word_1_273' title='bbox 1630 2333 1710 2369; x_wconf 84' lang='grc'><strong>174.</strong></span> 
     </span>
    </p>

    <p class='ocr_par' dir='ltr' id='par_1_13' title="bbox 221 2391 1712 2617">
     <span class='ocr_line' id='line_1_37' title="bbox 314 2391 1711 2438; baseline 0.001 -12"><span class='ocrx_word' id='word_1_274' title='bbox 314 2391 395 2426; x_wconf 85' lang='grc'><strong>247.</strong></span> <span class='ocrx_word' id='word_1_275' title='bbox 438 2392 594 2437; x_wconf 70' lang='lat' dir='ltr'>pinques</span> <span class='ocrx_word' id='word_1_276' title='bbox 617 2413 664 2418; x_wconf 92' lang='lat'><strong>—</strong></span> <span class='ocrx_word' id='word_1_277' title='bbox 682 2403 751 2437; x_wconf 78' lang='lat' dir='ltr'>per</span> <span class='ocrx_word' id='word_1_278' title='bbox 775 2403 902 2435; x_wconf 66' lang='lat' dir='ltr'>aura-33</span> <span class='ocrx_word' id='word_1_279' title='bbox 940 2403 1032 2428; x_wconf 86' lang='lat' dir='ltr'>aura</span> <span class='ocrx_word' id='word_1_280' title='bbox 1050 2394 1201 2438; x_wconf 69' lang='lat' dir='ltr'>pinquis</span> <span class='ocrx_word' id='word_1_281' title='bbox 1232 2394 1289 2428; x_wconf 86' lang='lat' dir='ltr'>est</span> <span class='ocrx_word' id='word_1_282' title='bbox 1322 2404 1386 2428; x_wconf 82' lang='lat' dir='ltr'>aer</span> <span class='ocrx_word' id='word_1_283' title='bbox 1417 2392 1582 2438; x_wconf 71' lang='lat' dir='ltr'>repletus</span> <span class='ocrx_word' id='word_1_284' title='bbox 1607 2391 1711 2428; x_wconf 83' lang='lat' dir='ltr'>fumo</span> 
     </span>
     <span class='ocr_line' id='line_1_38' title="bbox 222 2450 1712 2498; baseline 0.001 -12"><span class='ocrx_word' id='word_1_285' title='bbox 222 2461 269 2486; x_wconf 83' lang='lat' dir='ltr'>ex</span> <span class='ocrx_word' id='word_1_286' title='bbox 291 2450 494 2496; x_wconf 83' lang='lat' dir='ltr'>pinguibus</span> <span class='ocrx_word' id='word_1_287' title='bbox 519 2451 694 2487; x_wconf 84' lang='lat' dir='ltr'>victimae</span> <span class='ocrx_word' id='word_1_288' title='bbox 718 2451 889 2498; x_wconf 81' lang='lat' dir='ltr'>partibus</span> <span class='ocrx_word' id='word_1_289' title='bbox 916 2454 1061 2494; x_wconf 87' lang='lat' dir='ltr'>exorto;</span> <span class='ocrx_word' id='word_1_290' title='bbox 1086 2452 1166 2498; x_wconf 87' lang='lat' dir='ltr'>ipse</span> <span class='ocrx_word' id='word_1_291' title='bbox 1191 2452 1252 2488; x_wconf 88' lang='lat' dir='ltr'>hic</span> <span class='ocrx_word' id='word_1_292' title='bbox 1270 2452 1393 2487; x_wconf 86' lang='lat' dir='ltr'>fumus</span> <span class='ocrx_word' id='word_1_293' title='bbox 1411 2452 1547 2487; x_wconf 86' lang='lat' dir='ltr'>dicitur</span> <span class='ocrx_word' id='word_1_294' title='bbox 1559 2453 1712 2497; x_wconf 68' lang='lat' dir='ltr'>pinquis</span> 
     </span>
     <span class='ocr_line' id='line_1_39' title="bbox 221 2509 1710 2557; baseline 0.001 -13"><span class='ocrx_word' id='word_1_295' title='bbox 221 2509 322 2555; x_wconf 86' lang='lat' dir='ltr'>apud</span> <span class='ocrx_word' id='word_1_296' title='bbox 346 2509 483 2545; x_wconf 82' lang='lat' dir='ltr'>Lucan.</span> <span class='ocrx_word' id='word_1_297' title='bbox 502 2509 601 2552; x_wconf 85' lang='lat' dir='ltr'>VIII,</span> <span class='ocrx_word' id='word_1_298' title='bbox 621 2511 691 2546; x_wconf 88' lang='grc'>730</span> <span class='ocrx_word' id='word_1_299' title='bbox 707 2512 747 2547; x_wconf 87' lang='lat' dir='ltr'>et</span> <span class='ocrx_word' id='word_1_300' title='bbox 761 2510 823 2547; x_wconf 87' lang='lat' dir='ltr'>Sil.</span> <span class='ocrx_word' id='word_1_301' title='bbox 840 2511 904 2557; x_wconf 88' lang='lat' dir='ltr'>IV,</span> <span class='ocrx_word' id='word_1_302' title='bbox 929 2511 1014 2554; x_wconf 83' lang='lat'>307;</span> <span class='ocrx_word' id='word_1_303' title='bbox 1041 2511 1191 2546; x_wconf 82' lang='lat' dir='ltr'>flamma.</span> <span class='ocrx_word' id='word_1_304' title='bbox 1210 2511 1276 2547; x_wconf 85' lang='lat' dir='ltr'>Ov.</span> <span class='ocrx_word' id='word_1_305' title='bbox 1293 2511 1390 2546; x_wconf 79' lang='lat' dir='ltr'>trist.</span> <span class='ocrx_word' id='word_1_306' title='bbox 1416 2511 1459 2557; x_wconf 85' lang='lat' dir='ltr'>V,</span> <span class='ocrx_word' id='word_1_307' title='bbox 1480 2511 1511 2552; x_wconf 83' lang='lat'>5,</span> <span class='ocrx_word' id='word_1_308' title='bbox 1532 2512 1595 2553; x_wconf 86' lang='lat'>11;</span> <span class='ocrx_word' id='word_1_309' title='bbox 1622 2510 1710 2546; x_wconf 83' lang='lat' dir='ltr'>Tac.</span> 
     </span>
     <span class='ocr_line' id='line_1_40' title="bbox 222 2567 1446 2617; baseline 0.001 -12"><span class='ocrx_word' id='word_1_310' title='bbox 222 2567 343 2605; x_wconf 78' lang='lat' dir='ltr'>Germ.</span> <span class='ocrx_word' id='word_1_311' title='bbox 365 2581 396 2605; x_wconf 88' lang='lat' dir='ltr'>c.</span> <span class='ocrx_word' id='word_1_312' title='bbox 421 2570 478 2605; x_wconf 86' lang='lat'>45.</span> <span class='ocrx_word' id='word_1_313' title='bbox 528 2570 585 2606; x_wconf 86' lang='lat' dir='ltr'>De</span> <span class='ocrx_word' id='word_1_314' title='bbox 608 2572 692 2606; x_wconf 85' lang='lat' dir='ltr'>tota</span> <span class='ocrx_word' id='word_1_315' title='bbox 717 2570 905 2607; x_wconf 84' lang='lat' dir='ltr'>sententia</span> <span class='ocrx_word' id='word_1_316' title='bbox 930 2570 995 2606; x_wconf 88' lang='lat' dir='ltr'>cfr.</span> <span class='ocrx_word' id='word_1_317' title='bbox 1023 2570 1107 2606; x_wconf 87' lang='lat' dir='ltr'>Sen.</span> <span class='ocrx_word' id='word_1_318' title='bbox 1135 2571 1225 2606; x_wconf 87' lang='lat' dir='ltr'>Oed.</span> <span class='ocrx_word' id='word_1_319' title='bbox 1251 2570 1322 2606; x_wconf 86' lang='lat'>309</span> <span class='ocrx_word' id='word_1_320' title='bbox 1346 2582 1446 2617; x_wconf 88' lang='lat' dir='ltr'>seqq.</span> 
     </span>
    </p>

    <p class='ocr_par' dir='ltr' id='par_1_14' title="bbox 223 2628 1713 2737">
     <span class='ocr_line' id='line_1_41' title="bbox 317 2628 1713 2675; baseline 0 -12"><span class='ocrx_word' id='word_1_321' title='bbox 317 2628 400 2664; x_wconf 80' lang='lat'><strong>253.</strong></span> <span class='ocrx_word' id='word_1_322' title='bbox 451 2629 572 2675; x_wconf 85' lang='lat' dir='ltr'>Capta</span> <span class='ocrx_word' id='word_1_323' title='bbox 595 2630 747 2666; x_wconf 79' lang='lat' dir='ltr'>venatio</span> <span class='ocrx_word' id='word_1_324' title='bbox 770 2641 1049 2675; x_wconf 82' lang='lat' dir='ltr'>nonnumquam</span> <span class='ocrx_word' id='word_1_325' title='bbox 1068 2631 1233 2675; x_wconf 74' lang='lat' dir='ltr'>praemia</span> <span class='ocrx_word' id='word_1_326' title='bbox 1265 2631 1438 2666; x_wconf 83' lang='lat' dir='ltr'>dicuntur</span> <span class='ocrx_word' id='word_1_327' title='bbox 1464 2641 1486 2665; x_wconf 82' lang='lat' dir='ltr'>a</span> <span class='ocrx_word' id='word_1_328' title='bbox 1510 2629 1642 2675; x_wconf 75' lang='lat' dir='ltr'>poetis,</span> <span class='ocrx_word' id='word_1_329' title='bbox 1668 2630 1713 2663; x_wconf 88' lang='lat' dir='ltr'>ut</span> 
     </span>
     <span class='ocr_line' id='line_1_42' title="bbox 223 2687 1005 2737; baseline 0.001 -14"><span class='ocrx_word' id='word_1_330' title='bbox 223 2687 310 2724; x_wconf 86' lang='lat' dir='ltr'>Hor.</span> <span class='ocrx_word' id='word_1_331' title='bbox 337 2689 444 2734; x_wconf 86' lang='lat' dir='ltr'>epod.</span> <span class='ocrx_word' id='word_1_332' title='bbox 470 2688 518 2730; x_wconf 79' lang='grc' dir='ltr'>Π,</span> <span class='ocrx_word' id='word_1_333' title='bbox 545 2689 611 2737; x_wconf 83' lang='lat'>36;</span> <span class='ocrx_word' id='word_1_334' title='bbox 636 2689 745 2735; x_wconf 91' lang='lat' dir='ltr'>Prop.</span> <span class='ocrx_word' id='word_1_335' title='bbox 772 2688 840 2729; x_wconf 86' lang='grc' dir='ltr'>ΠΙ,</span> <span class='ocrx_word' id='word_1_336' title='bbox 868 2689 923 2731; x_wconf 86' lang='grc'>12,</span> <span class='ocrx_word' id='word_1_337' title='bbox 948 2689 1005 2725; x_wconf 80' lang='grc'>46.</span> 
     </span>
    </p>
   </div>
  </div>
 </body>
</html>
