1890 3100
295 295 381 339 406
815 292 852 328 c,
878 292 1059 327 VALERI
1084 292 1258 328 FLAcoi

402 413 518 451 crinis
548 414 663 460 inest,
694 411 827 451 natale
858 411 998 460 decus3
1029 411 1096 450 dat
1124 412 1280 463 longior
1308 418 1419 451 aetas

401 479 479 516 iam
509 478 696 529 spatium3
725 477 870 530 triplici
900 490 1134 529 percurrens
1162 483 1343 529 tempora
1370 477 1475 516 nodo

403 543 574 582 demittit
603 556 714 581 sacro
744 543 923 594 geminas
954 556 977 580 a
1004 543 1155 581 vertice
1183 543 1315 581 vittas.

400 609 527 647 Datin
554 608 854 647 Achaemeniae
884 608 1042 659 gravior
1071 607 1121 646 de
1149 607 1315 646 vulnere
1344 621 1502 659 pugnae

401 675 507 712 misit
535 675 575 712 in
605 688 714 712 arma
741 674 911 725 Daraps,
944 673 1049 711 acies
1080 686 1198 725 quem
1226 674 1370 711 Martia
1398 673 1545 711 circum

404 738 688 790 Gangaridum,
718 744 892 790 potaque
922 738 1053 777 Gerus
1084 751 1182 790 quos
1213 738 1352 776 efferat
1380 738 1499 785 unda,

406 805 553 856 quique
582 803 713 842 lacum
743 804 904 842 cinxere
932 803 1084 854 Bycen.
1142 817 1222 841 non
1251 803 1377 842 defuit
1404 802 1558 849 Anxur,

402 883 482 907 non
510 868 694 907 Rhadalo
725 882 813 906 cum
841 869 962 906 fratre
993 867 1129 915 Sidon,
1159 868 1413 920 Acesinaque
1442 867 1559 906 laevo

404 934 534 972 omine
564 933 751 972 fatidicae
781 933 950 971 Phrixus
980 939 1114 971 movet
1142 934 1301 984 agmina
1330 946 1484 972 cervae.

298 1041 337 1076 hi
377 1042 463 1076 sunt
502 1041 562 1086 qui
599 1039 710 1075 hodie
737 1039 1031 1084 Leucaethiopes
1070 1038 1243 1073 dicuntur
1267 1039 1500 1084 maximeque
1528 1038 1628 1084 apud
1653 1040 1783 1083 gentes

296 1100 395 1146 nigri
423 1100 554 1136 coloris
579 1099 823 1145 reperiuntur.

397 1160 453 1197 62.
505 1159 567 1194 dat
604 1160 741 1204 longior
776 1162 875 1193 aetas
898 1158 971 1193 iam
1006 1159 1180 1202 epatium.-
1219 1157 1252 1193 ei
1278 1157 1412 1203 quippe
1438 1156 1574 1193 seniori
1597 1157 1674 1193 iam
1697 1169 1784 1203 pars

298 1218 465 1263 crinium,
505 1220 546 1253 ut
583 1219 634 1260 fit,
672 1217 810 1253 excidit
847 1218 958 1262 atque
985 1218 1056 1252 hac
1082 1216 1230 1252 calvitie
1257 1218 1386 1252 exorta
1412 1216 1575 1261 spatium
1600 1217 1710 1251 datur
1736 1217 1785 1251 ad

300 1279 414 1324 caput
439 1277 578 1323 triplici
602 1277 701 1313 nodo
726 1277 846 1312 vittae
873 1276 1221 1322 circumligandum3
1247 1287 1321 1311 non
1345 1276 1449 1311 recte
1466 1275 1591 1312 Burm.
1618 1277 1656 1311 et
1669 1275 1784 1321 Wag-

297 1349 365 1374 ner
391 1338 547 1382 spatinm
573 1337 800 1381 intellegunt
825 1336 943 1372 crines
969 1335 1205 1381 provectiore
1226 1336 1354 1370 aetate
1371 1334 1557 1379 longiores
1575 1334 1711 1382 factos;
1737 1335 1784 1371 de

298 1397 485 1433 locutione
512 1396 675 1442 spatium
701 1395 815 1431 dandi
841 1395 905 1431 cfr.
933 1396 1041 1440 Verg.
1068 1396 1159 1430 Aen.
1186 1394 1270 1435 XII,
1296 1394 1375 1429 696.

395 1456 451 1491 64.
501 1456 579 1491 Hoc
604 1466 714 1491 versu
739 1455 906 1490 Auchum
932 1455 1167 1490 sacerdotem
1192 1453 1305 1489 fuisse
1330 1453 1526 1488 indicatur.

390 1515 446 1551 66.
496 1516 647 1559 Daraps
681 1515 762 1560 ipse
799 1514 1002 1552 secundum
1033 1515 1130 1548 hunc
1164 1513 1287 1548 locum
1317 1523 1467 1558 pugnae
1501 1523 1577 1548 non
1601 1511 1782 1556 interfuit,

297 1576 337 1610 at
363 1575 676 1610 commemoratur
692 1586 725 1608 v.
745 1574 823 1615 572,
851 1573 915 1608 ubi
932 1573 1096 1618 Latagus
1118 1572 1236 1608 socius
1253 1572 1395 1607 Aeetae
1421 1571 1469 1607 ab
1489 1582 1532 1607 eo
1549 1571 1782 1617 interficitur,

296 1634 383 1670 vide
408 1635 535 1672 annot.
574 1633 622 1668 ad
660 1644 744 1669 eum
774 1644 932 1668 versum.
982 1632 1037 1667 De
1070 1631 1313 1667 collocatione
1343 1631 1473 1666 circum
1496 1630 1783 1676 praepositionis

298 1694 372 1730 vid.
399 1693 448 1728 ad
472 1693 500 1734 Ι,
528 1693 606 1728 151.

396 1752 451 1787 67.
506 1751 736 1797 Gangaridae
755 1752 845 1786 nota
868 1762 959 1796 gens
985 1751 1041 1786 est
1057 1750 1199 1795 Indiae,
1226 1761 1338 1794 quam
1351 1749 1521 1785 Valerius
1539 1749 1641 1784 certe
1659 1748 1782 1784 dicere

296 1812 426 1853 noluit,
466 1811 691 1857 praesertim
728 1822 811 1846 cum
848 1810 1118 1855 coniungantur
1153 1809 1201 1850 ei,
1241 1820 1331 1854 quos
1372 1808 1487 1844 Gerus
1511 1807 1635 1851 efferat
1661 1808 1698 1843 et
1722 1808 1784 1852 qui

298 1872 421 1918 Bycen
458 1872 571 1906 lacum
610 1870 775 1915 cingunt.
840 1869 957 1904 Gerus
995 1869 1092 1904 enim
1129 1868 1168 1903 in
1197 1868 1375 1914 paludem
1399 1867 1628 1903 Maeotidem
1661 1866 1783 1901 influit

302 1931 467 1975 itemque
499 1930 614 1975 Byzes
642 1940 711 1975 per
741 1929 863 1964 lacum
895 1929 1035 1973 Byzen;
1074 1927 1192 1973 Γέρρος
1221 1927 1432 1963 nominatur
1464 1937 1486 1961 a
1512 1926 1664 1962 Graecis
1696 1926 1782 1961 Her.

302 1990 367 2030 IV,
396 1989 450 2031 19,
491 1989 548 2031 al.,
588 1989 684 2026 Ptol.
711 1988 780 2024 ΠΙ.
806 1988 838 2030 5,
867 1988 928 2030 12;
968 1987 1104 2023 Gerrus
1131 1976 1297 2022 a'Plinio
1323 1986 1383 2032 IV,
1409 1986 1456 2021 84
1482 1986 1521 2021 et
1545 1985 1677 2021 eodem
1701 1985 1783 2020 loco

300 2049 403 2084 lacus
428 2049 563 2094 Buges.
626 2048 671 2082 In
708 2048 779 2083 hac
816 2037 928 2093 igitur
965 2046 1117 2092 regione
1148 2046 1387 2091 Gangaridae
1412 2045 1552 2081 Valerii
1589 2044 1781 2080 habitasse

296 2108 457 2154 putandi
488 2109 584 2148 sunt,
623 2107 784 2143 fortasse
818 2107 948 2148 eidem,
989 2117 1078 2151 quos
1105 2109 1281 2151 Γαργαρεῒς
1305 2105 1472 2141 nominat
1497 2103 1633 2139 Strabo
1658 2103 1721 2144 XI,
1749 2103 1781 2145 5,

299 2168 337 2209 1;
378 2178 425 2202 an
450 2166 688 2201 Dandaridas
715 2166 939 2211 significavit
963 2167 1101 2211 poeta?
1140 2165 1204 2200 cfr.
1232 2165 1319 2203 Tac.
1346 2176 1430 2200 ann.
1456 2162 1539 2205 ΧΠ,
1566 2163 1627 2206 15;
1659 2162 1781 2198 Strab.

297 2226 363 2272 XI,
389 2226 421 2270 2,
449 2226 503 2261 11.

395 2296 450 2332 67.
496 2301 654 2342 potaque
682 2296 798 2332 Gerus
821 2307 908 2341 quos
933 2296 1056 2339 efferat
1080 2295 1197 2331 unda:
1225 2294 1272 2330 dc
1297 2293 1407 2330 simili
1424 2304 1544 2339 aquae
1562 2293 1720 2328 fluvialis
1746 2293 1783 2328 vi
1850 2307 1866 2316 2

297 2357 454 2412 narrant
481 2356 548 2394 Ov.
574 2358 661 2392 met.
689 2356 766 2401 XV,
792 2356 862 2391 330
887 2367 979 2401 seq.;
1020 2354 1103 2390 fast.
1132 2353 1193 2396 IV,
1220 2354 1289 2389 363
1314 2364 1430 2400 seqq.;
1468 2353 1561 2389 Plin.
1593 2353 1670 2388 nat.
1696 2351 1782 2388 hist.
1846 2392 1848 2397 ,

298 2415 431 2457 XXXI,
458 2415 497 2457 9;
535 2415 691 2451 Tertull.
719 2415 765 2451 de
792 2415 916 2450 anima
942 2427 970 2450 c.
997 2415 1054 2450 50.
1840 2419 1850 2443 ἐ

393 2473 449 2510 69.
499 2474 652 2520 sidonya
676 2475 884 2519 caesinaque
902 2471 996 2515 vat„
1025 2473 1149 2520 Sydon
1166 2473 1386 2517 Acesinaque
1411 2471 1469 2508 ed.
1493 2471 1602 2514 Bon.;
1629 2470 1783 2506 Acesina
1828 2482 1841 2493 »·

300 2529 442 2580 aymina
468 2534 570 2569 dicta
601 2534 648 2568 ab
674 2533 831 2569 Acesino
858 2533 1023 2575 flumine,
1062 2533 1161 2578 quod
1191 2532 1229 2567 in
1253 2531 1413 2567 Pontum
1437 2530 1619 2566 Euxinum
1643 2529 1779 2565 influit:

299 2594 393 2629 Plin.
418 2594 496 2631 nat.
522 2593 607 2629 hist.
634 2592 695 2638 IV,
721 2592 767 2628 83
775 2606 783 2635 ;
809 2592 848 2627 in
867 2592 1094 2628 Chersoneso
1112 2591 1269 2627 Taurica
1294 2591 1391 2626 hanc
1414 2591 1566 2635 gentem
1590 2589 1780 2625 habitasse
1835 2608 1837 2611 v
1879 2585 1886 2596 ”

301 2654 460 2700 apparet
485 2664 531 2689 ex
555 2664 665 2688 versu
691 2652 746 2688 73.

395 2712 450 2748 70.
490 2709 666 2748 Phrixum
689 2711 741 2747 sic
758 2699 975 2756 simpliciter
993 2722 1076 2746 cum
1092 2710 1260 2746 nominat
1276 2707 1453 2749 Valerius,
1472 2720 1547 2745 non
1562 2708 1690 2754 potest
1703 2718 1780 2743 non
1831 2699 1854 2736 s'
1879 2760 1881 2762 ¹

302 2772 485 2816 cogitasse
512 2772 557 2808 de
583 2771 658 2807 filio
681 2770 879 2816 Nepheles‚
906 2781 1043 2815 genero
1061 2769 1220 2813 Aeetae3
1246 2769 1313 2804 sed
1336 2768 1421 2804 ideo
1446 2779 1521 2804 non
1545 2777 1697 2804 necesse
1722 2765 1780 2802 est
1826 2767 1851 2791 ⁵
1879 2770 1881 2778 ’
