1890 3100
30 2481 71 2535 ᾗ

564 239 950 276 ARGONAVTICON
974 239 1122 275 LIBER
1148 239 1211 275 IV.
1536 242 1624 285 309

245 373 335 398 cum
363 360 494 398 subito
521 359 696 398 Arcadio
726 360 859 398 sonuit
887 372 987 398 cava
1013 358 1148 397 fistula
1177 360 1254 397 ritu

243 425 533 477 imperiumque
561 425 684 476 patris
714 424 895 464 celerans
926 423 1138 475 Cyllenius
1169 423 1253 462 ales
1624 434 1679 463 385

245 489 410 528 advenit
438 495 478 528 et
505 489 588 528 leni
615 489 844 528 modulatur
871 489 1046 527 carmina
1075 501 1215 535 avena,

246 555 431 607 ‘quoque'
461 555 515 593 ait
545 555 648 593 ‘hinc
677 554 858 593 diversus
886 552 1001 592 abis?
1029 553 1130 592 heus
1158 554 1315 605 respice
1344 554 1510 591 cantus’.

246 618 357 658 haud
385 619 525 672 procul
552 620 755 658 insectans
784 618 939 670 Argum
966 617 1203 670 languentia
1224 648 1357 659 .....

246 684 397 723 lumina
426 690 569 723 cuncta
595 690 708 723 notat
736 683 956 736 dulcesque
987 684 1199 736 sequentia
1233 697 1403 732 somnos

248 755 289 788 et
317 749 490 789 celerem
518 748 659 788 mediis
687 750 730 788 in
758 749 939 788 cantibus
971 749 1096 800 exig-it
1122 749 1287 801 harpen.
1626 755 1681 784 390

242 815 401 868 iamque
429 814 582 854 refecta
609 815 697 854 Iovi
722 814 916 866 paulatim
943 815 985 852 in
1013 814 1186 866 imagine
1214 815 1345 867 prisca

229 926 311 962 384.
361 927 522 962 Arcadia
546 929 667 962 sonuit
693 947 736 953 —
761 927 886 969 fistula
907 927 998 970 ritu3
1036 926 1163 971 syrinx
1188 937 1210 961 a
1227 926 1331 962 Pane
1347 927 1535 962 Arcadum
1553 927 1624 963 deo

132 986 290 1021 inventa
315 987 384 1027 est,
410 985 478 1022 cfr.
504 997 599 1031 quae
624 985 794 1022 narravit
819 985 885 1022 Ov.
911 987 1001 1021 met.
1027 985 1056 1021 I.
1083 985 1154 1020 690
1178 997 1279 1031 seqq.

229 1045 310 1080 386.
342 1045 546 1080 modulatur
569 1046 730 1081 earmina
753 1056 883 1081 avena:
911 1044 977 1083 cfr.
994 1044 1105 1090 Verg.
1131 1045 1248 1090 eclog.
1275 1045 1318 1085 X,
1345 1046 1389 1080 51
1408 1047 1448 1081 et
1464 1046 1625 1091 primum

133 1115 308 1140 versuum
333 1115 470 1145 eorum,
497 1104 560 1150 qui
584 1104 742 1140 Aeneidi
765 1104 1068 1150 praemittuntur.

228 1162 309 1199 387.
358 1174 426 1208 quo
452 1184 495 1190 -
521 1163 681 1199 diversus
705 1164 799 1211 abi33
825 1163 892 1199 cfr.
921 1163 980 1205 VI,
1009 1163 1092 1206 581;
1151 1163 1263 1209 Verg.
1308 1164 1398 1200 Aen.
1443 1165 1491 1206 V,
1536 1164 1621 1207 166;

136 1221 202 1266 XI,
226 1221 308 1258 855.

228 1280 309 1316 388.
358 1280 539 1316 Ultimum
579 1293 706 1317 versus
750 1282 973 1317 vocabulum
1010 1282 1050 1317 in
1094 1281 1179 1317 Vat.
1218 1282 1376 1325 excidit;
1429 1283 1623 1319 Baehrens

134 1339 284 1385 scripsit
308 1341 513 1385 lanqueratia
538 1342 609 1376 iam
634 1342 716 1377 iam.
780 1340 955 1377 Ceterum
980 1341 1097 1377 etiam
1123 1343 1211 1377 ante
1236 1342 1334 1377 hunc
1359 1353 1509 1378 versum
1532 1354 1623 1378 non-

133 1398 238 1434 nulla
251 1398 437 1435 *videntur
462 1399 655 1437 excidisse.

229 1457 311 1494 390.
359 1459 469 1504 eviqit
491 1460 649 1504 harpen:
689 1459 916 1495 audiendum
952 1461 1013 1496 est
1038 1471 1056 1495 e
1079 1461 1213 1506 vagina
1251 1462 1290 1496 et
1313 1460 1417 1496 valet
1455 1460 1625 1506 gladium

131 1517 336 1563 stringere;
374 1518 426 1553 sic
462 1518 578 1554 etiam
615 1518 752 1554 dicitur
788 1519 947 1565 yladium
984 1519 1139 1561 educere,
1178 1521 1220 1555 ut
1258 1518 1330 1555 Sal.
1359 1519 1439 1556 Cat.
1463 1520 1520 1562 52,
1560 1520 1623 1562 36;

140 1575 247 1613 Caes.
284 1577 332 1613 de
368 1577 457 1613 bell.
482 1590 518 1623 g.
544 1578 587 1619 V,
625 1579 683 1614 44.
724 1578 809 1614 Non
841 1578 989 1613 addidit
1012 1580 1138 1625 poeta,
1177 1590 1287 1624 quem
1323 1579 1450 1625 gladio
1488 1579 1624 1616 educto

132 1636 361 1686 percusserit
384 1636 604 1678 Mercurium
631 1648 678 1673 ex
701 1638 786 1673 tota
803 1640 930 1673 autem
954 1637 1027 1674 loci
1051 1638 1207 1680 ratione,
1229 1638 1291 1684 qui
1315 1638 1537 1674 interfectus
1562 1639 1622 1682 sit,

135 1695 305 1740 apparet.
367 1695 477 1741 Apud
514 1695 605 1732 alios
642 1698 775 1742 poetas
812 1708 887 1732 non
923 1707 1009 1732 raro
1047 1697 1209 1742 additur,
1248 1709 1317 1743 per
1341 1709 1452 1743 quem
1475 1698 1623 1744 gladius

135 1754 276 1800 vagina
314 1756 467 1790 exactus
504 1755 726 1796 trajiciatur,
765 1756 870 1792 velut
931 1757 1043 1802 Verg.
1080 1757 1172 1794 Aen.
1210 1757 1253 1799 X,
1292 1757 1362 1793 682
1404 1769 1474 1803 per
1509 1762 1626 1794 costas

135 1814 255 1859 &qut
278 1824 414 1856 ensem;
439 1813 510 1849 815
535 1815 645 1861 ean'yit
668 1826 785 1851 ensem
806 1827 876 1860 per
900 1816 1050 1851 medium
1077 1817 1217 1852 Aeneas
1240 1818 1412 1858 iuvenem3
1441 1817 1507 1853 ΟΥ.
1534 1819 1623 1854 met.

134 1871 200 1918 IV,
225 1873 295 1908 734
320 1874 432 1919 aeqit
469 1897 515 1902 —
543 1885 614 1919 per
636 1875 701 1910 ilia
722 1875 879 1919 fmum3
916 1875 1004 1910 Luc.
1029 1875 1072 1921 X7
1098 1876 1145 1910 32
1167 1876 1393 1922 gladiumque
1412 1887 1482 1921 per
1505 1887 1625 1913 omnes

133 1932 248 1978 myst
268 1936 407 1978 yeme-33
434 1931 518 1968 Sen.
542 1933 675 1979 Agam.
702 1933 771 1968 199
790 1945 859 1978 per
882 1938 982 1969 tuum
1007 1935 1103 1969 latus
1130 1956 1172 1961 —
1199 1936 1364 1980 exiqatur
1388 1936 1499 1978 enei-n
1527 1935 1623 1972 Stat.

133 1989 254 2027 Theb.
280 1991 323 2031 X.
349 1991 419 2026 309
454 1993 590 2035 ferrum
620 2003 691 2037 per
720 1997 846 2038 pectus
871 1994 1041 2039 Aqyueus
1077 1994 1185 2039 exiyit
1229 1994 1383 2039 aliisque
1420 1995 1511 2030 locis
1548 2007 1623 2031 non

132 2050 275 2096 paucis.
302 2050 439 2087 Subest
464 2051 764 2097 breviloquentia
802 2053 987 2097 quaedam
1013 2053 1172 2093 dicendi,
1211 2065 1295 2089 cum
1324 2054 1474 2100 proprie
1501 2054 1625 2091 dicen-

136 2107 223 2144 dum
250 2109 366 2146 fuerit
390 2110 558 2156 gladium
582 2111 720 2156 vagina
747 2111 845 2156 exigi
871 2113 1117 2157 exactumque
1142 2123 1210 2158 per
1235 2113 1424 2149 hominem
1453 2114 1624 2159 transigi.

135 2165 232 2204 Inde
258 2170 386 2206 autem
411 2168 564 2210 factum,
590 2171 634 2204 ut
671 2170 795 2211 etiam,
834 2170 899 2205 ubi
935 2171 982 2206 de
1008 2171 1200 2207 educendo
1240 2171 1340 2208 ferro
1364 2172 1440 2207 iam
1465 2173 1622 2218 cogitari

138 2237 215 2263 non
228 2227 357 2273 possit,
377 2228 550 2274 exigendi
566 2229 724 2265 verbum
740 2229 928 2265 interdum
946 2230 1133 2265 scribatur
1150 2230 1199 2265 ad
1214 2230 1422 2277 simplicem
1433 2232 1625 2268 notionem

0 2270 62 2341 {544
136 2285 371 2332 munigendi
397 2288 686 2333 exprimendam.
715 2290 758 2323 ut
795 2288 858 2324 sil.
884 2288 912 2330 1,
939 2289 1009 2324 307
1047 2291 1163 2325 exacti
1196 2300 1265 2334 per
1299 2291 1434 2326 viscera
1458 2291 1519 2326 teli
1542 2291 1565 2327 i.
1593 2303 1623 2327 e.

135 2341 290 2390 iaculi,
315 2346 415 2391 quod
438 2358 471 2381 v.
498 2346 568 2382 305
582 2349 902 2389 commemoratur,
922 2348 983 2384 vel
1000 2348 1096 2384 adeo
1117 2348 1178 2389 IX.
1205 2349 1275 2384 584
1292 2361 1368 2395 seq.
1381 2361 1451 2394 per
1466 2351 1622 2385 membra

133 2412 203 2448 por
225 2414 327 2439 anna
343 2405 468 2451 Em'yit
491 2405 629 2448 Ufentis
651 2407 856 2441 sceleratum
880 2407 982 2442 belua
1006 2407 1182 2444 dentem.

231 2463 343 2508 harpe
368 2466 426 2500 est
451 2464 547 2500 ensis
573 2464 747 2506 falcatus,
773 2477 845 2510 quo
871 2465 1074 2502 Mercurius
1101 2467 1158 2502 uti
1182 2467 1348 2504 solebat:
1385 2467 1450 2503 Ov.
1477 2470 1568 2504 met.
1593 2469 1621 2509 Ι,

27 2522 68 2573 κί’
136 2518 224 2563 717;
260 2521 323 2563 lv,
350 2522 438 2568 7273
466 2515 598 2565 v,'69;
642 2523 729 2570 176;
766 2524 853 2560 Luc.
878 2525 941 2566 IX,
967 2525 1053 2567 662;
1092 2525 1181 2567 676;
1219 2527 1333 2562 schol.
1366 2526 1489 2563 Germ.
1515 2539 1550 2572 p.
1577 2527 1623 2562 82

140 2578 325 2626 (Perseus)
360 2583 495 2627 aceepit
532 2583 664 2619 talaria
703 2587 735 2619 et
770 2584 908 2629 harpen
943 2596 967 2619 α
993 2585 1193 2627 Merena-2¹03
1222 2587 1286 2621 cfr.
1318 2585 1474 2622 Prelleri
1498 2597 1622 2631 graec.

39 2618 68 2678 Ῐῑ.
140 2638 296 2683 mythol.
321 2639 381 2682 ΙΙ»,
406 2641 452 2676 41
479 2643 605 2677 annot.
629 2643 662 2678 4.

233 2696 313 2735 391.
361 2700 493 2742 refecta
519 2701 597 2736 Iovi
619 2701 644 2737 i.
672 2712 703 2737 e.
729 2702 769 2736 in
793 2702 991 2747 pristinam
1016 2703 1170 2748 virginis
1188 2703 1348 2739 formam
1365 2705 1527 2745 mutata;
1556 2703 1621 2738 cfr.

1339 2762 1403 2796 20*
