1890 3100
250 245 336 287 186
768 239 805 276 C.
831 238 1012 275 VALERI
1038 238 1210 275 FLACCI

353 361 608 413 prosequitur
636 360 753 399 lateri
782 359 999 407 adsultans,
1029 359 1276 412 trepidisque
1305 363 1487 397 ruentem

356 427 539 465 litoribus
571 440 643 465 sua
672 427 778 478 cogit
804 426 971 478 hiemps.
1001 440 1082 464 non
1109 425 1294 464 fluctibus
1324 424 1461 476 aequis
1734 432 1788 462 505

353 493 527 531 nubiferi
554 493 665 531 venit
693 492 801 530 unda
828 493 934 540 Noti,
965 505 1044 530 non
1072 491 1232 529 Africus
1262 491 1343 528 alto

354 564 488 597 tantus
519 563 611 596 ovat
639 558 857 610 patriisque
886 570 1025 596 manus
1056 571 1144 595 cum
1172 556 1315 608 plenus
1345 555 1514 594 habenis

358 623 483 663 Orion
511 622 701 675 bipedum
729 623 825 661 flatu
853 636 962 661 mare
990 622 1094 661 tollit
1125 635 1329 674 equorum.

357 702 451 727 ecce
481 688 623 727 ducem
651 689 822 741 placitae
851 688 962 726 furiis
994 687 1229 726 crudescere
1258 699 1418 738 pugnae

251 814 363 860 parte
391 814 440 848 ad
467 814 612 855 collum,
639 825 714 849 non
740 813 881 849 contra.
931 812 1098 847 Priorem
1122 812 1244 847 motus
1261 811 1409 856 partem
1427 808 1550 844 omisit
1567 807 1735 843 Valerius

250 873 346 915 ideo,
375 873 515 918 opinor,
543 873 642 918 quod
668 883 712 908 ea
737 884 812 907 non
836 873 982 906 tantum
1012 871 1158 906 confert
1190 870 1239 905 ad
1271 870 1462 905 horrorem
1496 867 1735 903 excitandum

249 944 361 977 quam
385 932 570 978 posterior
595 933 709 977 atque
735 931 834 976 quod
860 942 1030 966 accessus
1057 930 1106 964 ad
1129 929 1236 964 littus
1263 930 1302 964 et
1318 928 1503 973 virginem
1521 928 1592 962 hac
1610 927 1734 972 poste-

247 991 345 1027 riore
370 991 605 1037 potissimum
630 992 683 1027 fit.

337 1062 537 1095 passusque
560 1052 643 1086 sinu
667 1050 763 1091 Vat.,
783 1060 980 1094 passosque
1004 1050 1106 1084 sinus
1131 1048 1211 1084 cod.
1240 1047 1339 1082 Carr.

343 1110 421 1145 504.
473 1110 687 1154 trepidisque
721 1113 877 1144 ruentem
903 1108 1081 1144 littoribus
1105 1119 1173 1143 sua
1197 1108 1290 1152 coyit
1313 1107 1456 1151 hiemps.
1505 1117 1573 1141 sua
1601 1105 1736 1148 hiemps

247 1170 350 1205 recte
377 1169 584 1214 explicatur
611 1169 815 1214 tempestas
849 1168 926 1203 sive
958 1167 1091 1202 fluctus
1124 1167 1170 1201 ab
1211 1166 1293 1212 ipsa
1323 1165 1435 1202 belua
1468 1164 1631 1206 excitati,
1667 1163 1734 1199 cfr.

247 1228 329 1271 VII,
355 1228 425 1263 466
450 1229 508 1264 sui
533 1229 649 1263 tauris
674 1228 841 1272 Languent
865 1226 1068 1262 absentibus
1104 1227 1218 1271 ἕρπω
1259 1226 1297 1261 et
1335 1224 1430 1260 Stat.
1467 1224 1560 1260 Ach.
1597 1223 1626 1265 Ι,
1663 1222 1733 1257 444

248 1299 400 1332 suasque
423 1288 552 1323 hiemes
577 1289 701 1323 classis
720 1290 889 1331 promota
913 1297 1063 1330 suosque
1088 1286 1230 1321 Attollit
1252 1286 1397 1328 fluctu&
1426 1283 1492 1319 cfr.
1519 1283 1632 1319 etiam
1648 1282 1734 1318 Seu.

248 1348 408 1385 Phaedr.
436 1347 528 1382 1010
561 1359 662 1392 seqq.
695 1347 843 1391 trepidis
875 1345 1052 1381 littoribus
1090 1345 1238 1380 dativus
1271 1345 1328 1379 est
1360 1343 1483 1379 locum
1515 1342 1733 1388 exprimens

249 1408 298 1442 ad
324 1418 434 1452 quem
459 1407 580 1442 motus
607 1406 738 1451 aliquis
765 1405 958 1450 dirigatur,
991 1406 1034 1439 ut
1067 1404 1105 1439 in
1138 1404 1330 1440 notissimo
1362 1403 1435 1438 illov
1459 1401 1674 1447 Vergiliano
1706 1401 1736 1436 it

249 1468 380 1503 clamor
405 1467 499 1501 eaelo
524 1465 793 1512 permultisque
830 1465 911 1500 aliis
942 1464 1043 1505 locis,
1078 1463 1142 1499 cfr.
1176 1463 1303 1509 paullo
1336 1462 1434 1497 infra
1467 1462 1536 1497 523
1567 1461 1734 1502 vallibus;

249 1537 368 1571 coyere
393 1527 520 1561 autem
546 1525 733 1570 significat
757 1524 795 1559 vi
819 1524 880 1559 vel
905 1523 1131 1559 necessitate
1163 1523 1326 1567 quadam
1359 1521 1483 1566 aliquo
1513 1520 1730 1566 perducere,

250 1585 316 1623 cfr.
343 1585 370 1626 I,
398 1585 459 1627 65;
485 1584 567 1624 VII.
588 1584 676 1629 2393
702 1584 789 1620 Hor.
830 1595 859 1619 c.
895 1583 943 1625 ΙΙ,
982 1583 1014 1623 3,
1047 1582 1092 1617 25
1125 1593 1241 1618 omues
1279 1582 1395 1617 eodem
1425 1582 1596 1626 coyimur;
1624 1579 1734 1624 Verg.

250 1645 340 1681 Aen.
366 1645 432 1688 IX,
458 1644 528 1679 463
554 1645 648 1680 acies
671 1645 711 1679 in
730 1644 872 1688 proelia
897 1644 1003 1688 σοφὴ
1031 1642 1135 1677 Lucr.
1162 1641 1224 1683 VI,
1252 1642 1321 1676 ‘274
1349 1641 1510 1687 (ventus)
1545 1639 1606 1684 qui
1642 1639 1735 1683 eoyit

248 1705 287 1739 in
311 1716 422 1740 unum
447 1704 558 1739 Forte
589 1704 699 1739 locum
736 1703 904 1748 quemvis;
944 1701 1070 1737 culicis
1103 1700 1171 1736 108
1191 1705 1321 1746 pastor
1344 1699 1499 1744 pecudes*
1524 1698 1666 1744 eoyebat
1696 1698 1735 1732 in

249 1764 410 1808 umbras;
438 1763 564 1800 Claud.
592 1763 638 1798 de
665 1774 762 1798 cons.
791 1761 869 1798 Stil.
897 1761 966 1796 315
992 1772 1110 1796 cervos
1137 1781 1179 1786 —
1204 1761 1244 1795 in
1267 1760 1410 1795 vincum
1434 1759 1536 1804 coyit.

347 1823 426 1858 507.
477 1826 559 1858 ovat
582 1822 605 1858 i.
634 1833 664 1858 e.
691 1821 828 1866 gaudio
857 1820 1030 1862 exsultat,
1059 1832 1142 1855 cum
1169 1820 1202 1855 ei
1226 1831 1295 1865 per
1311 1830 1416 1854 mare
1441 1817 1587 1853 saevire
1603 1816 1733 1853 liceat.

346 1882 426 1919 508.
475 1883 532 1918 De
571 1881 700 1917 Orione
736 1881 902 1926 Neptuni
942 1881 980 1916 et
1016 1880 1195 1925 Euryales
1233 1879 1308 1915 filio
1341 1878 1406 1914 cfr.
1433 1877 1556 1923 Apoll.
1581 1876 1608 1918 I,
1634 1876 1667 1918 4,
1695 1875 1733 1917 3;

252 1942 409 1979 Prelleri
434 1942 590 1987 mythol.
622 1954 676 1986 gr.
703 1940 746 1982 1⁴,
773 1940 862 1984 4503
903 1951 987 1975 eum
1024 1941 1093 1975 hoc
1130 1939 1212 1975 loco
1248 1939 1363 1984 poeta
1387 1937 1590 1973 vehentem
1627 1934 1736 1980 fingit

252 2002 353 2047 equis
378 2001 541 2043 marinis,
570 2001 632 2046 qui
657 2000 796 2045 bipedes
820 1999 1061 2035 nominantur
1088 1998 1202 2034 etiam
1228 2009 1250 2033 a
1273 1997 1385 2042 Verg.
1411 2007 1539 2042 georg.
1569 1995 1630 2036 Ν,
1649 1993 1734 2035 389;

251 2060 318 2098 cfr.
344 2060 438 2097 Stat.
464 2061 554 2096 Ach.
581 2060 609 2101 Ι,
637 2059 683 2094 60
708 2060 886 2103 delentque
904 2058 1036 2103 pedum
1054 2058 1200 2103 vestigia
1217 2057 1347 2099 cauda3
1367 2056 1484 2092 Theb.
1501 2055 1550 2097 Π,
1571 2054 1618 2089 45
1635 2065 1736 2099 seqq.

249 2121 322 2156 illic
346 2121 486 2165 Aeyaeo
513 2119 705 2164 Neptunus
734 2120 874 2164 yurqite
902 2119 1016 2161 fessos
1048 2118 1095 2153 In
1123 2121 1270 2162 portum
1307 2116 1447 2151 deth
1481 2125 1603 2160 equos:
1630 2114 1737 2158 prior

250 2180 374 2215 haurit
386 2190 516 2214 arenas
532 2179 687 2225 Unqula;
697 2179 872 2223 postremi
887 2179 1074 2213 solvuntur
1086 2177 1126 2212 in
1141 2187 1296 2222 aequora
1303 2176 1431 2220 pisces.
1449 2175 1552 2210 Haec
1568 2173 1737 2208 monstra

250 2239 289 2274 in
313 2238 455 2284 piscem
481 2238 690 2274 desinentia
716 2237 931 2283 saepissime
958 2236 1121 2282 conspici
1145 2236 1184 2270 in
1210 2235 1301 2270 artis
1328 2234 1501 2280 operibus
1518 2233 1647 2269 notum
1667 2232 1734 2274 est,

253 2298 318 2335 cfr.
347 2297 543 2333 Overbeck
568 2297 707 2342 griech.
735 2296 1013 2341 Kunstmythol.
1040 2295 1098 2330 III
1123 2295 1200 2330 tab.
1227 2295 1267 2329 II
1292 2294 1380 2330 Nro.
1408 2293 1462 2338 13,
1483 2292 1538 2335 14,
1561 2291 1622 2337 15;
1654 2291 1737 2327 tab.

251 2357 314 2401 VI,
347 2357 433 2392 Nro.
460 2356 515 2397 20,
543 2356 598 2398 22,
626 2356 688 2400 313
726 2355 1068 2391 Miiller-Wieseler
1092 2366 1254 2390 monum.
1286 2353 1323 2388 II
1347 2353 1425 2388 tab.
1452 2351 1484 2396 6,
1517 2351 1578 2393 69;
1614 2351 1645 2392 7,
1673 2350 1734 2396 79;

252 2417 316 2463 78;
342 2416 400 2451 85.

346 2475 391 2510 In
429 2475 512 2510 tota
548 2475 618 2508 hac
655 2474 789 2509 beluae
828 2473 1079 2518 descriptione
1109 2472 1279 2508 Valerius
1317 2471 1405 2506 dum
1441 2480 1618 2515 superare
1654 2468 1736 2504 vult

251 2534 407 2580 Vergilii
431 2535 563 2575 locum,
591 2533 653 2578 qui
679 2534 736 2568 est
765 2535 851 2568 Aen.
877 2532 925 2573 ΙΙ,
953 2532 1021 2567 204
1047 2543 1158 2577 seqq..
1187 2530 1376 2576 elegantia
1392 2529 1560 2575 paullum
1580 2527 1735 2564 destitu-

252 2595 313 2629 tus
338 2593 452 2629 nimio
477 2593 677 2628 verborum
700 2591 838 2627 tumori
862 2591 1050 2636 indulget;
1078 2591 1210 2626 eodem
1235 2590 1326 2626 vitio
1351 2588 1489 2624 nimiae
1514 2587 1734 2634 superlatio-

253 2654 309 2688 nis
335 2653 484 2688 laborat
510 2652 624 2688 etiam
648 2650 825 2691 narratio,
853 2661 946 2695 quae
972 2650 1149 2694 sequitur,
1176 2650 1222 2685 de
1246 2659 1373 2694 pugna
1399 2647 1591 2683 Herculea.

348 2712 428 2747 509.
476 2712 586 2755 furiis
610 2711 809 2746 crudescere
828 2720 988 2756 paynae3
1015 2709 1096 2744 aliis
1121 2708 1211 2744 locis
1237 2720 1311 2743 non
1344 2707 1390 2743 de
1415 2706 1642 2747 hominibus,
1668 2704 1735 2740 sed
