<?xml version="1.0" encoding="UTF-8"?>
<!DOCTYPE html PUBLIC "-//W3C//DTD XHTML 1.0 Transitional//EN"
    "http://www.w3.org/TR/xhtml1/DTD/xhtml1-transitional.dtd">
<html xmlns="http://www.w3.org/1999/xhtml" xml:lang="en" lang="en">
 <head>
  <title>
</title>
<meta http-equiv="Content-Type" content="text/html;charset=utf-8" />
  <meta name='ocr-system' content='tesseract 3.04.00' />
  <meta name='ocr-capabilities' content='ocr_page ocr_carea ocr_par ocr_line ocrx_word'/>
</head>
<body>
  <div class='ocr_page' id='page_1' title='image "argonauticonlibr00valeuoft_0550.png"; bbox 0 0 1890 3100; ppageno 0'>
   <div class='ocr_carea' id='block_1_1' title="bbox 223 201 1190 246">
    <p class='ocr_par' dir='ltr' id='par_1_1' title="bbox 223 201 1190 246">
     <span class='ocr_line' id='line_1_1' title="bbox 223 201 1190 246; baseline -0.006 0"><span class='ocrx_word' id='word_1_1' title='bbox 223 201 309 246; x_wconf 83' lang='lat'>532</span> <span class='ocrx_word' id='word_1_2' title='bbox 747 202 783 239; x_wconf 81' lang='lat' dir='ltr'>G.</span> <span class='ocrx_word' id='word_1_3' title='bbox 810 202 990 240; x_wconf 76' lang='lat' dir='ltr'><strong>VALERI</strong></span> <span class='ocrx_word' id='word_1_4' title='bbox 1015 201 1190 240; x_wconf 80' lang='lat' dir='ltr'>FLACOI</span> 
     </span>
    </p>
   </div>
   <div class='ocr_carea' id='block_1_2' title="bbox 321 321 1605 1554">
    <p class='ocr_par' dir='ltr' id='par_1_2' title="bbox 327 321 1605 637">
     <span class='ocr_line' id='line_1_2' title="bbox 328 321 1605 377; baseline 0.004 -18"><span class='ocrx_word' id='word_1_5' title='bbox 328 321 582 360; x_wconf 84' lang='lat' dir='ltr'>Thessaliam</span> <span class='ocrx_word' id='word_1_6' title='bbox 612 327 651 360; x_wconf 89' lang='lat' dir='ltr'>et</span> <span class='ocrx_word' id='word_1_7' title='bbox 680 323 801 370; x_wconf 86' lang='lat' dir='ltr'>saevi,</span> <span class='ocrx_word' id='word_1_8' title='bbox 834 337 1110 377; x_wconf 87' lang='lat' dir='ltr'>quaecumque</span> <span class='ocrx_word' id='word_1_9' title='bbox 1141 329 1213 372; x_wconf 92' lang='lat' dir='ltr'>est,</span> <span class='ocrx_word' id='word_1_10' title='bbox 1243 324 1410 376; x_wconf 87' lang='lat' dir='ltr'>hospitis</span> <span class='ocrx_word' id='word_1_11' title='bbox 1440 325 1605 364; x_wconf 89' lang='lat' dir='ltr'>urbem’.</span> 
     </span>
     <span class='ocr_line' id='line_1_3' title="bbox 330 387 1487 442; baseline 0.003 -18"><span class='ocrx_word' id='word_1_12' title='bbox 330 387 386 425; x_wconf 88' lang='lat' dir='ltr'>sic</span> <span class='ocrx_word' id='word_1_13' title='bbox 416 387 612 438; x_wconf 80' lang='lat' dir='ltr'>genetrix,</span> <span class='ocrx_word' id='word_1_14' title='bbox 643 387 842 441; x_wconf 89' lang='lat' dir='ltr'>similique</span> <span class='ocrx_word' id='word_1_15' title='bbox 872 389 1012 441; x_wconf 81' lang='lat' dir='ltr'>implet</span> <span class='ocrx_word' id='word_1_16' title='bbox 1041 402 1152 428; x_wconf 87' lang='lat' dir='ltr'>soror</span> <span class='ocrx_word' id='word_1_17' title='bbox 1179 390 1311 428; x_wconf 86' lang='lat' dir='ltr'>omnia</span> <span class='ocrx_word' id='word_1_18' title='bbox 1342 395 1487 442; x_wconf 87' lang='lat' dir='ltr'>questu</span> 
     </span>
     <span class='ocr_line' id='line_1_4' title="bbox 329 452 1357 507; baseline 0.004 -17"><span class='ocrx_word' id='word_1_19' title='bbox 329 452 560 501; x_wconf 82' lang='lat' dir='ltr'>exululans3</span> <span class='ocrx_word' id='word_1_20' title='bbox 589 452 763 492; x_wconf 84' lang='lat' dir='ltr'>famulae</span> <span class='ocrx_word' id='word_1_21' title='bbox 792 455 941 506; x_wconf 87' lang='lat' dir='ltr'>pariter</span> <span class='ocrx_word' id='word_1_22' title='bbox 969 454 1142 494; x_wconf 85' lang='lat' dir='ltr'>clamore</span> <span class='ocrx_word' id='word_1_23' title='bbox 1173 468 1357 507; x_wconf 90' lang='lat' dir='ltr'>supremo</span> 
     </span>
     <span class='ocr_line' id='line_1_5' title="bbox 327 517 1531 573; baseline 0.003 -18"><span class='ocrx_word' id='word_1_24' title='bbox 327 518 369 556; x_wconf 92' lang='lat' dir='ltr'>in</span> <span class='ocrx_word' id='word_1_25' title='bbox 396 531 545 556; x_wconf 89' lang='lat' dir='ltr'>vacuos</span> <span class='ocrx_word' id='word_1_26' title='bbox 575 517 671 557; x_wconf 90' lang='lat' dir='ltr'>dant</span> <span class='ocrx_word' id='word_1_27' title='bbox 699 519 824 558; x_wconf 89' lang='lat' dir='ltr'>verba</span> <span class='ocrx_word' id='word_1_28' title='bbox 851 526 967 558; x_wconf 90' lang='lat' dir='ltr'>notos</span> <span class='ocrx_word' id='word_1_29' title='bbox 999 520 1279 573; x_wconf 85' lang='lat' dir='ltr'>dominamque</span> <span class='ocrx_word' id='word_1_30' title='bbox 1309 519 1531 560; x_wconf 83' lang='lat' dir='ltr'>reclamant</span> 
     </span>
     <span class='ocr_line' id='line_1_6' title="bbox 327 584 1390 637; baseline 0.003 -16"><span class='ocrx_word' id='word_1_31' title='bbox 327 584 509 632; x_wconf 71' lang='lat' dir='ltr'>nomine,</span> <span class='ocrx_word' id='word_1_32' title='bbox 539 589 578 623; x_wconf 90' lang='lat' dir='ltr'>te</span> <span class='ocrx_word' id='word_1_33' title='bbox 609 585 719 623; x_wconf 90' lang='lat' dir='ltr'>venti</span> <span class='ocrx_word' id='word_1_34' title='bbox 746 585 886 637; x_wconf 89' lang='lat' dir='ltr'>procul</span> <span class='ocrx_word' id='word_1_35' title='bbox 916 591 955 624; x_wconf 88' lang='lat' dir='ltr'>et</span> <span class='ocrx_word' id='word_1_36' title='bbox 984 591 1053 624; x_wconf 82' lang='lat' dir='ltr'>tua</span> <span class='ocrx_word' id='word_1_37' title='bbox 1081 585 1166 624; x_wconf 88' lang='lat' dir='ltr'>fata</span> <span class='ocrx_word' id='word_1_38' title='bbox 1193 585 1390 625; x_wconf 84' lang='lat' dir='ltr'>ferebant.</span> 
     </span>
    </p>

    <p class='ocr_par' dir='ltr' id='par_1_3' title="bbox 321 648 1531 1554">
     <span class='ocr_line' id='line_1_7' title="bbox 380 648 1510 703; baseline 0.003 -16"><span class='ocrx_word' id='word_1_39' title='bbox 380 648 481 688; x_wconf 91' lang='lat' dir='ltr'>Inde</span> <span class='ocrx_word' id='word_1_40' title='bbox 512 648 618 688; x_wconf 88' lang='lat' dir='ltr'>diem</span> <span class='ocrx_word' id='word_1_41' title='bbox 645 656 885 703; x_wconf 86' lang='lat' dir='ltr'>noctemque</span> <span class='ocrx_word' id='word_1_42' title='bbox 914 651 1063 690; x_wconf 86' lang='lat' dir='ltr'>volant.</span> <span class='ocrx_word' id='word_1_43' title='bbox 1120 650 1382 690; x_wconf 84' lang='lat' dir='ltr'>redeuntibus</span> <span class='ocrx_word' id='word_1_44' title='bbox 1411 665 1510 691; x_wconf 89' lang='lat' dir='ltr'>aura</span> 
     </span>
     <span class='ocr_line' id='line_1_8' title="bbox 328 715 1356 768; baseline 0.004 -16"><span class='ocrx_word' id='word_1_45' title='bbox 328 715 486 765; x_wconf 83' lang='lat' dir='ltr'>gratior,</span> <span class='ocrx_word' id='word_1_46' title='bbox 518 721 557 754; x_wconf 90' lang='lat' dir='ltr'>et</span> <span class='ocrx_word' id='word_1_47' title='bbox 585 720 704 754; x_wconf 87' lang='lat' dir='ltr'>notae</span> <span class='ocrx_word' id='word_1_48' title='bbox 734 716 882 768; x_wconf 87' lang='lat' dir='ltr'>Minyis</span> <span class='ocrx_word' id='word_1_49' title='bbox 912 723 1183 756; x_wconf 80' lang='lat' dir='ltr'>transcurrere</span> <span class='ocrx_word' id='word_1_50' title='bbox 1212 723 1356 766; x_wconf 87' lang='lat' dir='ltr'>terrae,</span> 
     </span>
     <span class='ocr_line' id='line_1_9' title="bbox 329 780 1364 834; baseline 0.003 -16"><span class='ocrx_word' id='word_1_51' title='bbox 329 793 418 818; x_wconf 81' lang='lat' dir='ltr'>cum</span> <span class='ocrx_word' id='word_1_52' title='bbox 447 780 577 819; x_wconf 87' lang='lat' dir='ltr'>subito</span> <span class='ocrx_word' id='word_1_53' title='bbox 606 781 784 832; x_wconf 85' lang='lat' dir='ltr'>Erginus</span> <span class='ocrx_word' id='word_1_54' title='bbox 813 783 938 834; x_wconf 88' lang='lat' dir='ltr'>puppi</span> <span class='ocrx_word' id='word_1_55' title='bbox 966 783 1022 821; x_wconf 93' lang='lat' dir='ltr'>sic</span> <span class='ocrx_word' id='word_1_56' title='bbox 1050 782 1156 821; x_wconf 85' lang='lat' dir='ltr'>fatur</span> <span class='ocrx_word' id='word_1_57' title='bbox 1185 783 1233 822; x_wconf 92' lang='lat' dir='ltr'>ab</span> <span class='ocrx_word' id='word_1_58' title='bbox 1264 783 1364 822; x_wconf 88' lang='lat' dir='ltr'>alta:</span> 
     </span>
     <span class='ocr_line' id='line_1_10' title="bbox 329 845 1319 900; baseline 0.004 -17"><span class='ocrx_word' id='word_1_59' title='bbox 329 845 422 883; x_wconf 88' lang='lat' dir='ltr'>‘vos&#39;</span> <span class='ocrx_word' id='word_1_60' title='bbox 455 846 509 884; x_wconf 90' lang='lat' dir='ltr'>ait</span> <span class='ocrx_word' id='word_1_61' title='bbox 539 846 769 894; x_wconf 88' lang='lat' dir='ltr'>‘Aesonide,</span> <span class='ocrx_word' id='word_1_62' title='bbox 801 848 979 886; x_wconf 87' lang='lat' dir='ltr'>contenti</span> <span class='ocrx_word' id='word_1_63' title='bbox 1006 847 1159 887; x_wconf 86' lang='lat' dir='ltr'>vellere</span> <span class='ocrx_word' id='word_1_64' title='bbox 1190 854 1319 900; x_wconf 84' lang='lat' dir='ltr'>capto,</span> 
     </span>
     <span class='ocr_line' id='line_1_11' title="bbox 324 912 1445 965; baseline 0.003 -16"><span class='ocrx_word' id='word_1_65' title='bbox 324 924 400 950; x_wconf 89' lang='lat' dir='ltr'>nec</span> <span class='ocrx_word' id='word_1_66' title='bbox 429 912 496 949; x_wconf 89' lang='lat' dir='ltr'>via</span> <span class='ocrx_word' id='word_1_67' title='bbox 524 925 627 963; x_wconf 83' lang='lat' dir='ltr'>quae</span> <span class='ocrx_word' id='word_1_68' title='bbox 658 918 820 963; x_wconf 89' lang='lat' dir='ltr'>superet</span> <span class='ocrx_word' id='word_1_69' title='bbox 847 926 923 951; x_wconf 90' lang='lat' dir='ltr'>nec</span> <span class='ocrx_word' id='word_1_70' title='bbox 954 926 1056 965; x_wconf 90' lang='lat' dir='ltr'>quae</span> <span class='ocrx_word' id='word_1_71' title='bbox 1085 913 1255 962; x_wconf 86' lang='lat' dir='ltr'>fortuna,</span> <span class='ocrx_word' id='word_1_72' title='bbox 1285 913 1445 953; x_wconf 86' lang='lat' dir='ltr'>videtis.</span> 
     </span>
     <span class='ocr_line' id='line_1_12' title="bbox 327 977 1391 1031; baseline 0.004 -17"><span class='ocrx_word' id='word_1_73' title='bbox 327 977 501 1015; x_wconf 88' lang='lat' dir='ltr'>crastina</span> <span class='ocrx_word' id='word_1_74' title='bbox 528 990 702 1029; x_wconf 88' lang='lat' dir='ltr'>namque</span> <span class='ocrx_word' id='word_1_75' title='bbox 733 977 818 1016; x_wconf 90' lang='lat' dir='ltr'>dies</span> <span class='ocrx_word' id='word_1_76' title='bbox 848 979 969 1017; x_wconf 84' lang='lat' dir='ltr'>trucis</span> <span class='ocrx_word' id='word_1_77' title='bbox 1000 978 1050 1016; x_wconf 88' lang='lat' dir='ltr'>ad</span> <span class='ocrx_word' id='word_1_78' title='bbox 1079 979 1250 1017; x_wconf 87' lang='lat' dir='ltr'>confinia</span> <span class='ocrx_word' id='word_1_79' title='bbox 1277 980 1391 1031; x_wconf 90' lang='lat' dir='ltr'>ponti</span> 
     </span>
     <span class='ocr_line' id='line_1_13' title="bbox 327 1040 1458 1096; baseline 0.004 -17"><span class='ocrx_word' id='word_1_80' title='bbox 327 1040 598 1094; x_wconf 83' lang='lat' dir='ltr'>Cyaneasque</span> <span class='ocrx_word' id='word_1_81' title='bbox 627 1049 757 1090; x_wconf 79' lang='lat' dir='ltr'>vocat,</span> <span class='ocrx_word' id='word_1_82' title='bbox 787 1043 1040 1096; x_wconf 82' lang='lat' dir='ltr'>meminique,</span> <span class='ocrx_word' id='word_1_83' title='bbox 1073 1057 1095 1082; x_wconf 93' lang='lat' dir='ltr'>o</span> <span class='ocrx_word' id='word_1_84' title='bbox 1124 1044 1271 1096; x_wconf 86' lang='lat' dir='ltr'>Tiphy,</span> <span class='ocrx_word' id='word_1_85' title='bbox 1301 1050 1458 1083; x_wconf 88' lang='lat' dir='ltr'>tuorum</span> 
     </span>
     <span class='ocr_line' id='line_1_14' title="bbox 326 1107 1488 1160; baseline 0.003 -15"><span class='ocrx_word' id='word_1_86' title='bbox 326 1120 423 1145; x_wconf 81' lang='lat' dir='ltr'>saxa</span> <span class='ocrx_word' id='word_1_87' title='bbox 451 1121 524 1159; x_wconf 89' lang='lat' dir='ltr'>per</span> <span class='ocrx_word' id='word_1_88' title='bbox 552 1107 632 1154; x_wconf 89' lang='lat' dir='ltr'>illa,</span> <span class='ocrx_word' id='word_1_89' title='bbox 663 1114 790 1160; x_wconf 88' lang='lat' dir='ltr'>pater,</span> <span class='ocrx_word' id='word_1_90' title='bbox 819 1109 991 1155; x_wconf 90' lang='lat' dir='ltr'>memini,</span> <span class='ocrx_word' id='word_1_91' title='bbox 1021 1109 1263 1157; x_wconf 88' lang='lat' dir='ltr'>venerande,</span> <span class='ocrx_word' id='word_1_92' title='bbox 1293 1109 1488 1148; x_wconf 86' lang='lat' dir='ltr'>laborum.</span> 
     </span>
     <span class='ocr_line' id='line_1_15' title="bbox 324 1172 1329 1227; baseline 0.003 -17"><span class='ocrx_word' id='word_1_93' title='bbox 324 1172 568 1221; x_wconf 88' lang='lat' dir='ltr'>mutandum,</span> <span class='ocrx_word' id='word_1_94' title='bbox 601 1187 622 1212; x_wconf 97' lang='lat' dir='ltr'>o</span> <span class='ocrx_word' id='word_1_95' title='bbox 653 1174 761 1221; x_wconf 90' lang='lat' dir='ltr'>socii,</span> <span class='ocrx_word' id='word_1_96' title='bbox 792 1174 906 1212; x_wconf 90' lang='lat' dir='ltr'>nobis</span> <span class='ocrx_word' id='word_1_97' title='bbox 936 1175 1030 1223; x_wconf 80' lang='lat' dir='ltr'>iter3</span> <span class='ocrx_word' id='word_1_98' title='bbox 1061 1174 1189 1213; x_wconf 88' lang='lat' dir='ltr'>altera</span> <span class='ocrx_word' id='word_1_99' title='bbox 1217 1176 1329 1227; x_wconf 88' lang='lat' dir='ltr'>ponti</span> 
     </span>
     <span class='ocr_line' id='line_1_16' title="bbox 327 1238 1483 1292; baseline 0.002 -16"><span class='ocrx_word' id='word_1_100' title='bbox 327 1238 543 1276; x_wconf 89' lang='lat' dir='ltr'>eluctanda</span> <span class='ocrx_word' id='word_1_101' title='bbox 571 1239 637 1277; x_wconf 84' lang='lat' dir='ltr'>via</span> <span class='ocrx_word' id='word_1_102' title='bbox 667 1245 707 1278; x_wconf 90' lang='lat' dir='ltr'>et</span> <span class='ocrx_word' id='word_1_103' title='bbox 737 1253 867 1288; x_wconf 89' lang='lat' dir='ltr'>cursu,</span> <span class='ocrx_word' id='word_1_104' title='bbox 900 1253 1019 1292; x_wconf 91' lang='lat' dir='ltr'>quem</span> <span class='ocrx_word' id='word_1_105' title='bbox 1048 1240 1172 1288; x_wconf 87' lang='lat' dir='ltr'>fabor,</span> <span class='ocrx_word' id='word_1_106' title='bbox 1205 1240 1379 1279; x_wconf 85' lang='lat' dir='ltr'>eundum</span> <span class='ocrx_word' id='word_1_107' title='bbox 1408 1247 1483 1280; x_wconf 86' lang='lat' dir='ltr'>est.</span> 
     </span>
     <span class='ocr_line' id='line_1_17' title="bbox 324 1303 1531 1356; baseline 0.003 -15"><span class='ocrx_word' id='word_1_108' title='bbox 324 1303 422 1341; x_wconf 89' lang='lat' dir='ltr'>haut</span> <span class='ocrx_word' id='word_1_109' title='bbox 448 1303 589 1355; x_wconf 90' lang='lat' dir='ltr'>procul</span> <span class='ocrx_word' id='word_1_110' title='bbox 617 1304 710 1343; x_wconf 91' lang='lat' dir='ltr'>hinc</span> <span class='ocrx_word' id='word_1_111' title='bbox 738 1305 882 1356; x_wconf 87' lang='lat' dir='ltr'>ingens</span> <span class='ocrx_word' id='word_1_112' title='bbox 914 1305 1094 1356; x_wconf 79' lang='lat' dir='ltr'>Scythici</span> <span class='ocrx_word' id='word_1_113' title='bbox 1122 1306 1201 1344; x_wconf 89' lang='lat' dir='ltr'>ruit</span> <span class='ocrx_word' id='word_1_114' title='bbox 1229 1307 1360 1345; x_wconf 83' lang='lat' dir='ltr'>exitus</span> <span class='ocrx_word' id='word_1_115' title='bbox 1389 1307 1531 1354; x_wconf 84' lang='lat' dir='ltr'>Histri,</span> 
     </span>
     <span class='ocr_line' id='line_1_18' title="bbox 323 1368 1389 1423; baseline 0.003 -16"><span class='ocrx_word' id='word_1_116' title='bbox 323 1368 493 1408; x_wconf 89' lang='lat' dir='ltr'>fundere</span> <span class='ocrx_word' id='word_1_117' title='bbox 523 1383 605 1408; x_wconf 92' lang='lat' dir='ltr'>non</span> <span class='ocrx_word' id='word_1_118' title='bbox 632 1383 712 1408; x_wconf 92' lang='lat' dir='ltr'>uno</span> <span class='ocrx_word' id='word_1_119' title='bbox 741 1376 896 1409; x_wconf 89' lang='lat' dir='ltr'>tantum</span> <span class='ocrx_word' id='word_1_120' title='bbox 928 1384 1046 1423; x_wconf 89' lang='lat' dir='ltr'>quem</span> <span class='ocrx_word' id='word_1_121' title='bbox 1074 1371 1237 1410; x_wconf 89' lang='lat' dir='ltr'>flumina</span> <span class='ocrx_word' id='word_1_122' title='bbox 1265 1386 1389 1411; x_wconf 89' lang='lat' dir='ltr'>cornu</span> 
     </span>
     <span class='ocr_line' id='line_1_19' title="bbox 323 1435 1505 1490; baseline 0.003 -18"><span class='ocrx_word' id='word_1_123' title='bbox 323 1435 557 1486; x_wconf 83' lang='lat' dir='ltr'>accipimus3</span> <span class='ocrx_word' id='word_1_124' title='bbox 589 1441 743 1487; x_wconf 87' lang='lat' dir='ltr'>septem</span> <span class='ocrx_word' id='word_1_125' title='bbox 773 1436 854 1474; x_wconf 84' lang='lat' dir='ltr'>exit</span> <span class='ocrx_word' id='word_1_126' title='bbox 884 1437 1009 1489; x_wconf 86' lang='lat' dir='ltr'>aquis,</span> <span class='ocrx_word' id='word_1_127' title='bbox 1041 1442 1196 1489; x_wconf 87' lang='lat' dir='ltr'>septem</span> <span class='ocrx_word' id='word_1_128' title='bbox 1225 1438 1326 1476; x_wconf 90' lang='lat' dir='ltr'>ostia</span> <span class='ocrx_word' id='word_1_129' title='bbox 1353 1437 1505 1490; x_wconf 84' lang='lat' dir='ltr'>pandit.</span> 
     </span>
     <span class='ocr_line' id='line_1_20' title="bbox 321 1499 1323 1554; baseline 0.004 -17"><span class='ocrx_word' id='word_1_130' title='bbox 321 1499 430 1538; x_wconf 89' lang='lat' dir='ltr'>illius</span> <span class='ocrx_word' id='word_1_131' title='bbox 461 1499 621 1539; x_wconf 89' lang='lat' dir='ltr'>adversi</span> <span class='ocrx_word' id='word_1_132' title='bbox 649 1515 755 1540; x_wconf 87' lang='lat' dir='ltr'>nunc</span> <span class='ocrx_word' id='word_1_133' title='bbox 786 1515 855 1540; x_wconf 89' lang='lat' dir='ltr'>ora</span> <span class='ocrx_word' id='word_1_134' title='bbox 882 1508 1065 1554; x_wconf 88' lang='lat' dir='ltr'>petamus</span> <span class='ocrx_word' id='word_1_135' title='bbox 1097 1508 1136 1541; x_wconf 87' lang='lat' dir='ltr'>et</span> <span class='ocrx_word' id='word_1_136' title='bbox 1166 1503 1323 1550; x_wconf 91' lang='lat' dir='ltr'>undam,</span> 
     </span>
    </p>
   </div>
   <div class='ocr_carea' id='block_1_3' title="bbox 214 1579 357 1586">
    <p class='ocr_par' dir='ltr' id='par_1_4' title="bbox 214 1579 357 1586">
     <span class='ocr_line' id='line_1_21' title="bbox 214 1579 357 1586; baseline 0 0"><span class='ocrx_word' id='word_1_137' title='bbox 214 1579 357 1586; x_wconf 95' lang='lat' dir='ltr'> </span> 
     </span>
    </p>
   </div>
   <div class='ocr_carea' id='block_1_4' title="bbox 358 1581 500 1585">
    <p class='ocr_par' dir='ltr' id='par_1_5' title="bbox 358 1581 500 1585">
     <span class='ocr_line' id='line_1_22' title="bbox 358 1581 500 1585; baseline 0 0"><span class='ocrx_word' id='word_1_138' title='bbox 358 1581 500 1585; x_wconf 95' lang='lat' dir='ltr'> </span> 
     </span>
    </p>
   </div>
   <div class='ocr_carea' id='block_1_5' title="bbox 309 1613 1131 1658">
    <p class='ocr_par' dir='ltr' id='par_1_6' title="bbox 309 1613 1131 1658">
     <span class='ocr_line' id='line_1_23' title="bbox 309 1613 1131 1658; baseline 0.002 -10"><span class='ocrx_word' id='word_1_139' title='bbox 309 1613 390 1650; x_wconf 90' lang='grc'>172.</span> <span class='ocrx_word' id='word_1_140' title='bbox 440 1613 590 1649; x_wconf 78' lang='lat' dir='ltr'>clamore</span> <span class='ocrx_word' id='word_1_141' title='bbox 614 1625 794 1658; x_wconf 76' lang='lat' dir='ltr'>supremo:</span> <span class='ocrx_word' id='word_1_142' title='bbox 821 1614 893 1651; x_wconf 88' lang='lat' dir='ltr'>vid.</span> <span class='ocrx_word' id='word_1_143' title='bbox 921 1615 971 1650; x_wconf 92' lang='lat' dir='ltr'>ad</span> <span class='ocrx_word' id='word_1_144' title='bbox 995 1615 1022 1657; x_wconf 85' lang='lat' dir='ltr'>I,</span> <span class='ocrx_word' id='word_1_145' title='bbox 1051 1615 1131 1650; x_wconf 83' lang='grc'>752.</span> 
     </span>
    </p>
   </div>
   <div class='ocr_carea' id='block_1_6' title="bbox 1715 343 1768 373">
    <p class='ocr_par' dir='ltr' id='par_1_7' title="bbox 1715 343 1768 373">
     <span class='ocr_line' id='line_1_24' title="bbox 1715 343 1768 373; baseline 0 0"><span class='ocrx_word' id='word_1_146' title='bbox 1715 343 1768 373; x_wconf 88' lang='grc'>170</span> 
     </span>
    </p>
   </div>
   <div class='ocr_carea' id='block_1_7' title="bbox 1715 663 1769 693">
    <p class='ocr_par' dir='ltr' id='par_1_8' title="bbox 1715 663 1769 693">
     <span class='ocr_line' id='line_1_25' title="bbox 1715 663 1769 693; baseline 0 0"><span class='ocrx_word' id='word_1_147' title='bbox 1715 663 1769 693; x_wconf 88' lang='grc'>175</span> 
     </span>
    </p>
   </div>
   <div class='ocr_carea' id='block_1_8' title="bbox 1714 997 1768 1027">
    <p class='ocr_par' dir='ltr' id='par_1_9' title="bbox 1714 997 1768 1027">
     <span class='ocr_line' id='line_1_26' title="bbox 1714 997 1768 1027; baseline 0.019 -1"><span class='ocrx_word' id='word_1_148' title='bbox 1714 997 1768 1027; x_wconf 84' lang='grc'>180</span> 
     </span>
    </p>
   </div>
   <div class='ocr_carea' id='block_1_9' title="bbox 1714 1317 1767 1346">
    <p class='ocr_par' dir='ltr' id='par_1_10' title="bbox 1714 1317 1767 1346">
     <span class='ocr_line' id='line_1_27' title="bbox 1714 1317 1767 1346; baseline 0 0"><span class='ocrx_word' id='word_1_149' title='bbox 1714 1317 1767 1346; x_wconf 89' lang='lat'>185</span> 
     </span>
    </p>
   </div>
   <div class='ocr_carea' id='block_1_10' title="bbox 309 1673 1711 1721">
    <p class='ocr_par' dir='ltr' id='par_1_11' title="bbox 309 1673 1711 1721">
     <span class='ocr_line' id='line_1_28' title="bbox 309 1673 1711 1721; baseline 0.001 -13"><span class='ocrx_word' id='word_1_150' title='bbox 309 1673 389 1709; x_wconf 86' lang='lat'>173.</span> <span class='ocrx_word' id='word_1_151' title='bbox 438 1675 478 1709; x_wconf 77' lang='lat' dir='ltr'>in</span> <span class='ocrx_word' id='word_1_152' title='bbox 501 1684 632 1709; x_wconf 79' lang='lat' dir='ltr'>vacuos</span> <span class='ocrx_word' id='word_1_153' title='bbox 657 1674 747 1709; x_wconf 76' lang='lat' dir='ltr'>dant</span> <span class='ocrx_word' id='word_1_154' title='bbox 769 1674 875 1710; x_wconf 74' lang='lat' dir='ltr'>verba</span> <span class='ocrx_word' id='word_1_155' title='bbox 898 1678 1016 1710; x_wconf 72' lang='lat' dir='ltr'>notos:</span> <span class='ocrx_word' id='word_1_156' title='bbox 1045 1674 1110 1710; x_wconf 87' lang='lat' dir='ltr'>cfr.</span> <span class='ocrx_word' id='word_1_157' title='bbox 1129 1675 1172 1720; x_wconf 91' lang='lat' dir='ltr'>V,</span> <span class='ocrx_word' id='word_1_158' title='bbox 1198 1675 1260 1718; x_wconf 82' lang='lat'>21;</span> <span class='ocrx_word' id='word_1_159' title='bbox 1287 1675 1394 1721; x_wconf 89' lang='lat' dir='ltr'>Verg.</span> <span class='ocrx_word' id='word_1_160' title='bbox 1415 1675 1506 1712; x_wconf 89' lang='lat' dir='ltr'>Aen.</span> <span class='ocrx_word' id='word_1_161' title='bbox 1532 1676 1597 1719; x_wconf 91' lang='lat' dir='ltr'>IX,</span> <span class='ocrx_word' id='word_1_162' title='bbox 1619 1675 1711 1716; x_wconf 83' lang='lat'><strong>312;</strong></span> 
     </span>
    </p>
   </div>
   <div class='ocr_carea' id='block_1_11' title="bbox 213 1732 1705 1899">
    <p class='ocr_par' dir='ltr' id='par_1_12' title="bbox 213 1732 1705 1899">
     <span class='ocr_line' id='line_1_29' title="bbox 213 1732 530 1775; baseline 0 -6"><span class='ocrx_word' id='word_1_163' title='bbox 213 1733 291 1769; x_wconf 80' lang='lat' dir='ltr'>Tib.</span> <span class='ocrx_word' id='word_1_164' title='bbox 317 1732 386 1774; x_wconf 87' lang='grc' dir='ltr'>ΙΙΙ,</span> <span class='ocrx_word' id='word_1_165' title='bbox 413 1733 445 1775; x_wconf 89' lang='lat'>4,</span> <span class='ocrx_word' id='word_1_166' title='bbox 473 1732 530 1769; x_wconf 87' lang='lat'>96.</span> 
     </span>
     <span class='ocr_line' id='line_1_30' title="bbox 310 1792 761 1829; baseline 0 -2"><span class='ocrx_word' id='word_1_167' title='bbox 310 1792 389 1828; x_wconf 84' lang='lat'>175.</span> <span class='ocrx_word' id='word_1_168' title='bbox 443 1792 516 1828; x_wconf 81' lang='lat' dir='ltr'>cfr.</span> <span class='ocrx_word' id='word_1_169' title='bbox 546 1794 591 1828; x_wconf 89' lang='lat' dir='ltr'>ad</span> <span class='ocrx_word' id='word_1_170' title='bbox 618 1805 652 1829; x_wconf 87' lang='lat' dir='ltr'>v.</span> <span class='ocrx_word' id='word_1_171' title='bbox 681 1793 761 1828; x_wconf 88' lang='grc'><strong>140.</strong></span> 
     </span>
     <span class='ocr_line' id='line_1_31' title="bbox 309 1852 1705 1899; baseline 0.002 -12"><span class='ocrx_word' id='word_1_172' title='bbox 309 1852 389 1888; x_wconf 90' lang='grc'><strong>178.</strong></span> <span class='ocrx_word' id='word_1_173' title='bbox 441 1852 612 1888; x_wconf 83' lang='lat' dir='ltr'>Omnes</span> <span class='ocrx_word' id='word_1_174' title='bbox 647 1852 765 1888; x_wconf 83' lang='lat' dir='ltr'>socios</span> <span class='ocrx_word' id='word_1_175' title='bbox 790 1852 948 1899; x_wconf 85' lang='lat' dir='ltr'>Erginus</span> <span class='ocrx_word' id='word_1_176' title='bbox 989 1853 1202 1899; x_wconf 85' lang='lat' dir='ltr'>alloquitur,</span> <span class='ocrx_word' id='word_1_177' title='bbox 1245 1854 1414 1890; x_wconf 85' lang='lat' dir='ltr'>nominat</span> <span class='ocrx_word' id='word_1_178' title='bbox 1439 1854 1559 1890; x_wconf 88' lang='lat' dir='ltr'>solum</span> <span class='ocrx_word' id='word_1_179' title='bbox 1583 1854 1705 1890; x_wconf 86' lang='lat' dir='ltr'>virum</span> 
     </span>
    </p>
   </div>
   <div class='ocr_carea' id='block_1_12' title="bbox 212 1911 1707 1961">
    <p class='ocr_par' dir='ltr' id='par_1_13' title="bbox 212 1911 1707 1961">
     <span class='ocr_line' id='line_1_32' title="bbox 212 1911 1707 1961; baseline 0.002 -15"><span class='ocrx_word' id='word_1_180' title='bbox 212 1911 452 1957; x_wconf 86' lang='lat' dir='ltr'>primarium;</span> <span class='ocrx_word' id='word_1_181' title='bbox 505 1911 571 1947; x_wconf 88' lang='lat' dir='ltr'>cfr.</span> <span class='ocrx_word' id='word_1_182' title='bbox 598 1912 710 1958; x_wconf 85' lang='lat' dir='ltr'>Verg.</span> <span class='ocrx_word' id='word_1_183' title='bbox 737 1912 830 1949; x_wconf 89' lang='lat' dir='ltr'>Aen.</span> <span class='ocrx_word' id='word_1_184' title='bbox 869 1913 898 1955; x_wconf 91' lang='lat' dir='ltr'>I,</span> <span class='ocrx_word' id='word_1_185' title='bbox 939 1914 1025 1961; x_wconf 80' lang='lat'>1403</span> <span class='ocrx_word' id='word_1_186' title='bbox 1076 1913 1139 1955; x_wconf 90' lang='lat' dir='ltr'>IX,</span> <span class='ocrx_word' id='word_1_187' title='bbox 1178 1913 1263 1956; x_wconf 82' lang='lat'>525;</span> <span class='ocrx_word' id='word_1_188' title='bbox 1314 1913 1394 1949; x_wconf 87' lang='lat' dir='ltr'>Tib.</span> <span class='ocrx_word' id='word_1_189' title='bbox 1422 1913 1451 1956; x_wconf 90' lang='lat' dir='ltr'>I,</span> <span class='ocrx_word' id='word_1_190' title='bbox 1479 1914 1511 1960; x_wconf 83' lang='lat'>3,</span> <span class='ocrx_word' id='word_1_191' title='bbox 1547 1914 1593 1961; x_wconf 80' lang='lat'>13</span> <span class='ocrx_word' id='word_1_192' title='bbox 1643 1913 1707 1950; x_wconf 88' lang='lat' dir='ltr'>Sil.</span> 
     </span>
    </p>
   </div>
   <div class='ocr_carea' id='block_1_13' title="bbox 207 1971 1704 2730">
    <p class='ocr_par' dir='ltr' id='par_1_14' title="bbox 214 1971 392 2017">
     <span class='ocr_line' id='line_1_33' title="bbox 214 1971 392 2017; baseline 0.006 -11"><span class='ocrx_word' id='word_1_193' title='bbox 214 1971 285 2017; x_wconf 82' lang='lat'>111,</span> <span class='ocrx_word' id='word_1_194' title='bbox 312 1971 392 2007; x_wconf 87' lang='grc'>222.</span> 
     </span>
    </p>

    <p class='ocr_par' dir='ltr' id='par_1_15' title="bbox 308 2030 1137 2074">
     <span class='ocr_line' id='line_1_34' title="bbox 308 2030 1137 2074; baseline 0.004 -8"><span class='ocrx_word' id='word_1_195' title='bbox 308 2030 386 2067; x_wconf 85' lang='lat'>185.</span> <span class='ocrx_word' id='word_1_196' title='bbox 438 2032 553 2067; x_wconf 78' lang='lat' dir='ltr'>exitus</span> <span class='ocrx_word' id='word_1_197' title='bbox 578 2032 713 2067; x_wconf 67' lang='grc' dir='ltr'>Ηῖετήῑ</span> <span class='ocrx_word' id='word_1_198' title='bbox 742 2031 808 2068; x_wconf 83' lang='lat' dir='ltr'>cfr.</span> <span class='ocrx_word' id='word_1_199' title='bbox 836 2032 942 2070; x_wconf 89' lang='lat' dir='ltr'>Lucr.</span> <span class='ocrx_word' id='word_1_200' title='bbox 969 2032 1029 2074; x_wconf 84' lang='lat' dir='ltr'>VI,</span> <span class='ocrx_word' id='word_1_201' title='bbox 1058 2033 1137 2069; x_wconf 85' lang='grc'>727.</span> 
     </span>
    </p>

    <p class='ocr_par' dir='ltr' id='par_1_16' title="bbox 209 2089 1704 2372">
     <span class='ocr_line' id='line_1_35' title="bbox 307 2089 1702 2139; baseline 0.003 -15"><span class='ocrx_word' id='word_1_202' title='bbox 307 2090 386 2126; x_wconf 86' lang='grc'><strong>186.</strong></span> <span class='ocrx_word' id='word_1_203' title='bbox 435 2089 521 2126; x_wconf 87' lang='lat' dir='ltr'>Non</span> <span class='ocrx_word' id='word_1_204' title='bbox 545 2091 675 2137; x_wconf 80' lang='lat' dir='ltr'>liquet⁷</span> <span class='ocrx_word' id='word_1_205' title='bbox 708 2091 807 2127; x_wconf 89' lang='lat' dir='ltr'>unde</span> <span class='ocrx_word' id='word_1_206' title='bbox 833 2091 993 2137; x_wconf 81' lang='lat' dir='ltr'>Erginus</span> <span class='ocrx_word' id='word_1_207' title='bbox 1026 2092 1194 2138; x_wconf 84' lang='lat' dir='ltr'>accipere</span> <span class='ocrx_word' id='word_1_208' title='bbox 1225 2093 1392 2138; x_wconf 87' lang='lat' dir='ltr'>potuerit</span> <span class='ocrx_word' id='word_1_209' title='bbox 1429 2094 1575 2139; x_wconf 79' lang='lat' dir='ltr'>septem</span> <span class='ocrx_word' id='word_1_210' title='bbox 1602 2093 1702 2129; x_wconf 83' lang='lat' dir='ltr'>ostiis</span> 
     </span>
     <span class='ocr_line' id='line_1_36' title="bbox 210 2149 1704 2198; baseline 0.003 -14"><span class='ocrx_word' id='word_1_211' title='bbox 210 2149 378 2184; x_wconf 82' lang='lat' dir='ltr'>Histrum</span> <span class='ocrx_word' id='word_1_212' title='bbox 402 2150 441 2184; x_wconf 92' lang='lat' dir='ltr'>in</span> <span class='ocrx_word' id='word_1_213' title='bbox 465 2161 568 2186; x_wconf 85' lang='lat' dir='ltr'>mare</span> <span class='ocrx_word' id='word_1_214' title='bbox 596 2150 695 2186; x_wconf 83' lang='lat' dir='ltr'>exire</span> <span class='ocrx_word' id='word_1_215' title='bbox 721 2151 834 2196; x_wconf 87' lang='lat' dir='ltr'>atque</span> <span class='ocrx_word' id='word_1_216' title='bbox 860 2151 1097 2196; x_wconf 82' lang='lat' dir='ltr'>Argonautas</span> <span class='ocrx_word' id='word_1_217' title='bbox 1129 2163 1238 2198; x_wconf 88' lang='lat' dir='ltr'>posse</span> <span class='ocrx_word' id='word_1_218' title='bbox 1263 2163 1328 2197; x_wconf 92' lang='lat' dir='ltr'>per</span> <span class='ocrx_word' id='word_1_219' title='bbox 1365 2153 1463 2188; x_wconf 88' lang='lat' dir='ltr'>hunc</span> <span class='ocrx_word' id='word_1_220' title='bbox 1488 2152 1641 2188; x_wconf 85' lang='lat' dir='ltr'>fluvium</span> <span class='ocrx_word' id='word_1_221' title='bbox 1664 2152 1704 2187; x_wconf 86' lang='lat' dir='ltr'>in</span> 
     </span>
     <span class='ocr_line' id='line_1_37' title="bbox 211 2208 1702 2258; baseline 0.002 -15"><span class='ocrx_word' id='word_1_222' title='bbox 211 2208 314 2243; x_wconf 86' lang='lat' dir='ltr'>aliud</span> <span class='ocrx_word' id='word_1_223' title='bbox 350 2220 454 2245; x_wconf 89' lang='lat' dir='ltr'>mare</span> <span class='ocrx_word' id='word_1_224' title='bbox 491 2210 663 2246; x_wconf 86' lang='lat' dir='ltr'>transire.</span> <span class='ocrx_word' id='word_1_225' title='bbox 730 2210 883 2246; x_wconf 79' lang='lat' dir='ltr'>Rectius</span> <span class='ocrx_word' id='word_1_226' title='bbox 920 2222 1000 2246; x_wconf 85' lang='lat' dir='ltr'>rem</span> <span class='ocrx_word' id='word_1_227' title='bbox 1037 2211 1153 2256; x_wconf 82' lang='lat' dir='ltr'>gessit</span> <span class='ocrx_word' id='word_1_228' title='bbox 1189 2211 1416 2257; x_wconf 86' lang='lat' dir='ltr'>Apollonius,</span> <span class='ocrx_word' id='word_1_229' title='bbox 1455 2212 1556 2257; x_wconf 83' lang='lat' dir='ltr'>apud</span> <span class='ocrx_word' id='word_1_230' title='bbox 1590 2223 1702 2258; x_wconf 91' lang='lat' dir='ltr'>quem</span> 
     </span>
     <span class='ocr_line' id='line_1_38' title="bbox 210 2268 1700 2313; baseline 0.002 -10"><span class='ocrx_word' id='word_1_231' title='bbox 210 2271 329 2313; x_wconf 86' lang='lat' dir='ltr'>Argus</span> <span class='ocrx_word' id='word_1_232' title='bbox 355 2268 709 2305; x_wconf 87' lang='lat' dir='ltr'>vaticinatione</span> <span class='ocrx_word' id='word_1_233' title='bbox 736 2270 864 2305; x_wconf 87' lang='lat' dir='ltr'>doctus</span> <span class='ocrx_word' id='word_1_234' title='bbox 891 2270 1008 2306; x_wconf 87' lang='lat' dir='ltr'>socios</span> <span class='ocrx_word' id='word_1_235' title='bbox 1034 2272 1171 2313; x_wconf 87' lang='lat' dir='ltr'>monet,</span> <span class='ocrx_word' id='word_1_236' title='bbox 1198 2272 1241 2306; x_wconf 93' lang='lat' dir='ltr'>ut</span> <span class='ocrx_word' id='word_1_237' title='bbox 1267 2271 1341 2307; x_wconf 87' lang='lat' dir='ltr'>alia</span> <span class='ocrx_word' id='word_1_238' title='bbox 1365 2271 1428 2306; x_wconf 84' lang='lat' dir='ltr'>via</span> <span class='ocrx_word' id='word_1_239' title='bbox 1452 2271 1612 2307; x_wconf 88' lang='lat' dir='ltr'>redeant</span> <span class='ocrx_word' id='word_1_240' title='bbox 1637 2270 1700 2312; x_wconf 84' lang='lat' dir='ltr'>IV,</span> 
     </span>
     <span class='ocr_line' id='line_1_39' title="bbox 209 2327 407 2372; baseline 0.01 -10"><span class='ocrx_word' id='word_1_241' title='bbox 209 2327 279 2362; x_wconf 84' lang='lat'>256</span> <span class='ocrx_word' id='word_1_242' title='bbox 306 2339 407 2372; x_wconf 86' lang='lat' dir='ltr'>seqq.</span> 
     </span>
    </p>

    <p class='ocr_par' dir='ltr' id='par_1_17' title="bbox 303 2389 1368 2431">
     <span class='ocr_line' id='line_1_40' title="bbox 303 2389 1368 2431; baseline 0.002 -9"><span class='ocrx_word' id='word_1_243' title='bbox 303 2398 377 2422; x_wconf 74' lang='lat' dir='ltr'>non</span> <span class='ocrx_word' id='word_1_244' title='bbox 400 2398 471 2422; x_wconf 78' lang='lat' dir='ltr'>uno</span> <span class='ocrx_word' id='word_1_245' title='bbox 498 2408 543 2414; x_wconf 82' lang='lat'>-</span> <span class='ocrx_word' id='word_1_246' title='bbox 569 2398 690 2430; x_wconf 78' lang='lat' dir='ltr'>cornu,</span> <span class='ocrx_word' id='word_1_247' title='bbox 715 2389 738 2425; x_wconf 90' lang='lat' dir='ltr'>i.</span> <span class='ocrx_word' id='word_1_248' title='bbox 767 2399 795 2424; x_wconf 90' lang='lat' dir='ltr'>e.</span> <span class='ocrx_word' id='word_1_249' title='bbox 824 2401 897 2431; x_wconf 88' lang='lat' dir='ltr'>ore,</span> <span class='ocrx_word' id='word_1_250' title='bbox 924 2390 967 2424; x_wconf 91' lang='lat' dir='ltr'>ut</span> <span class='ocrx_word' id='word_1_251' title='bbox 994 2389 1058 2425; x_wconf 85' lang='lat' dir='ltr'>Ov.</span> <span class='ocrx_word' id='word_1_252' title='bbox 1085 2391 1173 2426; x_wconf 88' lang='lat' dir='ltr'>met.</span> <span class='ocrx_word' id='word_1_253' title='bbox 1201 2390 1261 2431; x_wconf 87' lang='lat' dir='ltr'>IX,</span> <span class='ocrx_word' id='word_1_254' title='bbox 1291 2390 1368 2425; x_wconf 85' lang='lat'>773.</span> 
     </span>
    </p>

    <p class='ocr_par' dir='ltr' id='par_1_18' title="bbox 305 2445 1332 2492">
     <span class='ocr_line' id='line_1_41' title="bbox 305 2445 1332 2492; baseline 0.002 -11"><span class='ocrx_word' id='word_1_255' title='bbox 305 2445 383 2481; x_wconf 87' lang='grc'><strong>187.</strong></span> <span class='ocrx_word' id='word_1_256' title='bbox 433 2445 489 2482; x_wconf 93' lang='lat' dir='ltr'>De</span> <span class='ocrx_word' id='word_1_257' title='bbox 515 2450 661 2492; x_wconf 87' lang='lat' dir='ltr'>septem</span> <span class='ocrx_word' id='word_1_258' title='bbox 686 2447 803 2482; x_wconf 87' lang='lat' dir='ltr'>Histri</span> <span class='ocrx_word' id='word_1_259' title='bbox 828 2448 952 2483; x_wconf 89' lang='lat' dir='ltr'>oribus</span> <span class='ocrx_word' id='word_1_260' title='bbox 978 2449 1063 2484; x_wconf 88' lang='lat' dir='ltr'>vide</span> <span class='ocrx_word' id='word_1_261' title='bbox 1090 2449 1138 2483; x_wconf 90' lang='lat' dir='ltr'>ad</span> <span class='ocrx_word' id='word_1_262' title='bbox 1163 2449 1225 2490; x_wconf 85' lang='lat' dir='ltr'>IV,</span> <span class='ocrx_word' id='word_1_263' title='bbox 1254 2448 1332 2484; x_wconf 89' lang='lat'>718.</span> 
     </span>
    </p>

    <p class='ocr_par' dir='ltr' id='par_1_19' title="bbox 207 2505 1701 2730">
     <span class='ocr_line' id='line_1_42' title="bbox 306 2505 1701 2552; baseline 0.002 -11"><span class='ocrx_word' id='word_1_264' title='bbox 306 2505 383 2541; x_wconf 86' lang='lat'>188.</span> <span class='ocrx_word' id='word_1_265' title='bbox 427 2510 594 2551; x_wconf 73' lang='lat' dir='ltr'>petamus</span> <span class='ocrx_word' id='word_1_266' title='bbox 612 2527 654 2532; x_wconf 88' lang='lat'>—</span> <span class='ocrx_word' id='word_1_267' title='bbox 674 2507 817 2548; x_wconf 74' lang='lat' dir='ltr'>undam,</span> <span class='ocrx_word' id='word_1_268' title='bbox 845 2518 934 2552; x_wconf 79' lang='lat' dir='ltr'>quae</span> <span class='ocrx_word' id='word_1_269' title='bbox 959 2508 1053 2543; x_wconf 78' lang='lat' dir='ltr'>latus</span> <span class='ocrx_word' id='word_1_270' title='bbox 1076 2509 1116 2543; x_wconf 79' lang='lat' dir='ltr'>in</span> <span class='ocrx_word' id='word_1_271' title='bbox 1141 2509 1276 2544; x_wconf 81' lang='lat' dir='ltr'>laevum</span> <span class='ocrx_word' id='word_1_272' title='bbox 1294 2509 1401 2552; x_wconf 77' lang='lat' dir='ltr'>ponti</span> <span class='ocrx_word' id='word_1_273' title='bbox 1425 2507 1538 2550; x_wconf 74' lang='lat' dir='ltr'>cadit;</span> <span class='ocrx_word' id='word_1_274' title='bbox 1566 2508 1701 2545; x_wconf 86' lang='lat' dir='ltr'>suadet</span> 
     </span>
     <span class='ocr_line' id='line_1_43' title="bbox 208 2564 1699 2612; baseline 0.002 -12"><span class='ocrx_word' id='word_1_275' title='bbox 208 2564 375 2611; x_wconf 87' lang='lat' dir='ltr'>Erginus,</span> <span class='ocrx_word' id='word_1_276' title='bbox 402 2566 446 2600; x_wconf 91' lang='lat' dir='ltr'>ut</span> <span class='ocrx_word' id='word_1_277' title='bbox 471 2565 726 2601; x_wconf 88' lang='lat' dir='ltr'>subvehantur</span> <span class='ocrx_word' id='word_1_278' title='bbox 751 2566 789 2600; x_wconf 91' lang='lat' dir='ltr'>in</span> <span class='ocrx_word' id='word_1_279' title='bbox 814 2565 853 2600; x_wconf 88' lang='lat' dir='ltr'>id</span> <span class='ocrx_word' id='word_1_280' title='bbox 879 2566 1030 2608; x_wconf 87' lang='lat' dir='ltr'>ostium,</span> <span class='ocrx_word' id='word_1_281' title='bbox 1058 2567 1157 2612; x_wconf 87' lang='lat' dir='ltr'>quod</span> <span class='ocrx_word' id='word_1_282' title='bbox 1180 2567 1441 2612; x_wconf 82' lang='lat' dir='ltr'>navigantibus</span> <span class='ocrx_word' id='word_1_283' title='bbox 1465 2567 1616 2603; x_wconf 73' lang='lat' dir='ltr'>laevum</span> <span class='ocrx_word' id='word_1_284' title='bbox 1642 2569 1699 2604; x_wconf 77' lang='lat' dir='ltr'>est</span> 
     </span>
     <span class='ocr_line' id='line_1_44' title="bbox 207 2624 1696 2663; baseline 0.002 -3"><span class='ocrx_word' id='word_1_285' title='bbox 207 2624 231 2660; x_wconf 89' lang='lat' dir='ltr'>i.</span> <span class='ocrx_word' id='word_1_286' title='bbox 258 2635 290 2661; x_wconf 89' lang='lat' dir='ltr'>e.</span> <span class='ocrx_word' id='word_1_287' title='bbox 314 2624 476 2660; x_wconf 86' lang='lat' dir='ltr'>maxime</span> <span class='ocrx_word' id='word_1_288' title='bbox 502 2625 550 2660; x_wconf 87' lang='lat' dir='ltr'>ad</span> <span class='ocrx_word' id='word_1_289' title='bbox 574 2624 770 2661; x_wconf 87' lang='lat' dir='ltr'>meridiem</span> <span class='ocrx_word' id='word_1_290' title='bbox 795 2636 922 2660; x_wconf 83' lang='lat' dir='ltr'>versus</span> <span class='ocrx_word' id='word_1_291' title='bbox 947 2626 985 2660; x_wconf 90' lang='lat' dir='ltr'>in</span> <span class='ocrx_word' id='word_1_292' title='bbox 1009 2637 1113 2662; x_wconf 87' lang='lat' dir='ltr'>mare</span> <span class='ocrx_word' id='word_1_293' title='bbox 1140 2626 1226 2662; x_wconf 85' lang='lat' dir='ltr'>exit.</span> <span class='ocrx_word' id='word_1_294' title='bbox 1264 2626 1348 2662; x_wconf 90' lang='lat' dir='ltr'>Non</span> <span class='ocrx_word' id='word_1_295' title='bbox 1373 2627 1474 2662; x_wconf 85' lang='lat' dir='ltr'>recte</span> <span class='ocrx_word' id='word_1_296' title='bbox 1499 2627 1696 2663; x_wconf 80' lang='lat' dir='ltr'>intellexe-</span> 
     </span>
     <span class='ocr_line' id='line_1_45' title="bbox 207 2684 972 2730; baseline 0.001 -11"><span class='ocrx_word' id='word_1_297' title='bbox 207 2685 295 2719; x_wconf 89' lang='lat' dir='ltr'>runt</span> <span class='ocrx_word' id='word_1_298' title='bbox 320 2684 441 2720; x_wconf 89' lang='lat' dir='ltr'>locum</span> <span class='ocrx_word' id='word_1_299' title='bbox 466 2684 633 2730; x_wconf 88' lang='lat' dir='ltr'>Wagner</span> <span class='ocrx_word' id='word_1_300' title='bbox 658 2686 696 2720; x_wconf 81' lang='lat' dir='ltr'>et</span> <span class='ocrx_word' id='word_1_301' title='bbox 721 2684 927 2721; x_wconf 90' lang='lat' dir='ltr'>Burmann.</span> <span class='ocrx_word' id='word_1_302' title='bbox 969 2701 972 2703; x_wconf 93' lang='lat'>·</span> 
     </span>
    </p>
   </div>
   <div class='ocr_carea' id='block_1_14' title="bbox 1825 1595 1890 3100">
    <p class='ocr_par' dir='ltr' id='par_1_20' title="bbox 1825 1595 1890 3100">
     <span class='ocr_line' id='line_1_46' title="bbox 1825 1595 1890 3100; baseline 0 0"><span class='ocrx_word' id='word_1_303' title='bbox 1825 1595 1890 3100; x_wconf 95' lang='lat' dir='ltr'> </span> 
     </span>
    </p>
   </div>
  </div>
 </body>
</html>
