1890 3100
210 234 296 276 446
735 232 774 271 C.
799 233 980 268 VALERI
1006 233 1180 269 FLACCI

317 357 425 390 tecta
452 352 566 403 petit.
623 352 711 390 visa
738 352 969 391 iamdudum
997 353 1152 404 prosilit
1181 353 1271 391 altis

319 416 412 455 diva
439 417 536 455 toris
565 417 854 470 volucrumque
884 419 1084 457 exercitus
1115 419 1241 457 omnis
1271 419 1475 457 Amorum.

319 496 365 520 ac
394 482 501 533 prior
528 482 632 520 hanc
661 483 828 534 placidis
859 484 1030 535 supplex
1061 484 1248 522 Saturnia
1278 483 1392 523 dictis

319 547 552 598 adgreditur
579 562 698 587 veros
727 555 912 588 metuens
942 550 1101 601 aperire·
1126 550 1303 588 timores.

319 613 370 650 ‘in
398 613 581 652 manibus
613 627 704 665 spes
733 620 870 653 nostra
896 616 976 653 tuis
1007 616 1214 667 omnisque
1243 621 1423 667 potestas
1704 635 1759 666 4⁶0

316 678 434 716 nunc*
465 679 536 727 ait3
569 679 656 717 ‘hoc
686 680 806 718 etiam
836 681 962 731 magis
993 681 1123 719 adnue
1153 694 1250 719 vera
1278 681 1430 719 fatenti.

318 743 439 782 durus
469 750 513 782 ut
540 744 742 796 Argolicis
771 746 1007 797 Tirynthius
1038 746 1197 784 exsulat
1227 746 1316 793 oris,

319 822 432 847 mens
462 810 559 848 mihi
587 824 668 848 non
698 810 839 849 eadem
868 811 975 849 Iovis
1006 817 1127 864 atque
1157 811 1328 850 adversa
1356 812 1556 860 voluntas,

318 874 454 912 nullus
483 875 611 913 honor
638 875 826 914 thalamis
855 876 1090 915 flammaeve
1120 878 1161 914 in
1190 882 1308 916 nocte
1337 877 1503 929 priores.

319 939 381 988 da,
411 953 564 991 precor,
596 941 757 978 artificis
787 940 936 979 blanda
965 940 1233 993 adspiramina
1261 943 1413 981 formae
1703 956 1758 986 465

319 1011 563 1057 ornatusque
592 1012 683 1044 tuos
712 1011 820 1044 terra
849 1006 1043 1059 caeloque
1072 1007 1283 1058 potentes’.

321 1071 446 1108 sensit
476 1069 570 1108 diva
598 1070 712 1109 dolos
742 1071 820 1109 iam
849 1071 1001 1123 pridem
1034 1077 1175 1123 sponte
1204 1073 1415 1125 requirens

212 1217 322 1251 quem
349 1207 388 1242 et
412 1207 505 1242 Iuno
548 1208 587 1242 et
612 1206 782 1242 Minerva
807 1207 993 1244 Venerem
1031 1208 1172 1244 adeunt
1210 1210 1321 1255 atque
1358 1220 1486 1245 veram
1523 1209 1709 1245 rationem

211 1266 306 1301 Iuno
333 1266 466 1311 aperit,
511 1266 622 1302 simul
645 1268 791 1312 petens,
830 1269 872 1302 ut
897 1267 1022 1303 Venus
1063 1268 1180 1303 filium
1218 1280 1324 1304 suum
1360 1269 1509 1305 iuberet
1545 1269 1708 1314 sagittae

211 1325 369 1361 vulnere
387 1326 561 1362 Medeam
588 1327 633 1361 ad
660 1337 825 1362 amorem
842 1326 987 1362 Iasonis
1012 1327 1246 1364 inflammare
1264 1327 1331 1370 ΙΙΙ,
1360 1329 1379 1363 1
1406 1339 1518 1374 seqq.;
1546 1328 1614 1364 cfr.
1641 1328 1708 1365 Ov.

211 1395 256 1420 ex
280 1384 403 1420 Ponto
428 1384 498 1426 ΙΙΙ,
526 1385 557 1427 3,
586 1385 642 1420 80.
687 1385 817 1430 Neque
843 1385 992 1422 silentio
1017 1387 1344 1432 praetereundum,
1373 1387 1472 1433 quod
1490 1375 1705 1434 Apollo‘nffi's

210 1444 281 1479 hac
308 1444 501 1480 occasione
527 1457 613 1479 usus
641 1445 698 1480 est
723 1445 772 1480 ad
798 1445 1066 1491 lepidissimam
1090 1446 1345 1482 narrationem
1371 1447 1419 1482 de
1446 1446 1627 1492 Cupidine
1667 1448 1707 1483 et

212 1502 431 1551 Ganymede
455 1504 608 1540 tesseris
634 1504 850 1540 ludentibus
875 1505 1127 1543 inserendam.

304 1564 459 1599 recentia
482 1565 586 1599 sertis
610 1567 701 1599 tecta
727 1564 893 1609 eleganti
918 1564 1109 1600 brevitate
1135 1564 1277 1599 dictum
1307 1577 1376 1611 pro
1412 1565 1524 1601 tectis
1563 1566 1703 1602 ornatis

209 1622 425 1658 recentibus
451 1623 578 1659 sertis:
622 1623 687 1658 cfr.
714 1623 824 1668 Verg.
856 1624 943 1659 Aen.
970 1624 1032 1665 ΙΧ,
1071 1624 1141 1658 454
1167 1635 1242 1669 seq.
1271 1625 1394 1670 ingene
1430 1635 1623 1660 eonem-eus
1658 1625 1708 1661 aa

212 1682 295 1726 ipsa
319 1693 473 1727 corpora
498 1703 543 1708 —-
569 1683 758 1728 tepidaque
781 1687 950 1718 recentem
975 1684 1079 1718 caede
1105 1685 1228 1720 locum.

306 1747 385 1783 456.
437 1748 645 1783 iamdudum
669 1748 693 1784 i.
720 1759 752 1784 e.
779 1748 918 1789 statim,
946 1750 988 1783 ut
1012 1748 1113 1783 infra
1139 1749 1225 1789 604;
1253 1748 1319 1784 cfr.
1348 1749 1397 1784 ad
1422 1749 1491 1792 ΙΙΙ,
1518 1749 1600 1786 235.

306 1813 387 1848 457.
413 1813 503 1848 Noti
520 1814 607 1848 sunt
625 1813 853 1849 Graecorum
865 1809 1023 1860 Ἔρωτες,
1051 1813 1250 1859 Cupidines
1269 1814 1488 1850 Latinorum
1503 1816 1710 1861 poetarum,

211 1872 254 1906 ut
279 1872 358 1909 eat.
385 1872 455 1917 ΙΠ,
484 1873 521 1916 1³
549 1872 651 1914 xm,
679 1873 742 1915 12;
782 1873 868 1908 Hor.
896 1885 924 1908 0.
952 1873 980 1918 1,
1008 1873 1062 1915 19,
1090 1874 1127 1915 1;
1165 1873 1227 1915 IV,
1267 1874 1297 1914 1,
1337 1874 1375 1916 5;
1415 1873 1494 1921 (Sil.
1518 1874 1582 1916 XI,
1609 1866 1710 1922 3883)

211 1931 322 1967 Mart.
355 1932 420 1973 IX,
450 1932 504 1973 11,
531 1932 569 1974 93
604 1932 666 1978 XI,
695 1933 749 1974 13,
777 1933 810 1970 6.
852 1933 961 1978 Apud
986 1932 1177 1975 Valerium
1214 1934 1314 1969 totus
1352 1934 1410 1969 est
1449 1933 1634 1970 exercitus
1671 1934 1711 1970 et

213 1991 311 2036 apud
339 1991 432 2026 Stat.
461 1991 540 2028 silv.
567 1992 596 2033 Ι,
625 1993 655 2032 2,
683 1992 728 2026 54
756 2003 910 2037 agmen;
951 1994 1016 2030 cfr.
1045 1992 1172 2029 Claud.
1200 1992 1353 2038 epithal.
1379 1992 1473 2028 Hon.
1513 1992 1559 2027 72
1595 2003 1708 2038 seqq„

213 2050 275 2094 qui
301 2050 500 2086 discrimen
526 2051 618 2086 facit
643 2052 742 2087 inter
769 2051 999 2097 Cupidinem,
1028 2052 1144 2086 filium
1169 2051 1334 2092 Veneris,
1363 2053 1402 2087 et
1425 2052 1590 2094 Amores,
1617 2052 1711 2088 filios

213 2108 483 2154 Nympharum.

308 2168 389 2205 462.
439 2170 618 2214 Aryolicis
642 2191 687 2195 —
713 2171 833 2205 exulat
858 2171 947 2215 orz'33
975 2170 1041 2209 cfr.
1067 2170 1177 2216 Verg.
1206 2182 1334 2216 georg.
1360 2170 1430 2212 ΙΠ,
1456 2170 1536 2206 225.

308 2227 389 2262 463.
439 2229 590 2263 adversa
614 2230 779 2265 voluntas
805 2230 923 2274 codd„
962 2229 1060 2275 quod
1085 2241 1159 2265 non
1197 2230 1419 2265 mutandum
1443 2229 1592 2281 videtur
1627 2229 1709 2266 coll.

214 2286 327 2332 Verg.
354 2287 446 2322 Aen.
473 2287 555 2330 ΧΠ,
581 2288 660 2322 647.

308 2345 389 2382 465.
440 2347 591 2389 artificis
617 2348 749 2382 blanda
775 2348 1023 2392 adspiramina
1045 2348 1183 2391 formae
1220 2348 1243 2384 i.
1283 2359 1314 2384 e.
1341 2347 1485 2384 formae
1509 2347 1709 2384 artificiose

215 2405 420 2449 confectae,
447 2417 521 2451 qua
541 2406 755 2451 adspiratur
773 2407 914 2451 aliquid
931 2407 1072 2449 blandi,
1100 2419 1148 2443 sc.
1168 2419 1289 2450 amor;
1309 2408 1367 2443 est
1383 2408 1494 2443 notus
1511 2407 1576 2443 ille
1595 2407 1710 2450 κεστὸς

213 2466 292 2511 ἱμάς
316 2464 469 2501 Homeri
494 2465 536 2500 Il.
564 2465 660 2506 XIV,
688 2466 767 2501 214.

313 2524 393 2560 467.
443 2526 554 2560 sensit
578 2524 662 2559 diva
687 2525 799 2560 dolos:
838 2524 877 2559 in
903 2526 974 2560 hac
999 2537 1039 2561 re
1066 2525 1237 2561 discessit
1261 2525 1430 2561 Valerius
1462 2525 1510 2560 ab
1535 2525 1708 2569 Homero,

220 2584 320 2629 apud
346 2595 456 2629 quem
474 2583 598 2619 Venus
623 2583 859 2619 mendacium
886 2583 1036 2620 Iunonis
1062 2585 1272 2630 perspicere
1297 2596 1372 2620 non
1394 2583 1552 2620 videtur.
1591 2585 1710 2631 Atque

219 2642 361 2678 licebat
385 2643 535 2679 Va.erio
563 2643 755 2679 discedere
783 2642 956 2689 (fortasse
982 2645 1130 2679 secutus
1162 2645 1218 2680 est
1242 2644 1353 2689 Verg.
1372 2645 1462 2680 Aen.
1487 2643 1549 2686 IV,
1576 2643 1645 2680 105
1669 2644 1710 2680 et

222 2701 318 2747 128),
347 2702 523 2747 quoniam
539 2703 664 2738 Venus
683 2702 797 2738 etiam
816 2696 1015 2748 perspecto
1035 2703 1120 2738 dolo
1139 2703 1361 2739 obsecutura
1380 2704 1438 2738 est
1454 2703 1595 2742 Iunoni,
1622 2702 1707 2739 odio
