1890 3100
597 214 987 251 ARGONAVTIGON
1014 214 1162 250 LIBER
1187 215 1230 251 V.
1568 214 1661 259 395

282 349 364 374 non
392 349 491 387 opus
520 335 668 374 auxilio
698 335 860 373 Colchis
888 348 964 373 nec
991 332 1156 373 foedere
1184 339 1331 380 vestro,

281 408 323 440 et
349 401 502 439 Persen
531 400 649 438 simul
677 407 718 438 et
744 401 904 451 Minyas
934 399 1185 450 deposcimus
1214 399 1363 436 hostes.

282 467 378 518 quin
406 479 481 517 age
512 465 625 518 (quid
652 471 787 504 tantae
817 470 963 503 coeunt
988 465 1029 502 in
1058 463 1212 515 proelia
1239 462 1410 514 gentes?
1668 470 1723 500 635

281 530 377 583 quid
403 537 496 569 tuus
524 529 794 581 Aesonides?)
822 530 925 567 imus
953 542 1038 576 neS,
1068 529 1248 580 protinus
1276 528 1378 566 imus

280 597 320 634 in
349 609 490 635 nemus
520 595 735 634 auriferum
763 600 804 633 et
832 594 999 646 sumptis
1019 593 1270 632 decernimus
1299 591 1449 631 armis?

280 662 359 700 iam
387 667 431 699 tu
459 660 546 699 sola
572 660 666 712 polo
693 660 824 698 tacitis
852 659 1016 711 inopina
1044 658 1222 697 tenebris

279 726 435 774 labere3
466 731 637 778 quantus
665 725 720 763 ibi
749 724 848 763 deus
878 725 1086 776 experiere
1116 737 1191 762 nec
1219 723 1310 762 illas

282 790 483 830 adstiteris
510 792 672 842 impune
700 789 847 828 trabes.
904 803 956 827 an
982 789 1128 828 Martia
1155 788 1306 840 templa
1666 794 1720 824 640

279 855 553 895 intemeranda
580 855 722 902 minus,
750 860 906 893 tantum
934 855 1031 893 mihi
1058 854 1173 892 lucus
1203 859 1243 892 et
1272 867 1397 905 agger

179 999 244 1035 cfr.
269 997 374 1039 vm,
399 997 486 1039 4383
512 996 607 1042 Hyg.
633 997 710 1032 fab.
736 996 782 1031 22
807 995 936 1031 fanum
960 995 1129 1031 nominat
1153 995 1295 1037 Martis,
1330 995 1499 1041 Aponod.
1525 995 1555 1036 Ι,
1586 995 1619 1037 8,
1646 995 1671 1030 6

167 1047 291 1103 Ἀρεος
315 1056 423 1102 ἄλσος,
449 1056 556 1092 Diod.
582 1056 646 1101 IV,
672 1055 717 1090 47
739 1052 857 1101 'Apeoc
879 1056 973 1100 ἱερόν.

269 1128 350 1164 633.
397 1127 537 1170 foedere
561 1131 675 1163 vestro
698 1127 723 1163 i.
749 1138 780 1162 e.
795 1126 938 1163 Iasonis
958 1127 996 1162 et
1013 1126 1215 1169 Minervae,
1248 1136 1359 1170 quam
1376 1127 1618 1171 praesentem
1645 1136 1670 1160 a

174 1188 291 1234 poeta
328 1186 484 1232 cogitari
517 1197 562 1222 ex
588 1187 644 1221 his
669 1186 790 1221 verbis
817 1187 992 1231 apparet3
1032 1185 1148 1221 etiam
1174 1196 1228 1230 ea,
1255 1196 1349 1230 quae
1374 1186 1587 1230 sequuntur,
1616 1184 1670 1219 ad

175 1246 388 1282 Minervam
414 1257 612 1281 conversus
637 1245 737 1280 Mars
763 1245 864 1280 dicit.

271 1317 351 1353 635.
400 1317 573 1352 Editores
599 1318 638 1351 et
662 1316 889 1361 interpretes
913 1315 1011 1361 fugit
1034 1315 1120 1360 quid
1144 1335 1180 1341 -
1219 1315 1415 1350 Aesonides
1437 1326 1507 1360 per
1530 1325 1668 1360 paren-

174 1376 303 1412 thesin
328 1387 408 1412 esse
433 1374 544 1417 dicta,
573 1381 608 1411 et
632 1377 719 1420 qui-n
743 1386 807 1421 aye
834 1375 949 1411 verba
974 1387 1056 1410 cum
1082 1376 1173 1410 imus
1197 1385 1263 1410 nos
1288 1374 1565 1419 coniungenda:
1594 1385 1670 1410 non

177 1446 268 1481 opus
306 1436 373 1477 est,
410 1435 532 1480 inquit
571 1435 677 1471 Mars.
716 1436 848 1479 gentes
884 1435 1013 1469 tantas
1056 1435 1095 1470 et
1131 1434 1369 1479 Argonautas
1406 1432 1446 1468 in
1480 1433 1670 1478 proelium

178 1494 419 1535 descendere
445 1494 534 1539 quin
558 1505 635 1535 nos,
662 1496 704 1528 tu
731 1495 770 1529 et
794 1505 875 1539 ego
901 1493 1014 1528 armis
1038 1493 1077 1528 in
1102 1505 1186 1529 meo
1202 1493 1288 1528 luco
1306 1504 1387 1528 rem
1411 1492 1669 1528 decernimus?

224 1595 227 1597 .
270 1564 351 1602 638,
400 1564 537 1600 Versus
555 1565 747 1606 obscurus;
776 1564 946 1605 editores
974 1566 1018 1598 ut
1042 1563 1122 1600 fere
1147 1564 1199 1605 fit
1226 1564 1355 1599 tacent
1373 1564 1527 1609 praeter
1550 1563 1669 1609 Wag-

177 1635 317 1666 nerum,
356 1623 419 1669 qui
441 1624 554 1669 longe
580 1635 602 1658 a
627 1635 716 1659 vero
749 1625 851 1659 certe
877 1623 1068 1659 aberravit
1105 1623 1326 1668 explicando
1353 1622 1509 1658 ‘etiamsi
1536 1622 1669 1658 furtim

176 1683 321 1720 nebulis
357 1683 525 1719 involuta
561 1683 600 1718 in
635 1684 770 1718 terram
812 1683 1045 1724 descendas½
1083 1684 1161 1718 sola
1197 1684 1300 1718 recte
1336 1682 1547 1728 explicatur
1581 1688 1668 1718 non

177 1742 355 1779 comitata
380 1754 402 1778 a
425 1742 577 1778 Iunone'
581 1770 589 1784 ‚
616 1753 772 1788 quacum
796 1753 964 1787 pugnare
991 1742 1089 1777 Mars
1113 1742 1209 1777 filius
1234 1742 1403 1784 veretur;
1428 1743 1550 1777 tacitis
1573 1745 1667 1776 tene·

180 1801 255 1837 bris
293 1801 471 1846 intellego
514 1801 637 1836 lucum
674 1801 805 1836 Martis
843 1801 966 1836 densis
1007 1801 1203 1836 arboribus
1243 1812 1415 1847 opacum;
1455 1800 1584 1836 dativo
1621 1802 1665 1835 ut

178 1871 291 1906 saepe
317 1860 418 1906 apud
440 1861 574 1905 poetas
599 1860 787 1895 indicatur
810 1860 923 1902 locus,
950 1860 1000 1895 ad
1025 1871 1135 1905 quem
1160 1860 1240 1905 quis
1256 1859 1455 1906 perveniat
1477 1860 1520 1905 (it
1537 1861 1670 1895 clamor

177 1920 273 1956 caelo
299 1919 373 1966 aL).
411 1919 607 1954 Difficilius
633 1919 736 1954 dictu
762 1921 829 1960 est,
865 1919 953 1965 quid
976 1921 1128 1964 inopina
1153 1919 1355 1965 significet;
1381 1919 1532 1955 videtur
1555 1920 1672 1964 poeta

177 1978 343 2014 indicare
367 1978 539 2019 voluisse,
565 1978 640 2014 tale
665 1978 753 2023 quid
778 1978 986 2014 Minervam
1025 1978 1211 2014 facturam
1234 1978 1408 2014 Iasonem
1433 1979 1670 2023 Aeetamque

178 2037 330 2073 minime
369 2039 597 2083 exspectare,
626 2049 673 2072 an
709 2037 833 2082 potius
858 2037 1151 2083 intellegendum
1179 2038 1278 2076 clam,
1316 2049 1392 2072 non
1418 2038 1620 2083 conspecta
1646 2048 1671 2072 a

180 2096 314 2132 ceteris
347 2096 448 2132 deis?
510 2096 669 2132 Omnino
707 2098 834 2132 autem
867 2096 957 2132 ferri
981 2108 1055 2132 non
1081 2098 1208 2141 potest
1232 2097 1285 2131 vel
1309 2096 1507 2141 particula,
1547 2107 1568 2131 a
1594 2107 1669 2141 qna

179 2167 308 2192 versus
331 2156 371 2191 in
394 2155 478 2191 vat.
504 2155 645 2201 incipit.
683 2155 1027 2200 quomodocumque
1065 2157 1192 2191 cetera
1230 2156 1343 2190 verba
1384 2155 1669 2200 explicabimus:

179 2215 304 2261 recepi
328 2215 411 2260 iam,
436 2226 511 2250 non
536 2214 633 2260 quod
657 2216 788 2259 putem
811 2214 867 2249 ita
883 2213 1074 2250 Valerium
1099 2214 1297 2260 scripsisse,
1325 2214 1391 2250 sed
1403 2216 1447 2250 ut
1462 2214 1671 2260 probabilis

181 2274 316 2310 saltem
340 2274 525 2310 sententia
552 2274 700 2310 evadat.

275 2344 354 2380 639.
404 2345 456 2381 ibi
479 2345 500 2379 i.
530 2356 560 2381 e.
586 2345 624 2379 in
649 2344 776 2379 tacitis
800 2343 873 2379 illis
897 2344 1075 2380 tenebris.

276 2415 357 2453 640.
406 2416 586 2452 adstiteris
612 2417 754 2460 impune
778 2417 894 2452 trabes
918 2416 941 2451 i.
969 2427 998 2453 c.
1026 2416 1188 2458 arbores,
1215 2417 1337 2452 lucum
1350 2417 1500 2460 Martis3
1538 2416 1584 2452 de
1611 2428 1669 2452 ac-

183 2475 350 2512 cusativo
374 2475 447 2511 vid.
475 2475 524 2515 ad
548 2487 582 2510 v.
611 2475 688 2511 535.

276 2546 357 2582 641.
405 2558 513 2593 aqyer
548 2547 652 2582 rudis
688 2548 745 2582 est
783 2557 848 2582 ara
873 2547 953 2583 sine
979 2549 1059 2584 arte
1086 2559 1131 2583 ex
1156 2547 1241 2583 vivo
1267 2547 1434 2594 caespite
1460 2548 1669 2593 exstructa3

184 2616 341 2651 aggeres
367 2617 494 2642 omnes
518 2617 577 2642 res
603 2606 778 2641 dicuntur
800 2606 967 2651 paullum
984 2618 1007 2642 a
1032 2608 1152 2643 terrae
1170 2606 1364 2653 superficie
1383 2608 1565 2648 extantes,
1592 2605 1671 2641 sive

183 2665 320 2700 natura
344 2677 421 2701 sive
444 2677 558 2700 manu
583 2665 773 2701 hominum
798 2667 1020 2707 exstructae,
1046 2665 1162 2702 veluti
1179 2666 1290 2702 altior
1309 2668 1393 2711 ripa
1410 2665 1472 2703 Sil.
1491 2665 1553 2707 VI,
1581 2664 1669 2707 396;
