1890 3100
555 255 940 292 ARGONAVTICON
963 255 1111 290 LIBER
1127 254 1189 289 VI.
1437 307 1441 310 .
1528 255 1616 298 439

235 383 332 415 tunc
358 377 438 414 ruit
465 382 509 414 ut
536 376 681 414 montis
708 375 814 413 latus
843 380 912 413 aut
939 380 984 412 ut
1010 374 1195 412 machina
1221 373 1335 419 muri,

238 455 342 494 quae
371 441 545 492 seopulis
573 440 834 492 trabibusque
862 440 936 478 diu·
958 439 1221 490 confectaque
1249 437 1416 476 flammis

234 506 445 559 procubuit
473 504 636 543 tandem
664 511 784 557 atque
812 505 1016 555 ingentem
1043 502 1220 554 propulit
1246 503 1398 541 urbem.
1618 509 1674 539 385

288 584 398 621 Eece
426 582 559 620 locum
587 588 826 633 tempusque
854 586 963 618 ratus
991 580 1151 632 iamque
1182 586 1222 618 et
1251 593 1324 618 sua
1350 580 1462 631 posci

235 647 400 700 proelia,
430 647 597 686 falcatos
625 646 746 685 infert
772 646 1032 683 Ariasmenus
1061 658 1158 683 axes

238 726 440 765 saevaque
469 712 653 750 diffundit
681 712 831 749 socium
858 711 954 762 iuga
979 711 1160 762 protinus
1190 723 1328 748 omnes

238 778 503 829 Graiugenas,
532 790 670 816 omnes
698 782 884 828 rapturus
913 776 963 814 ab
992 776 1150 827 agmine
1180 775 1367 815 Colchos.

129 927 171 963 in
187 928 274 962 Vat.
298 927 412 962 haec:
438 926 525 970 quin
542 929 574 959 et
590 926 661 959 iam
676 925 823 970 yravior
839 928 996 968 nutuque
1011 935 1136 959 carens
1161 935 1193 959 e.
1220 936 1254 969 q.
1280 936 1308 960 s,
1359 922 1515 958 Secutus
1540 934 1621 958 sum

132 985 344 1022 Schenkelii
379 985 639 1024 coniecturam,
680 995 774 1029 quae
812 983 842 1018 si
879 994 970 1019 vera
995 984 1063 1024 est,
1100 985 1215 1028 poeta
1240 983 1344 1024 dixit,
1373 982 1617 1022 Gesandrum,

132 1056 356 1090 quamquam
403 1043 490 1079 telis
526 1043 598 1078 iam
639 1044 737 1078 esset
786 1044 975 1087 gravatus,
1026 1043 1069 1076 ut
1104 1043 1164 1076 vix
1202 1053 1241 1078 se
1284 1053 1435 1077 movere
1483 1042 1622 1087 posset,

130 1105 258 1140 tamen
292 1103 391 1139 mole
428 1114 495 1138 sua
518 1102 601 1148 ipsa
638 1102 861 1138 exterruisse
885 1102 1003 1143 Idam,
1042 1101 1102 1146 qui
1135 1102 1235 1137 inter
1259 1101 1479 1137 fortissimos
1504 1101 1622 1146 Argo-

132 1165 332 1199 nautarum
355 1162 636 1202 numerabatur,
674 1161 747 1196 vid.
786 1161 853 1203 HI,
891 1161 978 1202 471;
1015 1161 1076 1201 IV,
1103 1161 1190 1197 224:
1230 1160 1310 1197 VII.
1337 1161 1417 1196 574.
1467 1160 1623 1195 Minime

132 1233 224 1258 vero
255 1221 400 1262 mirum,
438 1221 551 1256 immo
582 1231 702 1266 paene
727 1220 977 1255 necessarium
1002 1227 1091 1265 erat,
1129 1233 1243 1255 unum
1267 1220 1402 1255 saltem
1427 1220 1620 1264 Argonau-

133 1283 259 1316 tarum
283 1281 354 1316 hoc
384 1280 467 1316 loco
505 1279 796 1320 commemorari„
836 1291 917 1314 cum
943 1291 1055 1324 supra
1079 1291 1113 1315 v.
1140 1280 1208 1314 371
1234 1281 1350 1325 poeta
1375 1279 1531 1314 dixisset
1554 1278 1621 1313 im-

135 1342 264 1386 petum
300 1339 434 1375 fecisse
458 1338 721 1381 Haemonidae,
757 1339 857 1373 inter
891 1349 981 1383 quos
1006 1338 1229 1373 nominatim
1253 1337 1341 1372 Idas
1367 1350 1400 1372 v.
1427 1338 1497 1372 342
1523 1349 1619 1372 eom-

134 1400 361 1435 memoratus
388 1399 480 1434 erat.

228 1469 311 1505 384.
357 1470 514 1514 scopulis
549 1469 776 1514 trabibusque
812 1489 855 1494 —
893 1469 1052 1511 consedet
1082 1468 1106 1504 i.
1140 1479 1172 1506 e.
1207 1468 1395 1513 lapidibus
1419 1468 1576 1513 telisque
1602 1478 1623 1503 e

136 1528 335 1565 tormentis
371 1528 508 1569 missis;
545 1529 713 1572 scopulus
747 1540 817 1573 pro
853 1527 999 1573 ingenti
1034 1527 1159 1573 lapide
1197 1527 1335 1572 legitur
1367 1527 1484 1563 etiam
1509 1527 1622 1572 Verg.

136 1589 230 1627 Aen.
253 1588 338 1630 XII,
363 1588 449 1634 5315
476 1588 539 1625 Sil,
564 1588 607 1629 V,
633 1587 720 1630 301;
746 1587 849 1629 xm,
875 1587 963 1631 2333
999 1587 1112 1624 Prud.
1137 1587 1266 1632 perist.
1293 1587 1325 1628 7,
1351 1587 1414 1629 75;
1452 1587 1624 1622 similiter

136 1658 237 1683 mons
259 1647 372 1693 Verg.
396 1659 521 1693 georg.
546 1647 613 1688 ΠΙ,
639 1647 726 1689 254;
745 1658 839 1691 pars
862 1648 992 1682 montis
1016 1647 1107 1682 Aen.
1134 1646 1177 1688 X,
1205 1646 1284 1681 128.

231 1718 313 1757 385.
361 1723 479 1754 tamen
494 1719 591 1759 Vat.,
617 1718 759 1753 tandem
784 1718 864 1754 cod.
891 1718 1036 1754 Monac.
1063 1729 1086 1753 a
1110 1730 1208 1753 man.
1235 1729 1326 1764 sec.;
1344 1718 1499 1762 protulit
1523 1717 1621 1762 Vat.,

132 1779 297 1823 propulit
334 1778 415 1814 eod.
441 1778 598 1823 Monac„
634 1777 656 1812 i.
697 1788 727 1813 e.
766 1777 911 1819 sternit,
951 1777 1017 1813 cfr.
1045 1776 1128 1813 Seu.
1154 1777 1263 1813 Herc.
1292 1777 1373 1812 Oet.
1409 1776 1477 1811 162
1502 1787 1622 1812 muros

139 1835 329 1872 Oechaliae
351 1847 498 1881 corpore
516 1837 699 1881 propulit3
730 1836 841 1872 solita
866 1836 1120 1882 superlatione
1143 1836 1308 1881 loquitur
1332 1835 1512 1877 Valerius,
1539 1847 1623 1870 eum

137 1895 431 1942 propugnaculo,
457 1906 566 1940 quam
591 1895 805 1930 machinam
828 1895 925 1930 muri
950 1895 1056 1937 dixit,
1082 1896 1215 1930 ruente
1239 1906 1379 1940 magna
1394 1906 1482 1940 pars
1498 1906 1622 1930 muro-

138 1967 230 1996 rum,
256 1954 324 1990 sed
346 1954 511 1990 nondum
535 1955 619 1990 tota.
642 1954 732 1989 urbs
757 1954 952 1996 sternitur;
983 1965 1043 1990 res
1068 1954 1150 1999 ipsa
1173 1954 1376 1995 notissima,
1413 1953 1480 1991 cfr.
1506 1953 1567 1989 Sil.
1592 1953 1623 1996 Ι,

138 2013 209 2049 362
233 2025 352 2059 seqq.;
379 2012 475 2050 Stat.
501 2013 618 2049 Theb.
644 2013 707 2053 IX,
734 2013 805 2048 554
830 2024 931 2058 seqq.

233 2084 314 2122 386.
361 2095 431 2120 sua
449 2085 553 2128 posci
570 2085 730 2128 Ρνοάἑας
757 2084 824 2120 cfr.
850 2083 878 2125 L
904 2084 984 2119 543.

234 2155 314 2190 387.
364 2156 607 2195 Ariasmenus.
635 2155 707 2189 vid.
733 2166 844 2200 supra
867 2167 902 2189 v.
930 2155 998 2190 103
1023 2166 1122 2201 seqq.

235 2224 316 2260 388.
366 2225 537 2267 diffundit
561 2236 610 2260 se.
636 2236 704 2270 per
729 2236 911 2270 campum.

235 2298 316 2335 389.
342 2309 461 2334 omnes
483 2302 658 2343 rapturus
682 2299 727 2334 ab
751 2299 890 2344 aqmine
916 2298 1078 2341 Colcho&
1103 2299 1222 2335 verba
1241 2300 1400 2336 obscure
1419 2299 1536 2335 dicta:
1563 2310 1624 2344 ‹19-

141 2367 220 2393 mon
243 2358 314 2394 hoc
343 2357 426 2393 loeo
451 2357 569 2393 solam
593 2357 767 2393 movendi
792 2357 983 2394 notionem
1007 2359 1145 2394 habere
1169 2359 1329 2399 videtur.
1361 2371 1436 2395 non
1460 2358 1625 2394 indicare

141 2427 223 2452 rem
245 2416 372 2462 ipsam,
398 2427 495 2462 quae
519 2418 725 2458 moveatur,
750 2418 794 2451 ut
809 2416 948 2452 Ennius
973 2417 1068 2452 dixit
1092 2418 1163 2453 leni
1186 2419 1324 2463 aymine
1348 2418 1485 2454 flumen
1510 2417 1625 2453 fluere

142 2474 182 2510 in
210 2475 305 2511 libro
330 2475 460 2520 quinto
484 2487 567 2515 aun.
605 2475 691 2520 (124
715 2475 774 2518 B.)
811 2477 851 2511 et
875 2487 959 2511 eum
989 2477 1108 2512 secuti
1133 2477 1326 2513 Lucretius
1350 2477 1624 2523 Vergiliusque3

144 2533 211 2570 dr.
253 2534 368 2570 etiam
391 2535 502 2580 Verg.
540 2535 633 2570 Aen.
674 2534 723 2580 11,
759 2535 829 2569 212
870 2535 923 2570 illi
959 2537 1098 2581 aqmine
1133 2541 1225 2572 certo
1250 2536 1455 2573 Laocoonta
1485 2540 1624 2581 petunt.

143 2591 245 2628 lund
267 2595 394 2629 autem
417 2596 570 2639 praeter
596 2593 903 2630 consuetudinem
937 2596 1003 2634 est,
1036 2596 1134 2640 quod
1160 2596 1329 2632 Valerius
1355 2596 1403 2631 ad
1429 2596 1626 2631 celerem

144 2652 287 2688 motum
322 2652 605 2697 significandum
642 2653 712 2688 hoc
749 2653 1024 2688 substantivum
1049 2654 1219 2697 adhibet;
1258 2656 1309 2690 ab
1339 2657 1480 2700 aymine
1510 2655 1625 2699 igitur

145 2711 312 2746 nostrum
338 2716 391 2747 est
415 2712 472 2746 ‘in
498 2711 640 2757 Folge
666 2712 733 2748 der
759 2712 944 2756 (raschen)
969 2713 1213 2759 Bewegung‘;
1239 2713 1305 2749 cfr.
1332 2713 1401 2758 m,
1427 2714 1482 2748 36.
