1890 3100
581 271 969 310 ARGONAVTIGON
995 271 1145 307 LIBER
1168 271 1229 307 IV.
1555 273 1643 315 277

263 393 473 432 frondibus
499 394 543 431 in
570 393 722 431 croceis
750 397 793 431 et
817 392 980 444 iniquae
1006 403 1172 429 munere
1199 390 1427 441 Nymphae,

265 466 458 512 stansque
486 471 607 510 super
633 471 770 496 carum
795 457 889 495 talis
917 462 1038 508 caput
1065 455 1187 495 edere
1214 468 1356 494 voces:

266 523 386 577 ‘quid‚
412 529 540 576 pater,
566 523 610 561 in
635 535 763 561 vanos
791 522 967 560 absumis
995 527 1177 572 tempora
1204 518 1397 572 questus?

261 590 339 628 hoc
366 602 508 628 nemus
534 588 616 627 heu
642 588 736 626 fatis
763 587 861 626 mihi
886 588 967 626 iam
995 586 1148 634 domus,
1176 586 1359 638 improba
1385 599 1463 638 quo
1491 598 1555 624 me

261 654 453 706 Nympha
477 654 582 706 rapit
608 665 755 692 saevae
781 653 936 691 monitu
962 652 1139 699 Iunonis,
1167 652 1210 689 in
1237 664 1375 690 amnes

262 733 370 758 nunc
395 719 504 757 Iovis
532 731 720 757 accessus
749 724 792 756 et
817 718 896 756 iam
923 717 1021 755 mihi
1047 717 1211 755 numina
1239 716 1341 754 caeli

263 783 449 823 conciliat
475 784 685 835 iungitque
712 789 821 821 toros
849 788 892 821 et
916 783 1039 821 fontis
1066 782 1253 821 honores.

264 863 287 888 o
315 849 447 888 dolor!
476 862 499 887 o
528 848 667 887 dulces
696 861 795 900 quas
824 848 1022 899 gessimus
1050 853 1144 886 ante
1171 846 1404 899 pharetrae!

260 915 341 953 iam
368 914 466 952 socii
491 914 611 952 laetis
637 919 857 965 rapuerunt
881 912 1045 951 vincula
1069 913 1214 960 ventis,

260 979 441 1018 hortator
466 983 679 1030 postquam
706 978 819 1016 furiis
848 984 890 1016 et
915 991 1017 1016 voce
1044 977 1223 1016 nefanda

260 1044 418 1096 impulit
446 1042 637 1083 Oenides.
693 1056 833 1082 verum
862 1057 952 1081 cum
980 1048 1103 1094 gente
1132 1042 1331 1095 domoque

261 1109 341 1148 ista
365 1109 453 1147 luet
480 1121 708 1161 saevaeque
737 1108 907 1147 aderunt
933 1114 1005 1146 tua
1030 1108 1195 1146 numina
1221 1108 1350 1146 matri.

262 1187 382 1226 surge
410 1187 486 1225 age
515 1180 557 1212 et
581 1174 624 1212 in
651 1173 759 1212 dur1s
787 1174 887 1212 haut
913 1187 1102 1226 umquam
1130 1173 1275 1222 defice;
1305 1173 1417 1212 caelo

261 1253 355 1277 mox
382 1238 514 1277 aderis
541 1244 664 1291 teque
692 1245 801 1277 astra
826 1239 976 1287 ferent3
1005 1245 1050 1276 tu
1078 1251 1237 1290 semper
1264 1239 1410 1277 amoris

262 1305 317 1343 sis
345 1318 497 1344 memor
524 1312 566 1344 et
593 1306 675 1344 cari
702 1306 856 1343 comitis
884 1319 936 1344 ne
965 1305 1157 1344 abscedat
1184 1305 1341 1357 imago.'

259 1369 409 1408 talibus
437 1376 617 1418 orantem
645 1369 761 1408 dictis
789 1370 961 1422 visuque
988 1370 1188 1409 fruentem

238 1434 330 1474 ‘ille
357 1435 462 1472 ultro
488 1434 590 1486 petit
618 1440 658 1472 et
684 1435 822 1472 vacuis
851 1435 1102 1486 amplexibus
1128 1435 1253 1473 instat

258 1499 570 1551 languentisque
598 1505 733 1537 movet
759 1499 908 1537 frusta-a
936 1500 1145 1538 conamina
1173 1498 1358 1538 dextrae:

223 1633 304 1671 23.
351 1636 498 1680 iniquae
520 1646 663 1670 munere
686 1635 875 1681 Nymphae
896 1636 920 1672 i.
954 1647 984 1672 e.
1021 1637 1128 1672 veste
1160 1636 1342 1678 caerulea,
1376 1647 1449 1681 qua
1484 1636 1638 1672 indutus

155 1693 379 1730 describitur
401 1694 519 1740 Hylas
543 1705 567 1729 a
590 1694 722 1740 Mopso
746 1694 776 1736 1,
802 1694 882 1730 220.

246 1765 304 1802 26.
352 1766 439 1801 haec
461 1766 557 1807 Vat..
583 1766 652 1801 heu
675 1765 842 1802 Dorville
868 1766 916 1801 ad
944 1766 1083 1803 Charit.
1109 1766 1152 1807 V,
1180 1768 1212 1803 1.

245 1824 304 1862 27.
351 1835 472 1860 mnne-3
493 1836 569 1860 non
592 1825 742 1861 videtur
765 1826 987 1861 mutandum
1012 1826 1095 1862 coll.
1119 1826 1149 1867 1,
1175 1826 1262 1868 692;
1288 1826 1454 1862 servavit
1471 1826 1637 1864 Caussin.

245 1883 304 1922 28.
352 1883 488 1919 &omina
511 1883 608 1924 vat..
632 1885 782 1919 numina
805 1885 1007 1926 Baehrens,

245 1941 305 1980 29.
352 1946 451 1979 toros
474 1954 545 1978 om.
571 1942 670 1984 vat..
695 1943 781 1978 add.
807 1944 1011 1981 Burmann.

244 2001 358 2044 fontis
380 2001 532 2037 honores
546 2001 578 2057 j·
605 2013 639 2039 e.
663 2002 791 2047 quales
814 2003 959 2039 habent
984 2003 1046 2040 dei
1070 2003 1241 2040 fontium.

60 2115 80 2132 ,
245 2071 304 2108 34.
352 2071 491 2118 Tangit
515 2073 687 2109 Valerius
711 2074 841 2109 notam
866 2074 914 2110 de
938 2074 1131 2120 Meleagro
1164 2074 1343 2116 fabulam.
1381 2086 1493 2120 quam
1517 2075 1636 2111 fusius

152 2131 322 2167 mavit
346 2131 455 2168 Ovid.
478 2133 568 2171 met.
592 2131 696 2174 vm,
722 2132 793 2167 260
816 2144 919 2178 seqq.

93 2187 96 2190 ⁴
243 2189 398 2226 adon-out
420 2195 486 2226 tua
508 2192 658 2226 muana
680 2193 804 2233 matra}
842 2192 934 2228 data
966 2193 1038 2228 hac
1063 2193 1256 2230 occasione
1285 2193 1366 2239 ipse
1389 2195 1505 2239 poeta
1528 2193 1637 2228 finxit

60 2226 90 2310 ‘⁷
153 2247 269 2284 etiam
294 2249 461 2285 Herculis
485 2249 600 2286 fuisse
623 2252 753 2296 partes
777 2251 816 2286 in
839 2251 1053 2288 ulciscendo
1078 2252 1280 2298 Meleagro.

243 2319 301 2356 85.
346 2331 453 2366 ωηο
475 2332 555 2366 ⁰9⁶3
581 2322 695 2367 Verg.
719 2323 811 2358 Aen.
836 2321 905 2364 ΠΙ,
931 2322 1013 2358 169.

243 2378 302 2415 37.
350 2381 1311 2427 a-neproeoquodestnou;vid.ad11,5.

243 2436 302 2474 38.
349 2440 461 2484 Verg.
485 2439 578 2477 Aen.
601 2439 666 2475 Iv.
692 2439 773 2476 219.

68 2507 90 2545 J
243 2495 302 2533 39.
349 2499 470 2534 σαι-κίε
506 2499 727 2543 afflatibus
761 2499 786 2537 i.
825 2511 856 2535 e.
892 2500 1083 2541 inanibus,
1120 2501 1173 2537 sic
1208 2513 1323 2537 vacua
1359 2504 1507 2538 nomina
1543 2502 1631 2538 Tac.

243 2613 302 2650 40.
349 2620 462 2651 movet
497 2617 638 2659 frustra
679 2619 867 2654 conmnina
906 2619 1051 2654 deame
1091 2620 1222 2656 audaci
1268 2621 1439 2666 enallage
1489 2621 1631 2656 dictum

79 2683 85 2694 ⁷
150 2682 220 2718 pm
246 2684 291 2709 eo
313 2675 413 2720 quod
436 2677 495 2711 eet
516 2677 657 2712 frustra
681 2679 838 2713 conatur
862 2678 1033 2714 dextram
1057 2690 1225 2725 movere3
1253 2679 1319 2718 cfr.
1346 2680 1415 2721 ΙΙΙ,
1441 2681 1509 2716 281
1536 2682 1632 2716 tristi

65 2737 93 2770 .’
149 2730 278 2768 caeo-t
301 2744 363 2768 eeu
386 2738 501 2769 cetera
518 2736 669 2779 planctu
692 2736 716 2772 i.
743 2747 774 2774 e.
801 2747 868 2772 ceu
895 2738 1010 2773 ceteri
1035 2738 1152 2774 tacite
1177 2750 1303 2774 secum
1328 2739 1493 2784 lugeant.

1350 2798 1416 2832 18*

1659 541 1698 570 25

1657 1503 1695 1532 40
