<?xml version="1.0" encoding="UTF-8"?>
<!DOCTYPE html PUBLIC "-//W3C//DTD XHTML 1.0 Transitional//EN"
    "http://www.w3.org/TR/xhtml1/DTD/xhtml1-transitional.dtd">
<html xmlns="http://www.w3.org/1999/xhtml" xml:lang="en" lang="en">
 <head>
  <title>
</title>
<meta http-equiv="Content-Type" content="text/html;charset=utf-8" />
  <meta name='ocr-system' content='tesseract 3.04.00' />
  <meta name='ocr-capabilities' content='ocr_page ocr_carea ocr_par ocr_line ocrx_word'/>
</head>
<body>
  <div class='ocr_page' id='page_1' title='image "argonauticonlibr00valeuoft_0276.png"; bbox 0 0 1890 3100; ppageno 0'>
   <div class='ocr_carea' id='block_1_1' title="bbox 190 165 1155 209">
    <p class='ocr_par' dir='ltr' id='par_1_1' title="bbox 190 165 1155 209">
     <span class='ocr_line' id='line_1_1' title="bbox 190 165 1155 209; baseline -0.007 0"><span class='ocrx_word' id='word_1_1' title='bbox 190 167 276 209; x_wconf 80' lang='grc'>266</span> <span class='ocrx_word' id='word_1_2' title='bbox 713 166 750 201; x_wconf 91' lang='lat' dir='ltr'>C.</span> <span class='ocrx_word' id='word_1_3' title='bbox 776 165 956 201; x_wconf 84' lang='lat' dir='ltr'><strong>VALERI</strong></span> <span class='ocrx_word' id='word_1_4' title='bbox 981 165 1155 202; x_wconf 85' lang='lat' dir='ltr'>FLACCI</span> 
     </span>
    </p>
   </div>
   <div class='ocr_carea' id='block_1_2' title="bbox 292 284 1731 990">
    <p class='ocr_par' dir='ltr' id='par_1_2' title="bbox 296 284 1253 337">
     <span class='ocr_line' id='line_1_2' title="bbox 296 284 1253 337; baseline 0.001 -15"><span class='ocrx_word' id='word_1_5' title='bbox 296 284 494 323; x_wconf 82' lang='lat' dir='ltr'>deteriora</span> <span class='ocrx_word' id='word_1_6' title='bbox 522 284 663 322; x_wconf 84' lang='lat' dir='ltr'>fovens</span> <span class='ocrx_word' id='word_1_7' title='bbox 694 297 931 337; x_wconf 80' lang='lat' dir='ltr'>semperque</span> <span class='ocrx_word' id='word_1_8' title='bbox 960 285 1121 324; x_wconf 82' lang='lat' dir='ltr'>inversa</span> <span class='ocrx_word' id='word_1_9' title='bbox 1147 285 1253 324; x_wconf 91' lang='lat' dir='ltr'>tueri</span> 
     </span>
    </p>

    <p class='ocr_par' dir='ltr' id='par_1_3' title="bbox 296 349 1397 403">
     <span class='ocr_line' id='line_1_3' title="bbox 296 349 1397 403; baseline 0 -16"><span class='ocrx_word' id='word_1_10' title='bbox 296 349 416 387; x_wconf 89' lang='lat' dir='ltr'>durus</span> <span class='ocrx_word' id='word_1_11' title='bbox 447 355 487 388; x_wconf 90' lang='lat' dir='ltr'>et</span> <span class='ocrx_word' id='word_1_12' title='bbox 515 349 623 388; x_wconf 92' lang='lat' dir='ltr'>haud</span> <span class='ocrx_word' id='word_1_13' title='bbox 651 349 743 388; x_wconf 88' lang='lat' dir='ltr'>ullis</span> <span class='ocrx_word' id='word_1_14' title='bbox 772 364 961 402; x_wconf 86' lang='lat' dir='ltr'>umquam</span> <span class='ocrx_word' id='word_1_15' title='bbox 990 350 1226 402; x_wconf 88' lang='lat' dir='ltr'>superabilis</span> <span class='ocrx_word' id='word_1_16' title='bbox 1257 350 1397 403; x_wconf 84' lang='lat' dir='ltr'>aequis</span> 
     </span>
    </p>

    <p class='ocr_par' dir='ltr' id='par_1_4' title="bbox 293 415 1506 468">
     <span class='ocr_line' id='line_1_4' title="bbox 293 415 1506 468; baseline 0.001 -15"><span class='ocrx_word' id='word_1_17' title='bbox 293 420 545 454; x_wconf 83' lang='lat' dir='ltr'>rectorumve</span> <span class='ocrx_word' id='word_1_18' title='bbox 574 428 736 454; x_wconf 89' lang='lat' dir='ltr'>memor.</span> <span class='ocrx_word' id='word_1_19' title='bbox 796 420 887 454; x_wconf 88' lang='lat' dir='ltr'>‘non</span> <span class='ocrx_word' id='word_1_20' title='bbox 915 415 1116 454; x_wconf 88' lang='lat' dir='ltr'>Herculis&#39;</span> <span class='ocrx_word' id='word_1_21' title='bbox 1147 416 1275 468; x_wconf 87' lang='lat' dir='ltr'>inquit</span> <span class='ocrx_word' id='word_1_22' title='bbox 1305 415 1506 467; x_wconf 86' lang='lat' dir='ltr'>‘adempti‚</span> 
     </span>
    </p>

    <p class='ocr_par' dir='ltr' id='par_1_5' title="bbox 292 480 1731 597">
     <span class='ocr_line' id='line_1_5' title="bbox 294 480 1731 533; baseline 0.001 -14"><span class='ocrx_word' id='word_1_23' title='bbox 294 480 366 519; x_wconf 87' lang='lat' dir='ltr'>sed</span> <span class='ocrx_word' id='word_1_24' title='bbox 395 486 486 519; x_wconf 86' lang='lat' dir='ltr'>tuus</span> <span class='ocrx_word' id='word_1_25' title='bbox 516 481 557 519; x_wconf 89' lang='lat' dir='ltr'>in</span> <span class='ocrx_word' id='word_1_26' title='bbox 586 493 696 519; x_wconf 89' lang='lat' dir='ltr'>seros</span> <span class='ocrx_word' id='word_1_27' title='bbox 725 481 827 519; x_wconf 91' lang='lat' dir='ltr'>haec</span> <span class='ocrx_word' id='word_1_28' title='bbox 855 486 991 519; x_wconf 88' lang='lat' dir='ltr'>nostra</span> <span class='ocrx_word' id='word_1_29' title='bbox 1020 481 1180 520; x_wconf 86' lang='lat' dir='ltr'>silentia</span> <span class='ocrx_word' id='word_1_30' title='bbox 1209 486 1374 533; x_wconf 90' lang='lat' dir='ltr'>questus</span> <span class='ocrx_word' id='word_1_31' title='bbox 1677 486 1731 516; x_wconf 87' lang='lat'>650</span> 
     </span>
     <span class='ocr_line' id='line_1_6' title="bbox 292 545 1462 597; baseline 0.001 -14"><span class='ocrx_word' id='word_1_32' title='bbox 292 546 412 584; x_wconf 81' lang='lat' dir='ltr'>traxit</span> <span class='ocrx_word' id='word_1_33' title='bbox 441 546 579 593; x_wconf 90' lang='lat' dir='ltr'>honor,</span> <span class='ocrx_word' id='word_1_34' title='bbox 611 545 704 584; x_wconf 90' lang='lat' dir='ltr'>dum</span> <span class='ocrx_word' id='word_1_35' title='bbox 732 547 819 585; x_wconf 86' lang='lat' dir='ltr'>iura</span> <span class='ocrx_word' id='word_1_36' title='bbox 850 545 978 593; x_wconf 87' lang='lat' dir='ltr'>dares,</span> <span class='ocrx_word' id='word_1_37' title='bbox 1010 546 1103 584; x_wconf 92' lang='lat' dir='ltr'>dum</span> <span class='ocrx_word' id='word_1_38' title='bbox 1131 552 1313 597; x_wconf 89' lang='lat' dir='ltr'>tempora</span> <span class='ocrx_word' id='word_1_39' title='bbox 1341 546 1462 585; x_wconf 87' lang='lat' dir='ltr'>fandi.</span> 
     </span>
    </p>

    <p class='ocr_par' dir='ltr' id='par_1_6' title="bbox 293 611 1361 662">
     <span class='ocr_line' id='line_1_7' title="bbox 293 611 1361 662; baseline 0.001 -13"><span class='ocrx_word' id='word_1_40' title='bbox 293 612 485 662; x_wconf 85' lang='lat' dir='ltr'>septimus</span> <span class='ocrx_word' id='word_1_41' title='bbox 514 611 578 650; x_wconf 91' lang='lat' dir='ltr'>hic</span> <span class='ocrx_word' id='word_1_42' title='bbox 609 612 726 650; x_wconf 87' lang='lat' dir='ltr'>celsis</span> <span class='ocrx_word' id='word_1_43' title='bbox 758 611 967 650; x_wconf 89' lang='lat' dir='ltr'>descendit</span> <span class='ocrx_word' id='word_1_44' title='bbox 995 612 1194 650; x_wconf 86' lang='lat' dir='ltr'>montibus</span> <span class='ocrx_word' id='word_1_45' title='bbox 1225 618 1361 650; x_wconf 86' lang='lat' dir='ltr'>auster</span> 
     </span>
    </p>

    <p class='ocr_par' dir='ltr' id='par_1_7' title="bbox 292 677 1434 729">
     <span class='ocr_line' id='line_1_8' title="bbox 292 677 1434 729; baseline 0.001 -15"><span class='ocrx_word' id='word_1_46' title='bbox 292 677 450 729; x_wconf 88' lang='lat' dir='ltr'>iamque</span> <span class='ocrx_word' id='word_1_47' title='bbox 480 682 606 716; x_wconf 85' lang='lat' dir='ltr'>ratem</span> <span class='ocrx_word' id='word_1_48' title='bbox 636 677 836 728; x_wconf 81' lang='lat' dir='ltr'>Scythicis</span> <span class='ocrx_word' id='word_1_49' title='bbox 865 677 1001 716; x_wconf 76' lang='lat' dir='ltr'>forsan</span> <span class='ocrx_word' id='word_1_50' title='bbox 1031 677 1237 716; x_wconf 84' lang='lat' dir='ltr'>statuisset</span> <span class='ocrx_word' id='word_1_51' title='bbox 1265 678 1306 715; x_wconf 93' lang='lat' dir='ltr'>in</span> <span class='ocrx_word' id='word_1_52' title='bbox 1337 678 1434 725; x_wconf 81' lang='lat' dir='ltr'>oris3</span> 
     </span>
    </p>

    <p class='ocr_par' dir='ltr' id='par_1_8' title="bbox 292 742 1514 794">
     <span class='ocr_line' id='line_1_9' title="bbox 292 742 1514 794; baseline 0.001 -14"><span class='ocrx_word' id='word_1_53' title='bbox 292 755 366 780; x_wconf 87' lang='lat' dir='ltr'>nos</span> <span class='ocrx_word' id='word_1_54' title='bbox 395 742 547 794; x_wconf 85' lang='lat' dir='ltr'>patriae</span> <span class='ocrx_word' id='word_1_55' title='bbox 577 742 840 789; x_wconf 90' lang='lat' dir='ltr'>immemores,</span> <span class='ocrx_word' id='word_1_56' title='bbox 870 747 1059 780; x_wconf 89' lang='lat' dir='ltr'>maneant</span> <span class='ocrx_word' id='word_1_57' title='bbox 1088 755 1163 781; x_wconf 90' lang='lat' dir='ltr'>ceu</span> <span class='ocrx_word' id='word_1_58' title='bbox 1190 742 1303 780; x_wconf 87' lang='lat' dir='ltr'>nulla</span> <span class='ocrx_word' id='word_1_59' title='bbox 1331 748 1514 791; x_wconf 85' lang='lat' dir='ltr'>revectos</span> 
     </span>
    </p>

    <p class='ocr_par' dir='ltr' id='par_1_9' title="bbox 293 806 1730 913">
     <span class='ocr_line' id='line_1_10' title="bbox 293 806 1730 860; baseline 0.001 -14"><span class='ocrx_word' id='word_1_60' title='bbox 293 806 450 859; x_wconf 87' lang='lat' dir='ltr'>gaudia,</span> <span class='ocrx_word' id='word_1_61' title='bbox 483 806 555 846; x_wconf 90' lang='lat' dir='ltr'>sed</span> <span class='ocrx_word' id='word_1_62' title='bbox 584 807 681 846; x_wconf 91' lang='lat' dir='ltr'>duro</span> <span class='ocrx_word' id='word_1_63' title='bbox 712 820 859 846; x_wconf 86' lang='lat' dir='ltr'>saevae</span> <span class='ocrx_word' id='word_1_64' title='bbox 890 807 962 845; x_wconf 88' lang='lat' dir='ltr'>sub</span> <span class='ocrx_word' id='word_1_65' title='bbox 992 821 1089 859; x_wconf 83' lang='lat' dir='ltr'>rege</span> <span class='ocrx_word' id='word_1_66' title='bbox 1117 808 1330 860; x_wconf 84' lang='lat' dir='ltr'>Mycenae,</span> <span class='ocrx_word' id='word_1_67' title='bbox 1676 806 1730 835; x_wconf 86' lang='lat'>655</span> 
     </span>
     <span class='ocr_line' id='line_1_11' title="bbox 295 872 1312 913; baseline 0 -2"><span class='ocrx_word' id='word_1_68' title='bbox 295 872 346 911; x_wconf 88' lang='lat' dir='ltr'>ad</span> <span class='ocrx_word' id='word_1_69' title='bbox 374 872 549 911; x_wconf 86' lang='lat' dir='ltr'>medium</span> <span class='ocrx_word' id='word_1_70' title='bbox 579 880 811 911; x_wconf 87' lang='lat' dir='ltr'>cunctamur</span> <span class='ocrx_word' id='word_1_71' title='bbox 838 873 927 913; x_wconf 85' lang='lat' dir='ltr'>iter.</span> <span class='ocrx_word' id='word_1_72' title='bbox 984 873 1017 910; x_wconf 90' lang='lat' dir='ltr'>si</span> <span class='ocrx_word' id='word_1_73' title='bbox 1045 873 1190 911; x_wconf 92' lang='lat' dir='ltr'>finibus</span> <span class='ocrx_word' id='word_1_74' title='bbox 1220 873 1312 911; x_wconf 89' lang='lat' dir='ltr'>ullis</span> 
     </span>
    </p>

    <p class='ocr_par' dir='ltr' id='par_1_10' title="bbox 294 938 1371 990">
     <span class='ocr_line' id='line_1_12' title="bbox 294 938 1371 990; baseline 0.001 -14"><span class='ocrx_word' id='word_1_75' title='bbox 294 938 366 976; x_wconf 85' lang='lat' dir='ltr'>has</span> <span class='ocrx_word' id='word_1_76' title='bbox 395 938 569 976; x_wconf 88' lang='lat' dir='ltr'>tolerare</span> <span class='ocrx_word' id='word_1_77' title='bbox 598 951 728 976; x_wconf 87' lang='lat' dir='ltr'>moras</span> <span class='ocrx_word' id='word_1_78' title='bbox 759 943 800 976; x_wconf 91' lang='lat' dir='ltr'>et</span> <span class='ocrx_word' id='word_1_79' title='bbox 828 938 962 976; x_wconf 86' lang='lat' dir='ltr'>inania</span> <span class='ocrx_word' id='word_1_80' title='bbox 990 943 1172 989; x_wconf 88' lang='lat' dir='ltr'>tempora</span> <span class='ocrx_word' id='word_1_81' title='bbox 1199 952 1371 990; x_wconf 88' lang='lat' dir='ltr'>possem,</span> 
     </span>
    </p>
   </div>
   <div class='ocr_carea' id='block_1_3' title="bbox 186 1017 397 1023">
    <p class='ocr_par' dir='ltr' id='par_1_11' title="bbox 186 1017 397 1023">
     <span class='ocr_line' id='line_1_13' title="bbox 186 1017 397 1023; baseline 0 0"><span class='ocrx_word' id='word_1_82' title='bbox 186 1017 397 1023; x_wconf 95' lang='lat' dir='ltr'> </span> 
     </span>
    </p>
   </div>
   <div class='ocr_carea' id='block_1_4' title="bbox 177 1043 1676 2695">
    <p class='ocr_par' dir='ltr' id='par_1_12' title="bbox 186 1043 1674 1148">
     <span class='ocr_line' id='line_1_14' title="bbox 186 1043 1674 1090; baseline 0.001 -11"><span class='ocrx_word' id='word_1_83' title='bbox 186 1044 340 1080; x_wconf 87' lang='lat' dir='ltr'>lioribus</span> <span class='ocrx_word' id='word_1_84' title='bbox 377 1044 585 1080; x_wconf 87' lang='lat' dir='ltr'>rationibus</span> <span class='ocrx_word' id='word_1_85' title='bbox 625 1054 775 1078; x_wconf 88' lang='lat' dir='ltr'>causam</span> <span class='ocrx_word' id='word_1_86' title='bbox 814 1043 1040 1080; x_wconf 81' lang='lat' dir='ltr'>deteriorem</span> <span class='ocrx_word' id='word_1_87' title='bbox 1078 1043 1294 1080; x_wconf 87' lang='lat' dir='ltr'>defendens&#39;</span> <span class='ocrx_word' id='word_1_88' title='bbox 1323 1044 1404 1080; x_wconf 89' lang='lat' dir='ltr'>coll.</span> <span class='ocrx_word' id='word_1_89' title='bbox 1444 1044 1556 1090; x_wconf 82' lang='lat' dir='ltr'>Soph.</span> <span class='ocrx_word' id='word_1_90' title='bbox 1584 1044 1674 1081; x_wconf 88' lang='lat' dir='ltr'>Oed.</span> 
     </span>
     <span class='ocr_line' id='line_1_15' title="bbox 188 1103 461 1148; baseline -0.004 -9"><span class='ocrx_word' id='word_1_91' title='bbox 188 1103 264 1140; x_wconf 90' lang='lat' dir='ltr'>Col.</span> <span class='ocrx_word' id='word_1_92' title='bbox 292 1103 360 1138; x_wconf 85' lang='lat'>765</span> <span class='ocrx_word' id='word_1_93' title='bbox 386 1115 461 1148; x_wconf 89' lang='lat' dir='ltr'>seq.</span> 
     </span>
    </p>

    <p class='ocr_par' dir='ltr' id='par_1_13' title="bbox 177 1162 1676 1684">
     <span class='ocr_line' id='line_1_16' title="bbox 279 1162 1675 1209; baseline 0.001 -12"><span class='ocrx_word' id='word_1_94' title='bbox 279 1163 360 1199; x_wconf 82' lang='lat'>647.</span> <span class='ocrx_word' id='word_1_95' title='bbox 411 1164 554 1198; x_wconf 72' lang='lat' dir='ltr'>inversa</span> <span class='ocrx_word' id='word_1_96' title='bbox 578 1163 672 1198; x_wconf 80' lang='lat' dir='ltr'>tueri</span> <span class='ocrx_word' id='word_1_97' title='bbox 696 1162 810 1198; x_wconf 75' lang='lat' dir='ltr'>durus</span> <span class='ocrx_word' id='word_1_98' title='bbox 833 1162 856 1198; x_wconf 84' lang='lat' dir='ltr'>i.</span> <span class='ocrx_word' id='word_1_99' title='bbox 884 1174 912 1198; x_wconf 94' lang='lat' dir='ltr'>e.</span> <span class='ocrx_word' id='word_1_100' title='bbox 938 1163 1113 1208; x_wconf 84' lang='lat' dir='ltr'>pertinax</span> <span class='ocrx_word' id='word_1_101' title='bbox 1138 1162 1177 1198; x_wconf 92' lang='lat' dir='ltr'>in</span> <span class='ocrx_word' id='word_1_102' title='bbox 1203 1162 1255 1198; x_wconf 91' lang='lat' dir='ltr'>eis</span> <span class='ocrx_word' id='word_1_103' title='bbox 1282 1162 1538 1204; x_wconf 82' lang='lat' dir='ltr'>defendendis,</span> <span class='ocrx_word' id='word_1_104' title='bbox 1580 1175 1675 1209; x_wconf 88' lang='lat' dir='ltr'>quae</span> 
     </span>
     <span class='ocr_line' id='line_1_17' title="bbox 183 1222 1673 1268; baseline 0.001 -10"><span class='ocrx_word' id='word_1_105' title='bbox 183 1233 362 1268; x_wconf 85' lang='lat' dir='ltr'>perversa</span> <span class='ocrx_word' id='word_1_106' title='bbox 389 1223 515 1258; x_wconf 86' lang='lat' dir='ltr'>essent</span> <span class='ocrx_word' id='word_1_107' title='bbox 539 1233 660 1267; x_wconf 88' lang='lat' dir='ltr'>neque</span> <span class='ocrx_word' id='word_1_108' title='bbox 687 1222 841 1258; x_wconf 84' lang='lat' dir='ltr'>defendi</span> <span class='ocrx_word' id='word_1_109' title='bbox 867 1222 1073 1265; x_wconf 89' lang='lat' dir='ltr'>deberent;</span> <span class='ocrx_word' id='word_1_110' title='bbox 1123 1223 1266 1258; x_wconf 76' lang='lat' dir='ltr'>inversa</span> <span class='ocrx_word' id='word_1_111' title='bbox 1291 1222 1465 1258; x_wconf 88' lang='lat' dir='ltr'>dicuntur</span> <span class='ocrx_word' id='word_1_112' title='bbox 1491 1234 1545 1264; x_wconf 86' lang='lat' dir='ltr'>ea,</span> <span class='ocrx_word' id='word_1_113' title='bbox 1578 1234 1673 1268; x_wconf 89' lang='lat' dir='ltr'>quae</span> 
     </span>
     <span class='ocr_line' id='line_1_18' title="bbox 185 1281 1674 1328; baseline -0.001 -11"><span class='ocrx_word' id='word_1_114' title='bbox 185 1293 229 1317; x_wconf 83' lang='lat' dir='ltr'>ex</span> <span class='ocrx_word' id='word_1_115' title='bbox 253 1282 353 1317; x_wconf 90' lang='lat' dir='ltr'>bona</span> <span class='ocrx_word' id='word_1_116' title='bbox 379 1281 595 1317; x_wconf 89' lang='lat' dir='ltr'>condicione</span> <span class='ocrx_word' id='word_1_117' title='bbox 620 1281 659 1316; x_wconf 86' lang='lat' dir='ltr'>in</span> <span class='ocrx_word' id='word_1_118' title='bbox 685 1281 911 1317; x_wconf 84' lang='lat' dir='ltr'>deteriorem</span> <span class='ocrx_word' id='word_1_119' title='bbox 936 1283 1083 1317; x_wconf 90' lang='lat' dir='ltr'>mutata</span> <span class='ocrx_word' id='word_1_120' title='bbox 1109 1283 1206 1328; x_wconf 86' lang='lat' dir='ltr'>sunt,</span> <span class='ocrx_word' id='word_1_121' title='bbox 1246 1281 1313 1318; x_wconf 86' lang='lat' dir='ltr'>cfr.</span> <span class='ocrx_word' id='word_1_122' title='bbox 1332 1281 1417 1318; x_wconf 91' lang='lat' dir='ltr'>Hor.</span> <span class='ocrx_word' id='word_1_123' title='bbox 1446 1293 1477 1319; x_wconf 80' lang='lat' dir='ltr'>c,</span> <span class='ocrx_word' id='word_1_124' title='bbox 1503 1281 1572 1323; x_wconf 86' lang='lat'>111,</span> <span class='ocrx_word' id='word_1_125' title='bbox 1598 1282 1631 1324; x_wconf 84' lang='lat'>5,</span> <span class='ocrx_word' id='word_1_126' title='bbox 1654 1283 1674 1317; x_wconf 86' lang='lat'><strong>7</strong></span> 
     </span>
     <span class='ocr_line' id='line_1_19' title="bbox 177 1340 1669 1386; baseline 0.001 -10"><span class='ocrx_word' id='word_1_127' title='bbox 177 1351 248 1385; x_wconf 88' lang='lat' dir='ltr'>pro</span> <span class='ocrx_word' id='word_1_128' title='bbox 286 1342 388 1377; x_wconf 78' lang='lat' dir='ltr'>curia</span> <span class='ocrx_word' id='word_1_129' title='bbox 423 1342 622 1386; x_wconf 74' lang='lat' dir='ltr'>inversique</span> <span class='ocrx_word' id='word_1_130' title='bbox 658 1343 791 1376; x_wconf 77' lang='lat' dir='ltr'>mores!</span> <span class='ocrx_word' id='word_1_131' title='bbox 840 1340 990 1383; x_wconf 85' lang='lat' dir='ltr'>Quintil.</span> <span class='ocrx_word' id='word_1_132' title='bbox 1024 1341 1141 1377; x_wconf 89' lang='lat' dir='ltr'>instit.</span> <span class='ocrx_word' id='word_1_133' title='bbox 1169 1353 1220 1376; x_wconf 90' lang='lat' dir='ltr'>or.</span> <span class='ocrx_word' id='word_1_134' title='bbox 1248 1340 1313 1382; x_wconf 87' lang='lat' dir='ltr'>III,</span> <span class='ocrx_word' id='word_1_135' title='bbox 1341 1341 1372 1382; x_wconf 88' lang='lat'>9,</span> <span class='ocrx_word' id='word_1_136' title='bbox 1400 1341 1422 1376; x_wconf 90' lang='grc'><strong>9</strong></span> <span class='ocrx_word' id='word_1_137' title='bbox 1458 1352 1574 1377; x_wconf 79' lang='lat' dir='ltr'>nonne</span> <span class='ocrx_word' id='word_1_138' title='bbox 1603 1352 1669 1377; x_wconf 75' lang='lat' dir='ltr'>nos</span> 
     </span>
     <span class='ocr_line' id='line_1_20' title="bbox 187 1399 1676 1447; baseline 0.001 -11"><span class='ocrx_word' id='word_1_139' title='bbox 187 1401 274 1436; x_wconf 77' lang='lat' dir='ltr'>haee</span> <span class='ocrx_word' id='word_1_140' title='bbox 297 1402 442 1437; x_wconf 76' lang='lat' dir='ltr'>inversa</span> <span class='ocrx_word' id='word_1_141' title='bbox 466 1401 680 1437; x_wconf 69' lang='lat' dir='ltr'>consuetudo</span> <span class='ocrx_word' id='word_1_142' title='bbox 698 1399 895 1446; x_wconf 75' lang='lat' dir='ltr'>deceperit?</span> <span class='ocrx_word' id='word_1_143' title='bbox 929 1402 1096 1446; x_wconf 88' lang='lat' dir='ltr'>Apparet</span> <span class='ocrx_word' id='word_1_144' title='bbox 1113 1400 1241 1435; x_wconf 84' lang='lat' dir='ltr'>durum</span> <span class='ocrx_word' id='word_1_145' title='bbox 1258 1401 1329 1436; x_wconf 90' lang='lat' dir='ltr'>hoc</span> <span class='ocrx_word' id='word_1_146' title='bbox 1346 1401 1427 1437; x_wconf 88' lang='lat' dir='ltr'>loco</span> <span class='ocrx_word' id='word_1_147' title='bbox 1443 1401 1676 1447; x_wconf 72' lang='lat' dir='ltr'>pertinacem</span> 
     </span>
     <span class='ocr_line' id='line_1_21' title="bbox 184 1459 1674 1506; baseline 0.001 -11"><span class='ocrx_word' id='word_1_148' title='bbox 184 1460 412 1505; x_wconf 83' lang='lat' dir='ltr'>significare,</span> <span class='ocrx_word' id='word_1_149' title='bbox 456 1460 523 1496; x_wconf 88' lang='lat' dir='ltr'>sed</span> <span class='ocrx_word' id='word_1_150' title='bbox 566 1460 737 1506; x_wconf 83' lang='lat' dir='ltr'>exemplo</span> <span class='ocrx_word' id='word_1_151' title='bbox 778 1460 928 1495; x_wconf 85' lang='lat' dir='ltr'>videtur</span> <span class='ocrx_word' id='word_1_152' title='bbox 969 1471 1119 1506; x_wconf 82' lang='lat' dir='ltr'>carere3</span> <span class='ocrx_word' id='word_1_153' title='bbox 1161 1459 1329 1505; x_wconf 87' lang='lat' dir='ltr'>proxime</span> <span class='ocrx_word' id='word_1_154' title='bbox 1368 1461 1552 1496; x_wconf 89' lang='lat' dir='ltr'>accedunt</span> <span class='ocrx_word' id='word_1_155' title='bbox 1592 1461 1674 1502; x_wconf 91' lang='lat' dir='ltr'>loci,</span> 
     </span>
     <span class='ocr_line' id='line_1_22' title="bbox 183 1519 1673 1566; baseline 0 -11"><span class='ocrx_word' id='word_1_156' title='bbox 183 1519 302 1564; x_wconf 90' lang='lat' dir='ltr'>qualis</span> <span class='ocrx_word' id='word_1_157' title='bbox 328 1520 386 1555; x_wconf 91' lang='lat' dir='ltr'>est</span> <span class='ocrx_word' id='word_1_158' title='bbox 411 1520 523 1565; x_wconf 91' lang='lat' dir='ltr'>Verg.</span> <span class='ocrx_word' id='word_1_159' title='bbox 550 1531 679 1565; x_wconf 83' lang='lat' dir='ltr'>georg.</span> <span class='ocrx_word' id='word_1_160' title='bbox 705 1519 754 1561; x_wconf 94' lang='lat' dir='ltr'>II,</span> <span class='ocrx_word' id='word_1_161' title='bbox 784 1519 852 1554; x_wconf 84' lang='lat'>170</span> <span class='ocrx_word' id='word_1_162' title='bbox 891 1519 1083 1564; x_wconf 75' lang='lat' dir='ltr'>Scipiadas</span> <span class='ocrx_word' id='word_1_163' title='bbox 1114 1519 1223 1554; x_wconf 78' lang='lat' dir='ltr'>duros</span> <span class='ocrx_word' id='word_1_164' title='bbox 1254 1519 1340 1555; x_wconf 84' lang='lat' dir='ltr'>bello</span> <span class='ocrx_word' id='word_1_165' title='bbox 1368 1519 1494 1564; x_wconf 86' lang='lat' dir='ltr'>(Italia</span> <span class='ocrx_word' id='word_1_166' title='bbox 1527 1520 1673 1566; x_wconf 84' lang='lat' dir='ltr'>extulit)</span> 
     </span>
     <span class='ocr_line' id='line_1_23' title="bbox 183 1578 1672 1625; baseline 0 -11"><span class='ocrx_word' id='word_1_167' title='bbox 183 1579 457 1618; x_wconf 86' lang='lat' dir='ltr'>‘ausdauernd&#39;.</span> <span class='ocrx_word' id='word_1_168' title='bbox 503 1579 555 1614; x_wconf 91' lang='lat' dir='ltr'>De</span> <span class='ocrx_word' id='word_1_169' title='bbox 579 1579 793 1624; x_wconf 84' lang='lat' dir='ltr'>pervicacia</span> <span class='ocrx_word' id='word_1_170' title='bbox 813 1579 995 1624; x_wconf 83' lang='lat' dir='ltr'>Meleagri</span> <span class='ocrx_word' id='word_1_171' title='bbox 1021 1578 1088 1614; x_wconf 89' lang='lat' dir='ltr'>cfr.</span> <span class='ocrx_word' id='word_1_172' title='bbox 1116 1589 1211 1623; x_wconf 88' lang='lat' dir='ltr'>quae</span> <span class='ocrx_word' id='word_1_173' title='bbox 1243 1579 1397 1624; x_wconf 83' lang='lat' dir='ltr'>exponit</span> <span class='ocrx_word' id='word_1_174' title='bbox 1413 1579 1524 1615; x_wconf 88' lang='lat' dir='ltr'>Prell.</span> <span class='ocrx_word' id='word_1_175' title='bbox 1550 1591 1672 1625; x_wconf 87' lang='lat' dir='ltr'>graec.</span> 
     </span>
     <span class='ocr_line' id='line_1_24' title="bbox 182 1638 628 1684; baseline 0.004 -11"><span class='ocrx_word' id='word_1_176' title='bbox 182 1638 337 1684; x_wconf 83' lang='lat' dir='ltr'>mythol.</span> <span class='ocrx_word' id='word_1_177' title='bbox 363 1638 429 1680; x_wconf 77' lang='lat'>11³,</span> <span class='ocrx_word' id='word_1_178' title='bbox 456 1638 526 1673; x_wconf 85' lang='lat'>304</span> <span class='ocrx_word' id='word_1_179' title='bbox 551 1650 628 1683; x_wconf 86' lang='lat' dir='ltr'>seq.</span> 
     </span>
    </p>

    <p class='ocr_par' dir='ltr' id='par_1_14' title="bbox 178 1697 1672 1982">
     <span class='ocr_line' id='line_1_25' title="bbox 274 1697 1672 1743; baseline 0.001 -11"><span class='ocrx_word' id='word_1_180' title='bbox 274 1697 353 1733; x_wconf 86' lang='lat'>650.</span> <span class='ocrx_word' id='word_1_181' title='bbox 429 1697 622 1743; x_wconf 84' lang='lat' dir='ltr'>Meleager</span> <span class='ocrx_word' id='word_1_182' title='bbox 659 1697 777 1734; x_wconf 88' lang='lat' dir='ltr'>socios</span> <span class='ocrx_word' id='word_1_183' title='bbox 815 1697 1005 1734; x_wconf 88' lang='lat' dir='ltr'>silentium</span> <span class='ocrx_word' id='word_1_184' title='bbox 1047 1699 1212 1735; x_wconf 86' lang='lat' dir='ltr'>tenuisse</span> <span class='ocrx_word' id='word_1_185' title='bbox 1252 1699 1419 1735; x_wconf 86' lang='lat' dir='ltr'>affirmat</span> <span class='ocrx_word' id='word_1_186' title='bbox 1459 1698 1672 1735; x_wconf 87' lang='lat' dir='ltr'>reverentia</span> 
     </span>
     <span class='ocr_line' id='line_1_26' title="bbox 179 1753 1668 1804; baseline 0 -11"><span class='ocrx_word' id='word_1_187' title='bbox 179 1757 323 1793; x_wconf 87' lang='lat' dir='ltr'>Iasonis</span> <span class='ocrx_word' id='word_1_188' title='bbox 349 1757 482 1793; x_wconf 84' lang='lat' dir='ltr'>ductos</span> <span class='ocrx_word' id='word_1_189' title='bbox 506 1757 665 1802; x_wconf 91' lang='lat' dir='ltr'>ideoque</span> <span class='ocrx_word' id='word_1_190' title='bbox 691 1768 774 1793; x_wconf 89' lang='lat' dir='ltr'>sero</span> <span class='ocrx_word' id='word_1_191' title='bbox 798 1758 997 1802; x_wconf 81' lang='lat' dir='ltr'>postquam</span> <span class='ocrx_word' id='word_1_192' title='bbox 1022 1757 1078 1793; x_wconf 88' lang='lat' dir='ltr'>ius</span> <span class='ocrx_word' id='word_1_193' title='bbox 1103 1758 1281 1803; x_wconf 75' lang='lat' dir='ltr'>loquendi</span> <span class='ocrx_word' id='word_1_194' title='bbox 1306 1758 1472 1794; x_wconf 83' lang='lat' dir='ltr'>dedisset</span> <span class='ocrx_word' id='word_1_195' title='bbox 1490 1753 1547 1804; x_wconf 73' lang='lat' dir='ltr'>(v.</span> <span class='ocrx_word' id='word_1_196' title='bbox 1574 1758 1668 1802; x_wconf 83' lang='lat'>624),</span> 
     </span>
     <span class='ocr_line' id='line_1_27' title="bbox 179 1816 1666 1863; baseline 0 -11"><span class='ocrx_word' id='word_1_197' title='bbox 179 1828 219 1852; x_wconf 87' lang='lat' dir='ltr'>se</span> <span class='ocrx_word' id='word_1_198' title='bbox 245 1817 292 1853; x_wconf 87' lang='lat' dir='ltr'>de</span> <span class='ocrx_word' id='word_1_199' title='bbox 317 1827 423 1852; x_wconf 82' lang='lat' dir='ltr'>mora</span> <span class='ocrx_word' id='word_1_200' title='bbox 447 1816 599 1862; x_wconf 75' lang='lat' dir='ltr'>ingrata</span> <span class='ocrx_word' id='word_1_201' title='bbox 625 1816 740 1861; x_wconf 88' lang='lat' dir='ltr'>queri.</span> <span class='ocrx_word' id='word_1_202' title='bbox 814 1816 924 1852; x_wconf 88' lang='lat' dir='ltr'>Falso</span> <span class='ocrx_word' id='word_1_203' title='bbox 949 1818 1087 1862; x_wconf 85' lang='lat' dir='ltr'>putant</span> <span class='ocrx_word' id='word_1_204' title='bbox 1111 1818 1303 1853; x_wconf 86' lang='lat' dir='ltr'>Burmann</span> <span class='ocrx_word' id='word_1_205' title='bbox 1330 1819 1368 1853; x_wconf 87' lang='lat' dir='ltr'>et</span> <span class='ocrx_word' id='word_1_206' title='bbox 1393 1817 1570 1863; x_wconf 79' lang='lat' dir='ltr'>Wagner,</span> <span class='ocrx_word' id='word_1_207' title='bbox 1610 1817 1666 1852; x_wconf 88' lang='lat' dir='ltr'>his</span> 
     </span>
     <span class='ocr_line' id='line_1_28' title="bbox 178 1875 1670 1923; baseline 0.001 -12"><span class='ocrx_word' id='word_1_208' title='bbox 178 1876 303 1912; x_wconf 86' lang='lat' dir='ltr'>verbis</span> <span class='ocrx_word' id='word_1_209' title='bbox 328 1875 534 1921; x_wconf 81' lang='lat' dir='ltr'>vituperari</span> <span class='ocrx_word' id='word_1_210' title='bbox 558 1875 742 1917; x_wconf 83' lang='lat' dir='ltr'>Iasonem,</span> <span class='ocrx_word' id='word_1_211' title='bbox 770 1876 869 1921; x_wconf 88' lang='lat' dir='ltr'>quod</span> <span class='ocrx_word' id='word_1_212' title='bbox 894 1876 1018 1911; x_wconf 90' lang='lat' dir='ltr'>omnia</span> <span class='ocrx_word' id='word_1_213' title='bbox 1046 1888 1090 1912; x_wconf 82' lang='lat' dir='ltr'>ex</span> <span class='ocrx_word' id='word_1_214' title='bbox 1116 1877 1273 1913; x_wconf 84' lang='lat' dir='ltr'>arbitrio</span> <span class='ocrx_word' id='word_1_215' title='bbox 1301 1878 1340 1913; x_wconf 87' lang='lat' dir='ltr'>et</span> <span class='ocrx_word' id='word_1_216' title='bbox 1364 1876 1469 1922; x_wconf 87' lang='lat' dir='ltr'>regia</span> <span class='ocrx_word' id='word_1_217' title='bbox 1495 1876 1670 1923; x_wconf 87' lang='lat' dir='ltr'>superbia</span> 
     </span>
     <span class='ocr_line' id='line_1_29' title="bbox 179 1935 1250 1982; baseline -0.001 -10"><span class='ocrx_word' id='word_1_218' title='bbox 179 1937 280 1982; x_wconf 85' lang='lat' dir='ltr'>agat,</span> <span class='ocrx_word' id='word_1_219' title='bbox 307 1936 375 1972; x_wconf 91' lang='lat' dir='ltr'>sed</span> <span class='ocrx_word' id='word_1_220' title='bbox 403 1935 646 1981; x_wconf 86' lang='lat' dir='ltr'>vituperatur,</span> <span class='ocrx_word' id='word_1_221' title='bbox 673 1935 772 1981; x_wconf 91' lang='lat' dir='ltr'>quod</span> <span class='ocrx_word' id='word_1_222' title='bbox 796 1935 942 1970; x_wconf 87' lang='lat' dir='ltr'>tamdiu</span> <span class='ocrx_word' id='word_1_223' title='bbox 969 1937 1165 1972; x_wconf 88' lang='lat' dir='ltr'>cunctatus</span> <span class='ocrx_word' id='word_1_224' title='bbox 1191 1937 1250 1971; x_wconf 87' lang='lat' dir='ltr'>sit.</span> 
     </span>
    </p>

    <p class='ocr_par' dir='ltr' id='par_1_15' title="bbox 179 1994 1673 2091">
     <span class='ocr_line' id='line_1_30' title="bbox 274 1994 1673 2040; baseline 0 -10"><span class='ocrx_word' id='word_1_225' title='bbox 274 1995 354 2031; x_wconf 91' lang='lat'>652.</span> <span class='ocrx_word' id='word_1_226' title='bbox 404 1995 489 2030; x_wconf 88' lang='lat' dir='ltr'>Iam</span> <span class='ocrx_word' id='word_1_227' title='bbox 529 2006 598 2040; x_wconf 91' lang='lat' dir='ltr'>per</span> <span class='ocrx_word' id='word_1_228' title='bbox 639 2006 704 2031; x_wconf 87' lang='lat' dir='ltr'>sex</span> <span class='ocrx_word' id='word_1_229' title='bbox 754 1994 833 2031; x_wconf 86' lang='lat' dir='ltr'>dies</span> <span class='ocrx_word' id='word_1_230' title='bbox 871 1996 1059 2031; x_wconf 86' lang='lat' dir='ltr'>moratum</span> <span class='ocrx_word' id='word_1_231' title='bbox 1113 2007 1193 2032; x_wconf 84' lang='lat' dir='ltr'>esse</span> <span class='ocrx_word' id='word_1_232' title='bbox 1234 1996 1406 2032; x_wconf 80' lang='lat' dir='ltr'>Iasonem</span> <span class='ocrx_word' id='word_1_233' title='bbox 1449 1996 1505 2031; x_wconf 89' lang='lat' dir='ltr'>his</span> <span class='ocrx_word' id='word_1_234' title='bbox 1548 1995 1673 2031; x_wconf 84' lang='lat' dir='ltr'>verbis</span> 
     </span>
     <span class='ocr_line' id='line_1_31' title="bbox 179 2055 399 2091; baseline 0.005 -1"><span class='ocrx_word' id='word_1_235' title='bbox 179 2055 399 2091; x_wconf 84' lang='lat' dir='ltr'>ostenditur.</span> 
     </span>
    </p>

    <p class='ocr_par' dir='ltr' id='par_1_16' title="bbox 179 2113 1671 2220">
     <span class='ocr_line' id='line_1_32' title="bbox 273 2113 1671 2161; baseline 0 -12"><span class='ocrx_word' id='word_1_236' title='bbox 273 2113 354 2150; x_wconf 85' lang='lat'>655.</span> <span class='ocrx_word' id='word_1_237' title='bbox 404 2114 493 2150; x_wconf 83' lang='lat' dir='ltr'>duro</span> <span class='ocrx_word' id='word_1_238' title='bbox 532 2137 578 2143; x_wconf 89' lang='lat'><strong>—</strong></span> <span class='ocrx_word' id='word_1_239' title='bbox 614 2114 680 2149; x_wconf 77' lang='lat' dir='ltr'>sub</span> <span class='ocrx_word' id='word_1_240' title='bbox 717 2125 796 2160; x_wconf 70' lang='grc' dir='ltr'>φερε</span> <span class='ocrx_word' id='word_1_241' title='bbox 833 2126 883 2153; x_wconf 83' lang='lat' dir='ltr'>se.</span> <span class='ocrx_word' id='word_1_242' title='bbox 920 2114 1139 2160; x_wconf 85' lang='lat' dir='ltr'>Eurystheo,</span> <span class='ocrx_word' id='word_1_243' title='bbox 1179 2115 1241 2161; x_wconf 88' lang='lat' dir='ltr'>qui</span> <span class='ocrx_word' id='word_1_244' title='bbox 1281 2115 1388 2151; x_wconf 88' lang='lat' dir='ltr'>nobis</span> <span class='ocrx_word' id='word_1_245' title='bbox 1429 2114 1671 2150; x_wconf 86' lang='lat' dir='ltr'>redeuntibus</span> 
     </span>
     <span class='ocr_line' id='line_1_33' title="bbox 179 2173 721 2220; baseline 0 -12"><span class='ocrx_word' id='word_1_246' title='bbox 179 2185 296 2210; x_wconf 78' lang='lat' dir='ltr'>novos</span> <span class='ocrx_word' id='word_1_247' title='bbox 324 2173 473 2210; x_wconf 84' lang='lat' dir='ltr'>labores</span> <span class='ocrx_word' id='word_1_248' title='bbox 498 2174 721 2220; x_wconf 87' lang='lat' dir='ltr'>imponeret.</span> 
     </span>
    </p>

    <p class='ocr_par' dir='ltr' id='par_1_17' title="bbox 177 2232 1669 2398">
     <span class='ocr_line' id='line_1_34' title="bbox 274 2232 1668 2276; baseline 0.001 -9"><span class='ocrx_word' id='word_1_249' title='bbox 274 2232 354 2268; x_wconf 87' lang='lat'>656.</span> <span class='ocrx_word' id='word_1_250' title='bbox 406 2233 455 2268; x_wconf 87' lang='lat' dir='ltr'>ad</span> <span class='ocrx_word' id='word_1_251' title='bbox 479 2234 628 2269; x_wconf 79' lang='lat' dir='ltr'>medium</span> <span class='ocrx_word' id='word_1_252' title='bbox 654 2235 721 2269; x_wconf 73' lang='lat' dir='ltr'>iter</span> <span class='ocrx_word' id='word_1_253' title='bbox 745 2233 766 2268; x_wconf 92' lang='lat' dir='ltr'>i.</span> <span class='ocrx_word' id='word_1_254' title='bbox 796 2245 827 2269; x_wconf 88' lang='lat' dir='ltr'>e.</span> <span class='ocrx_word' id='word_1_255' title='bbox 852 2233 892 2269; x_wconf 90' lang='lat' dir='ltr'>in</span> <span class='ocrx_word' id='word_1_256' title='bbox 916 2234 1040 2270; x_wconf 89' lang='lat' dir='ltr'>medio</span> <span class='ocrx_word' id='word_1_257' title='bbox 1057 2235 1136 2270; x_wconf 79' lang='lat' dir='ltr'>fere</span> <span class='ocrx_word' id='word_1_258' title='bbox 1154 2234 1304 2276; x_wconf 86' lang='lat' dir='ltr'>itinere;</span> <span class='ocrx_word' id='word_1_259' title='bbox 1338 2233 1507 2270; x_wconf 84' lang='lat' dir='ltr'>similiter</span> <span class='ocrx_word' id='word_1_260' title='bbox 1533 2233 1668 2269; x_wconf 78' lang='lat' dir='ltr'>dicitur</span> 
     </span>
     <span class='ocr_line' id='line_1_35' title="bbox 177 2293 1669 2339; baseline 0 -10"><span class='ocrx_word' id='word_1_261' title='bbox 177 2293 282 2329; x_wconf 84' lang='lat' dir='ltr'>velut</span> <span class='ocrx_word' id='word_1_262' title='bbox 307 2293 401 2338; x_wconf 87' lang='lat' dir='ltr'>Nep.</span> <span class='ocrx_word' id='word_1_263' title='bbox 429 2293 494 2329; x_wconf 88' lang='lat' dir='ltr'>vit.</span> <span class='ocrx_word' id='word_1_264' title='bbox 523 2293 598 2329; x_wconf 85' lang='lat' dir='ltr'>Att.</span> <span class='ocrx_word' id='word_1_265' title='bbox 626 2295 682 2336; x_wconf 87' lang='lat'>22,</span> <span class='ocrx_word' id='word_1_266' title='bbox 711 2295 733 2330; x_wconf 84' lang='lat'>4</span> <span class='ocrx_word' id='word_1_267' title='bbox 757 2295 916 2339; x_wconf 76' lang='lat' dir='ltr'>sepultus</span> <span class='ocrx_word' id='word_1_268' title='bbox 941 2299 991 2330; x_wconf 77' lang='lat' dir='ltr'>est</span> <span class='ocrx_word' id='word_1_269' title='bbox 1016 2296 1118 2330; x_wconf 72' lang='lat' dir='ltr'>iuxta</span> <span class='ocrx_word' id='word_1_270' title='bbox 1143 2295 1236 2330; x_wconf 79' lang='lat' dir='ltr'>viam</span> <span class='ocrx_word' id='word_1_271' title='bbox 1254 2294 1412 2339; x_wconf 79' lang='lat' dir='ltr'>Appiam</span> <span class='ocrx_word' id='word_1_272' title='bbox 1437 2293 1486 2329; x_wconf 88' lang='lat' dir='ltr'>ad</span> <span class='ocrx_word' id='word_1_273' title='bbox 1506 2293 1669 2339; x_wconf 75' lang='lat' dir='ltr'>quintum</span> 
     </span>
     <span class='ocr_line' id='line_1_36' title="bbox 180 2353 508 2398; baseline 0 -10"><span class='ocrx_word' id='word_1_274' title='bbox 180 2353 334 2397; x_wconf 77' lang='lat' dir='ltr'>lapidem</span> <span class='ocrx_word' id='word_1_275' title='bbox 361 2364 390 2389; x_wconf 93' lang='lat' dir='ltr'>e.</span> <span class='ocrx_word' id='word_1_276' title='bbox 419 2364 453 2398; x_wconf 90' lang='lat' dir='ltr'>q.</span> <span class='ocrx_word' id='word_1_277' title='bbox 480 2365 508 2388; x_wconf 88' lang='lat' dir='ltr'>s.</span> 
     </span>
    </p>

    <p class='ocr_par' dir='ltr' id='par_1_18' title="bbox 178 2411 1665 2517">
     <span class='ocr_line' id='line_1_37' title="bbox 274 2411 1665 2461; baseline 0.001 -15"><span class='ocrx_word' id='word_1_278' title='bbox 274 2411 312 2446; x_wconf 82' lang='lat' dir='ltr'>Si</span> <span class='ocrx_word' id='word_1_279' title='bbox 335 2411 374 2446; x_wconf 93' lang='lat' dir='ltr'>in</span> <span class='ocrx_word' id='word_1_280' title='bbox 398 2411 476 2447; x_wconf 88' lang='lat' dir='ltr'>ulla</span> <span class='ocrx_word' id='word_1_281' title='bbox 502 2412 664 2461; x_wconf 86' lang='lat' dir='ltr'>regione,</span> <span class='ocrx_word' id='word_1_282' title='bbox 691 2413 812 2458; x_wconf 89' lang='lat' dir='ltr'>inquit</span> <span class='ocrx_word' id='word_1_283' title='bbox 837 2413 1038 2459; x_wconf 86' lang='lat' dir='ltr'>Meleager,</span> <span class='ocrx_word' id='word_1_284' title='bbox 1065 2413 1162 2449; x_wconf 81' lang='lat' dir='ltr'>tales</span> <span class='ocrx_word' id='word_1_285' title='bbox 1179 2424 1302 2449; x_wconf 89' lang='lat' dir='ltr'>moras</span> <span class='ocrx_word' id='word_1_286' title='bbox 1319 2413 1482 2448; x_wconf 87' lang='lat' dir='ltr'>tolerare</span> <span class='ocrx_word' id='word_1_287' title='bbox 1507 2423 1665 2458; x_wconf 84' lang='lat' dir='ltr'>possem,</span> 
     </span>
     <span class='ocr_line' id='line_1_38' title="bbox 178 2471 1241 2517; baseline -0.001 -9"><span class='ocrx_word' id='word_1_288' title='bbox 178 2474 279 2508; x_wconf 87' lang='lat' dir='ltr'>certe</span> <span class='ocrx_word' id='word_1_289' title='bbox 303 2471 342 2506; x_wconf 91' lang='lat' dir='ltr'>in</span> <span class='ocrx_word' id='word_1_290' title='bbox 366 2471 492 2517; x_wconf 83' lang='lat' dir='ltr'>patria</span> <span class='ocrx_word' id='word_1_291' title='bbox 515 2483 664 2517; x_wconf 86' lang='lat' dir='ltr'>possem</span> <span class='ocrx_word' id='word_1_292' title='bbox 688 2472 814 2517; x_wconf 89' lang='lat' dir='ltr'>ibique</span> <span class='ocrx_word' id='word_1_293' title='bbox 841 2472 986 2517; x_wconf 85' lang='lat' dir='ltr'>quietus</span> <span class='ocrx_word' id='word_1_294' title='bbox 1012 2472 1241 2508; x_wconf 87' lang='lat' dir='ltr'>mansissem.</span> 
     </span>
    </p>

    <p class='ocr_par' dir='ltr' id='par_1_19' title="bbox 177 2530 1667 2695">
     <span class='ocr_line' id='line_1_39' title="bbox 273 2530 1667 2576; baseline 0.001 -11"><span class='ocrx_word' id='word_1_295' title='bbox 273 2530 351 2566; x_wconf 85' lang='lat'>657.</span> <span class='ocrx_word' id='word_1_296' title='bbox 402 2531 530 2566; x_wconf 75' lang='lat' dir='ltr'>inania</span> <span class='ocrx_word' id='word_1_297' title='bbox 555 2535 713 2576; x_wconf 82' lang='lat' dir='ltr'>tempora</span> <span class='ocrx_word' id='word_1_298' title='bbox 738 2532 759 2566; x_wconf 90' lang='lat' dir='ltr'>i.</span> <span class='ocrx_word' id='word_1_299' title='bbox 778 2543 808 2567; x_wconf 91' lang='lat' dir='ltr'>e.</span> <span class='ocrx_word' id='word_1_300' title='bbox 834 2532 980 2572; x_wconf 85' lang='lat' dir='ltr'>inertia,</span> <span class='ocrx_word' id='word_1_301' title='bbox 1007 2532 1046 2566; x_wconf 91' lang='lat' dir='ltr'>in</span> <span class='ocrx_word' id='word_1_302' title='bbox 1064 2531 1195 2576; x_wconf 89' lang='lat' dir='ltr'>quibus</span> <span class='ocrx_word' id='word_1_303' title='bbox 1213 2531 1305 2566; x_wconf 86' lang='lat' dir='ltr'>nihil</span> <span class='ocrx_word' id='word_1_304' title='bbox 1323 2532 1467 2576; x_wconf 85' lang='lat' dir='ltr'>agatur,</span> <span class='ocrx_word' id='word_1_305' title='bbox 1494 2532 1536 2566; x_wconf 88' lang='lat' dir='ltr'>ut</span> <span class='ocrx_word' id='word_1_306' title='bbox 1556 2531 1667 2576; x_wconf 86' lang='lat' dir='ltr'>Verg.</span> 
     </span>
     <span class='ocr_line' id='line_1_40' title="bbox 177 2589 1664 2635; baseline 0 -10"><span class='ocrx_word' id='word_1_307' title='bbox 177 2591 269 2626; x_wconf 90' lang='lat' dir='ltr'>Aen.</span> <span class='ocrx_word' id='word_1_308' title='bbox 296 2590 358 2631; x_wconf 89' lang='lat' dir='ltr'>IV,</span> <span class='ocrx_word' id='word_1_309' title='bbox 385 2590 470 2631; x_wconf 84' lang='lat'>433;</span> <span class='ocrx_word' id='word_1_310' title='bbox 497 2590 622 2635; x_wconf 88' lang='lat' dir='ltr'>paullo</span> <span class='ocrx_word' id='word_1_311' title='bbox 662 2590 736 2625; x_wconf 86' lang='lat' dir='ltr'>alia</span> <span class='ocrx_word' id='word_1_312' title='bbox 780 2592 836 2626; x_wconf 88' lang='lat' dir='ltr'>est</span> <span class='ocrx_word' id='word_1_313' title='bbox 874 2591 977 2627; x_wconf 85' lang='lat' dir='ltr'>notio</span> <span class='ocrx_word' id='word_1_314' title='bbox 1011 2591 1076 2627; x_wconf 85' lang='lat' dir='ltr'>Ov.</span> <span class='ocrx_word' id='word_1_315' title='bbox 1103 2592 1191 2627; x_wconf 85' lang='lat' dir='ltr'>met.</span> <span class='ocrx_word' id='word_1_316' title='bbox 1218 2590 1267 2631; x_wconf 92' lang='lat' dir='ltr'>II,</span> <span class='ocrx_word' id='word_1_317' title='bbox 1294 2589 1373 2631; x_wconf 78' lang='lat'>575,</span> <span class='ocrx_word' id='word_1_318' title='bbox 1400 2590 1465 2625; x_wconf 87' lang='lat' dir='ltr'>ubi</span> <span class='ocrx_word' id='word_1_319' title='bbox 1491 2590 1664 2626; x_wconf 87' lang='lat' dir='ltr'>dicuntur</span> 
     </span>
     <span class='ocr_line' id='line_1_41' title="bbox 177 2649 792 2695; baseline 0 -11"><span class='ocrx_word' id='word_1_320' title='bbox 177 2651 350 2695; x_wconf 81' lang='lat' dir='ltr'>tempora</span> <span class='ocrx_word' id='word_1_321' title='bbox 374 2649 537 2685; x_wconf 84' lang='lat' dir='ltr'>inaniter</span> <span class='ocrx_word' id='word_1_322' title='bbox 563 2651 792 2694; x_wconf 85' lang='lat' dir='ltr'>consumpta.</span> 
     </span>
    </p>
   </div>
  </div>
 </body>
</html>
