1890 3100
557 182 942 220 ARGONAVTICON
965 182 1112 218 LIBER
1128 181 1189 216 vl„
1529 182 1616 226 431

238 305 420 356 increpat
447 309 488 342 et
516 303 652 342 stricto
682 303 739 341 sic
766 308 910 354 urguet
939 303 1113 353 Iazygas
1144 313 1262 339 ense:

241 374 397 420 ‘nempe
426 382 563 407 omnes
592 367 774 407 cecidere
803 380 934 413 senes,
963 379 1108 418 nempe
1137 366 1263 404 omnis
1291 364 1503 416 ademptus

238 440 332 473 ante
360 439 484 486 pater.
542 447 645 485 quae
674 446 745 471 vos
774 432 905 470 subito
933 437 1014 470 tam
1042 430 1161 469 foeda
1189 436 1377 469 senectus

239 500 427 551 corripuit
455 498 656 551 fregitque
685 498 837 536 animos
865 502 986 548 atque
1015 495 1179 534 abstulit
1207 494 1317 533 iras?

240 569 309 602 aut
323 570 492 602 'mecum
521 563 705 609 mediam,
733 563 913 607 iuvenes,
943 562 1050 612 agite
1078 561 1134 599 ite
1162 573 1235 612 per
1262 560 1370 598 urbis
1617 576 1673 607 285

238 621 549 681 Argolicamque
578 642 750 673 manum,
779 632 848 665 aut
875 627 977 665 caris
1007 626 1228 664 occumbite
1257 625 1386 663 natis'.

239 694 361 732 inruit
378 688 429 732 et
457 694 605 745 patrias
633 692 785 744 coeptis
812 692 921 730 ferus
950 690 1119 729 advocat
1148 691 1327 729 umbras:

242 764 393 798 ‘sancte
420 759 518 797 mihi
544 759 719 809 Vorapte
748 763 872 809 pater,
901 763 972 795 tua
1000 763 1162 809 pectora
1189 762 1282 794 nato

241 837 413 876 suggere
441 837 548 862 nunc
575 824 826 875 animamque
856 836 1002 874 parem,
1033 823 1067 861 si
1094 822 1176 861 fata
1204 835 1347 873 peroso

239 888 354 927 tarda
379 889 451 927 tibi
479 894 697 940 turpesque
725 902 854 926 moras
888 901 968 926 non
997 888 1159 939 seg-nius
1187 888 1265 938 ipsi
1619 898 1676 929 290

239 954 442 1006 paruimus
469 954 661 1006 parvique
691 954 810 991 etiam
839 952 1014 991 didicere
1042 952 1236 1004 nepotes’.

239 1019 342 1058 haec
370 1019 435 1065 ait,
465 1018 704 1070 auditusque
733 1018 882 1056 Erebo.
937 1023 1032 1056 tunc
1061 1018 1220 1069 corripit
1249 1030 1386 1056 ensem

240 1083 422 1122 turbidus
452 1090 493 1122 et
520 1083 632 1121 furiis
661 1083 806 1122 ardens
836 1083 963 1135 quatit
989 1097 1100 1121 arma
1125 1083 1314 1134 paternis.

240 1148 439 1200 indigenis
469 1154 646 1187 sacratus
675 1148 787 1200 aquis
815 1148 1030 1200 magnique
1061 1147 1247 1186 sacerdos

242 1213 426 1252 Phasidis
455 1213 613 1251 Arctois
641 1213 812 1265 Aquites
843 1213 999 1251 errabat
1028 1213 1069 1250 in
1098 1213 1228 1258 armis,
1620 1219 1676 1250 295

246 1278 459 1330 (populeus
489 1278 553 1316 cui
580 1277 730 1316 frondis
759 1278 886 1316 honor
913 1284 1208 1330 conspectaque
1236 1278 1381 1330 glauco

229 1413 300 1449 282
347 1424 447 1459 seqq.
486 1424 569 1448 cum
606 1414 743 1449 acerba
780 1413 1042 1458 obiurgatione
1071 1413 1166 1448 dixit
1204 1413 1403 1449 Gesander.
1465 1413 1620 1458 Nempe,

137 1472 269 1518 inquit.
304 1472 487 1518 putabam
524 1483 651 1508 omnes
676 1483 782 1508 senes
814 1484 859 1508 ex
884 1484 985 1508 more
1011 1484 1034 1507 a
1058 1473 1165 1508 nobis
1191 1473 1405 1509 interfectos
1432 1484 1511 1508 esse
1536 1472 1619 1517 (cfr.

139 1531 208 1567 122
244 1534 372 1577 seqq),
408 1531 476 1567 sed
510 1543 571 1567 me
609 1543 752 1567 errasse
776 1532 896 1573 video,
940 1543 1024 1567 cum
1059 1544 1125 1567 vos
1162 1534 1243 1567 tam
1280 1532 1392 1568 foeda
1429 1533 1622 1568 senectute

139 1593 330 1637 correptos
355 1591 589 1636 conspiciam.

234 1661 315 1698 285.
363 1663 483 1697 urbem
507 1662 603 1701 Vat„
629 1663 729 1698 urbis
753 1663 906 1708 Madvig
930 1663 1076 1699 advers.
1103 1663 1183 1698 crit.
1210 1663 1258 1708 11,
1284 1663 1363 1698 147.
1426 1661 1622 1698 Sententia

139 1721 233 1757 haec
264 1722 340 1757 est:
378 1722 442 1757 aut
476 1732 620 1756 meeum
646 1721 843 1757 fortissime
867 1724 1079 1767 pugnantes
1117 1722 1278 1766 gloriosa
1303 1723 1425 1757 morte
1450 1721 1620 1762 occidite,

139 1781 207 1815 aut
228 1791 357 1826 pugna
381 1780 594 1815 detrectata
618 1782 762 1826 turpem
796 1782 1030 1817 senectutem
1053 1781 1156 1816 nacti
1181 1792 1203 1814 a
1228 1781 1311 1816 filiis
1336 1780 1621 1817 interficiemini.

233 1849 315 1886 286.
364 1851 555 1885 occumbite
577 1851 689 1886 natis:
716 1851 763 1886 de
789 1851 1034 1886 occumbendi
1050 1851 1166 1886 verbo
1193 1863 1274 1886 cum
1295 1852 1423 1887 dativo
1439 1862 1622 1897 personae

80 1904 85 1907 ’
138 1908 266 1945 iuncto
292 1908 359 1945 cfr.
385 1910 472 1945 Luc.
498 1909 562 1950 Ix,
590 1909 674 1952 129;
700 1910 761 1946 Sil.
790 1910 830 1954 V,
854 1910 943 1951 260;
972 1910 1100 1946 Claud.
1127 1911 1174 1946 de
1198 1910 1286 1946 bell.
1304 1910 1394 1946 Poll.
1417 1910 1478 1952 75;
1503 1910 1622 1946 multo

140 1967 288 2014 saepius
314 1968 367 2003 sic
393 1970 648 2004 constructum
671 1969 810 2014 legitur
833 1970 1063 2005 succumbere.

232 2038 313 2075 288.
362 2043 540 2074 sancte—
548 2043 671 2083 pater:
698 2039 808 2085 Verg.
834 2040 924 2076 Aen.
950 2040 1018 2086 XI,
1045 2040 1113 2075 158
1134 2041 1359 2076 sanctissima
1383 2040 1531 2082 certium
1570 2040 1623 2075 sic

140 2097 341 2142 alloquitur
364 2098 537 2133 Evander
564 2109 712 2134 uxorem
736 2100 930 2134 mortuam.

233 2156 315 2192 291.
364 2168 440 2191 eam
464 2157 560 2197 Vat..
588 2159 689 2192 etiam
718 2157 774 2193 ed.
801 2157 903 2199 Bon,
929 2169 980 2194 sc.
1004 2158 1105 2203 patri
1128 2169 1275 2204 parere.

233 2227 315 2265 295.
364 2229 508 2264 Arctois
547 2248 588 2254 —
621 2229 763 2263 mahat
788 2230 826 2264 in
849 2230 959 2264 armis
983 2229 1006 2266 i.
1034 2241 1063 2265 e.
1090 2229 1129 2264 in
1154 2230 1322 2266 exercitu
1346 2229 1536 2275 Scythico;
1575 2229 1623 2266 de

142 2287 253 2322 amnis
284 2298 353 2332 pro
377 2287 464 2321 viris
500 2287 652 2322 armatis
690 2287 835 2333 scriptis
861 2287 927 2323 cfr.
954 2288 1003 2323 ad
1028 2288 1076 2333 ΙΙ,
1113 2289 1200 2330 312;
1239 2289 1286 2325 de
1311 2288 1458 2334 Scythis
1484 2290 1621 2330 autem,

142 2344 203 2390 qui
239 2345 415 2380 auxilium
451 2346 624 2382 ferebant
649 2346 792 2382 Persae.
830 2347 868 2381 in
905 2348 1043 2383 Arctoa
1081 2348 1232 2393 regione
1265 2348 1523 2383 habitantibus
1548 2347 1621 2382 vid.

144 2403 186 2445 V,
210 2404 294 2441 272.

236 2462 319 2501 296.
360 2464 537 2514 populeus
578 2485 621 2490 —
660 2464 801 2506 frondis
840 2466 972 2510 honor,-
1008 2466 1167 2512 populus
1208 2477 1327 2512 aquae
1368 2465 1624 2501 amantissima

142 2521 295 2567 propria
330 2522 525 2558 fluviorum
563 2523 673 2558 arbor
710 2525 768 2559 est
803 2524 958 2569 ideoque
996 2525 1045 2560 ad
1068 2525 1168 2570 ripas
1193 2525 1346 2565 consita,
1373 2525 1441 2561 cfr.
1467 2525 1509 2565 V.
1537 2524 1622 2570 185;

143 2578 255 2626 Verg.
279 2580 371 2618 Aen.
396 2581 498 2620 VIII,
524 2582 587 2628 323
612 2594 738 2628 georg.
765 2582 814 2628 Π,
843 2583 902 2625 13;
939 2583 1066 2628 itaque
1092 2588 1134 2619 ut
1159 2595 1262 2620 coma
1287 2584 1441 2620 deorum
1466 2583 1624 2619 fluviati-

144 2637 236 2674 lium
260 2640 439 2676 arundine
477 2642 609 2677 ornata
645 2642 792 2687 saepius
827 2642 970 2683 dicitur,
1008 2643 1060 2678 sic
1085 2643 1271 2679 interdum
1298 2643 1430 2679 fronde
1456 2643 1622 2688 populos,
