1890 3100
543 261 928 300 ARGONAVTIGON
951 262 1100 297 LIBER
1124 262 1172 297 H.
1514 264 1597 306 131

226 385 406 432 Pallene,
436 385 662 435 circumque
689 382 828 420 vident
854 381 1040 419 immania
1068 385 1246 419 monstra

226 450 471 501 terrigenum
499 449 611 486 caelo
640 446 839 499 quondam
868 445 1080 484 adversata
1108 445 1334 496 gigantum,

229 528 328 567 quos
356 513 529 565 scopulis
556 512 815 563 trabibusque
843 524 989 562 parens
1016 511 1205 548 miserata
1232 510 1416 561 iugisque

233 578 361 617 induit
389 584 430 617 ct
456 591 593 616 versos
623 577 798 615 extruxit
826 577 869 614 in
897 576 1061 614 aethera
1088 581 1257 613 montes.

227 644 396 696 quisque
425 656 517 682 suas
544 643 586 680 in
613 655 711 694 rupe
738 642 866 679 minas
894 653 1150 692 pugnamque
1179 645 1391 692 metusque

228 714 361 748 servat
388 707 534 756 adhuc;
564 707 691 759 quatit
717 707 804 758 ipse
832 706 984 744 hiemes
1015 711 1055 744 et
1082 710 1243 756 torquet
1270 704 1320 743 ab
1350 704 1431 743 alto

226 773 393 812 fulmina
419 772 558 811 crebra
585 778 715 823 pater;
746 771 919 822 scopulis
948 770 1022 809 sed
1048 771 1243 808 maximus
1271 769 1350 807 illis

228 839 367 877 horror
394 838 521 884 abest,
552 837 691 875 Sicula
716 849 878 886 pressus
907 835 1051 874 tellure
1081 835 1314 887 Typhoeus.

218 963 260 997 17
286 973 378 1006 seq.;
404 961 451 997 de
475 972 516 996 re
542 960 608 996 cfr.
632 960 770 996 Lucan.
792 959 854 1000 IX,
881 959 950 994 655
974 971 1087 1004 seqq„
1111 959 1179 994 sed
1203 970 1284 994 cum
1309 958 1477 994 Lucanus
1502 959 1605 994 dicat

122 1021 305 1066 Gorgonis
330 1021 485 1066 aspectu
508 1020 683 1065 gigantas
707 1019 746 1053 in
770 1019 916 1054 montes
941 1029 1068 1053 versos
1094 1029 1175 1053 esse
1201 1017 1285 1063 (cfr.
1313 1017 1440 1054 Claud.
1472 1019 1606 1064 gigan-

121 1082 211 1116 tom.
237 1080 281 1115 91
307 1082 433 1126 seqq),
458 1079 625 1115 Valerius
657 1079 698 1114 id
722 1079 854 1114 fecisse
884 1078 1039 1113 Terram
1063 1079 1223 1114 matrem
1256 1078 1434 1122 affirmat,
1466 1080 1510 1113 ut
1542 1089 1605 1114 eos

121 1140 207 1175 neci
230 1151 254 1174 a
278 1139 356 1175 deis
380 1139 537 1174 instanti
561 1139 752 1174 eximeret.

217 1210 272 1248 19.
322 1211 481 1246 nabibus
504 1211 664 1245 matrem
688 1209 844 1245 Terram
868 1209 1043 1254 gigantes
1080 1208 1244 1244 induisse
1275 1208 1386 1244 valde
1415 1208 1604 1254 improba-

122 1269 209 1309 bile,
243 1269 453 1304 sententiae
484 1268 625 1313 optime
655 1268 858 1313 respondet
892 1268 932 1302 id
962 1267 1061 1312 quod
1091 1267 1250 1302 coniecit
1274 1267 1458 1312 Meyncke
1486 1279 1525 1312 p.
1557 1267 1604 1302 35

121 1329 302 1373 sadeqrw3
334 1328 381 1363 de
419 1327 693 1363 constructione
726 1327 832 1362 verbi
863 1327 1042 1362 induendi
1073 1326 1140 1362 cfr.
1174 1326 1285 1371 Verg.
1319 1329 1410 1363 Aen.
1440 1326 1522 1367 VII,
1559 1326 1607 1361 20

123 1398 210 1432 quos
233 1388 411 1422 homimem
434 1397 478 1421 ex
498 1387 592 1428 faeie
615 1407 662 1412 —-
686 1387 850 1421 induerat
877 1385 975 1421 Circe
1009 1387 1048 1421 in
1078 1387 1196 1420 vultus
1228 1397 1271 1420 ae
1300 1390 1399 1431 terya
1426 1386 1607 1428 ferarum?

122 1447 277 1491 scopulis
301 1446 448 1480 dativus
471 1445 587 1490 igitur
610 1445 752 1490 positus
778 1447 836 1480 est
859 1457 928 1490 pro
954 1456 999 1480 eo
1024 1445 1124 1489 quod
1149 1446 1206 1480 est
1231 1446 1269 1480 in
1292 1446 1465 1490 scopulos.

218 1517 276 1554 21.
313 1516 381 1552 -De
405 1516 593 1552 sententia
618 1516 685 1552 cfr.
711 1515 774 1552 Sil.
801 1516 843 1558 V,
869 1516 949 1551 673.

218 1587 275 1625 22.
322 1588 619 1632 quatit—hiemes
646 1587 715 1623 cfr.
741 1587 791 1622 ad
815 1587 844 1631 Ι,
869 1587 926 1623 82.

218 1658 277 1695 24.
324 1658 469 1694 Nomen
504 1658 580 1693 eius
611 1658 785 1703 gigantis,
816 1658 879 1703 qui
908 1659 976 1693 sub
1001 1659 1125 1694 Aetna
1155 1652 1265 1700 iacet.
1297 1659 1400 1695 varie
1430 1659 1604 1694 traditur.

44 1730 46 1732 ’
122 1717 384 1763 Typhoeum
407 1729 491 1753 eum
515 1728 593 1752 esse
620 1717 748 1752 dicunt
770 1718 923 1762 praeter
939 1717 1130 1753 Valerium
1148 1718 1213 1753 Ov.
1238 1719 1327 1756 met,
1345 1718 1387 1759 V,
1409 1718 1478 1754 348
1486 1732 1494 1760 ;
1521 1719 1607 1754 fast-

125 1776 156 1819 Ι,
180 1776 267 1818 573;
291 1776 355 1817 lv,
380 1775 467 1818 491;
494 1788 550 1822 ep.
575 1775 714 1822 Sapph.
741 1777 802 1818 11;
829 1775 892 1812 Sil.
918 1776 1013 1818 XIV.
1043 1777 1111 1811 196
1138 1777 1215 1822 (qui
1238 1777 1318 1823 ipse
1335 1777 1406 1812 sibi
1430 1789 1506 1813 non
1523 1789 1608 1813 con-

125 1835 235 1878 stitit,
258 1834 333 1870 vid.
359 1835 455 1876 Vm,
481 1835 584 1877 540„
610 1835 704 1880 Hyg.
732 1835 800 1869 152
826 1835 1032 1881 (Typhon);
1066 1837 1184 1881 myth.
1210 1836 1294 1872 Vat.
1326 1836 1355 1877 I,
1387 1836 1449 1878 86;
1477 1836 1610 1872 Aesch.

125 1893 248 1930 Prom.
288 1894 358 1929 364
394 1893 596 1939 (Typhon);
637 1894 743 1930 Pind.
788 1894 842 1931 Ol.
882 1894 942 1936 IV,
987 1896 1047 1936 11;
1089 1896 1202 1940 Pyth.
1242 1895 1271 1936 L
1313 1896 1360 1930 35
1402 1895 1606 1942 (Typhon);

128 1953 312 1999 (Aponod.
337 1953 366 1994 Ι,
392 1953 425 1994 6,
451 1953 483 1994 3,
513 1953 556 1987 12
581 1954 620 1988 et
645 1954 780 1988 Anton.
807 1953 928 1989 Liber.
955 1965 985 1989 c.
1011 1954 1057 1988 28
1082 1954 1140 1989 ed.
1164 1954 1363 1990 Westerm.
1390 1954 1609 2000 Typhonem

126 2011 343 2047 discernunt
381 2023 405 2046 a
428 2012 674 2057 gigantibus);
711 2012 981 2047 Enceladus
1022 2013 1089 2048 sub
1132 2015 1253 2048 Aetna
1286 2014 1408 2049 iacere
1433 2015 1608 2049 narratur

127 2082 153 2106 a
190 2070 302 2116 Verg.
342 2071 432 2106 Aen.
465 2071 534 2115 111,
570 2070 659 2115 5785
694 2071 807 2106 Lucil.
842 2072 987 2107 Aetnae
1026 2072 1091 2114 70;
1130 2072 1264 2108 Lucan.
1302 2072 1363 2118 VI,
1400 2073 1486 2115 294;
1525 2072 1608 2109 Seu.

127 2129 237 2166 Herc.
275 2129 358 2167 Oet.
405 2130 513 2171 1159;
546 2129 640 2165 Stat.
689 2130 806 2166 Τὴεὶ).
850 2130 916 2171 ΠΙ,
966 2130 1053 2172 595;
1096 2131 1157 2168 XI.
1194 2131 1238 2173 8;
1274 2131 1336 2168 Sil.
1380 2131 1477 2173 XIV,
1521 2131 1611 2179 579;

130 2188 258 2225 Claud.
296 2189 336 2224 in
371 2188 440 2225 ΠΙ.
479 2201 576 2225 cons.
614 2189 706 2224 Hon.
743 2189 826 2231 161;
865 2190 911 2225 de
945 2192 1056 2235 raptu
1092 2190 1193 2226 Pros.
1232 2191 1261 2236 Ι,
1302 2191 1386 2234 155;
1418 2191 1487 2231 HL
1525 2191 1610 2233 123;

129 2248 178 2284 de
201 2247 264 2284 VI.
290 2259 387 2284 cons,
414 2251 508 2284 Hon.
533 2247 653 2293 praef.
679 2248 741 2294 183
775 2259 887 2284 carm.
913 2249 999 2284 min.
1026 2249 1133 2283 XVII
1167 2250 1223 2285 ed.
1249 2249 1332 2284 Birt
1357 2250 1528 2295 (XXXIX
1554 2250 1610 2287 ed.

127 2307 239 2353 Jeep)
263 2319 298 2342 v.
317 2307 374 2354 323
393 2308 509 2352 myth.
538 2307 620 2343 Vat.
646 2307 694 2348 Π,
721 2307 780 2349 53;
808 2308 978 2353 Apollod.
1005 2308 1032 2350 L
1060 2308 1093 2352 6,
1119 2309 1151 2353 2,
1179 2309 1218 2350 3;
1246 2309 1358 2354 Orph.
1385 2310 1472 2354 Arg.
1501 2309 1608 2351 1251;

131 2367 173 2402 at
195 2366 440 2412 Typhoeus
466 2366 533 2401 sub
566 2366 779 2402 Inarime
805 2367 915 2412 Verg.
942 2368 1032 2403 Aen.
1064 2368 1127 2409 IX,
1164 2368 1252 2409 713;
1279 2367 1363 2404 Seu.
1389 2368 1497 2404 Herc.
1525 2368 1607 2404 Oet.

131 2424 240 2467 1156;
265 2425 352 2461 Luc.
376 2425 419 2469 V,
446 2425 530 2466 101;
557 2425 618 2460 Sil.
637 2425 737 2471 Vm,
754 2425 840 2472 5403
869 2426 996 2463 Claud.
1023 2427 1069 2462 de
1095 2426 1156 2461 VI.
1185 2438 1283 2463 cons.
1301 2428 1394 2462 Hon.
1412 2427 1532 2473 praef.
1554 2428 1609 2474 183

131 2483 180 2520 dc
202 2485 316 2530 raptu
339 2483 439 2519 Pros.
466 2483 534 2525 m,
562 2483 646 2526 183;
672 2485 742 2520 hoc
768 2486 891 2520 ortum
916 2487 973 2520 est
999 2497 1043 2520 ex
1069 2485 1165 2520 falsa
1198 2486 1511 2532 interpretatione
1538 2486 1612 2522 loci

133 2542 318 2579 Homerici
341 2543 383 2578 Il.
410 2543 459 2583 Π,
495 2543 563 2578 782
589 2555 663 2588 seq.
698 2543 751 2580 ὅτε
777 2546 807 2579 δ’
842 2545 926 2590 ἀμφὶ
955 2541 1092 2590 Τυφωέι
1127 2549 1221 2590 γαῖαν
1257 2547 1382 2595 ἱμάσσῃ
1414 2547 1527 2590 (Ζεύς)
1565 2547 1611 2582 εῖν

131 2600 288 2648 ’Δρίμοις,
311 2602 364 2639 ὅδε.
387 2603 486 2648 φασὶν
510 2600 670 2647 Τυφωέος
694 2599 832 2648 ἔμμεναι
868 2605 978 2647 εὐνάς
1017 2603 1084 2639 cfr.
1109 2604 1203 2640 Plin.
1235 2606 1311 2639 nat.
1345 2605 1429 2639 hist.
1462 2604 1528 2641 HI.
1563 2605 1609 2639 82

133 2661 294 2696 Anum-ia
315 2663 398 2706 ipsa
413 2673 437 2696 α
457 2662 609 2697 statione
632 2663 775 2697 navium
793 2663 943 2707 Aeneae,
968 2663 1123 2699 Homero
1142 2664 1299 2699 Inarime
1316 2664 1421 2700 diota.
1439 2663 1610 2709 Apollon.

134 2717 183 2762 11,
215 2720 306 2755 1214
343 2731 428 2756 eum
457 2721 495 2755 in
527 2732 657 2766 campo
682 2720 828 2766 Nysaeo
862 2722 930 2757 sub
967 2723 1074 2757 undis
1107 2723 1207 2758 lacus
1242 2722 1456 2758 Serbonidis
1490 2723 1612 2758 latere

1352 2782 1401 2816 9*
