<?xml version="1.0" encoding="UTF-8"?>
<!DOCTYPE html PUBLIC "-//W3C//DTD XHTML 1.0 Transitional//EN"
    "http://www.w3.org/TR/xhtml1/DTD/xhtml1-transitional.dtd">
<html xmlns="http://www.w3.org/1999/xhtml" xml:lang="en" lang="en">
 <head>
  <title>
</title>
<meta http-equiv="Content-Type" content="text/html;charset=utf-8" />
  <meta name='ocr-system' content='tesseract 3.04.00' />
  <meta name='ocr-capabilities' content='ocr_page ocr_carea ocr_par ocr_line ocrx_word'/>
</head>
<body>
  <div class='ocr_page' id='page_1' title='image "argonauticonlibr00valeuoft_0400.png"; bbox 0 0 1890 3100; ppageno 0'>
   <div class='ocr_carea' id='block_1_1' title="bbox 238 205 1230 251">
    <p class='ocr_par' dir='ltr' id='par_1_1' title="bbox 238 205 1230 251">
     <span class='ocr_line' id='line_1_1' title="bbox 238 205 1230 251; baseline -0.011 0"><span class='ocrx_word' id='word_1_1' title='bbox 238 208 324 251; x_wconf 84' lang='lat'><strong>382</strong></span> <span class='ocrx_word' id='word_1_2' title='bbox 784 206 821 243; x_wconf 83' lang='lat' dir='ltr'><strong>C.</strong></span> <span class='ocrx_word' id='word_1_3' title='bbox 850 206 1026 242; x_wconf 74' lang='lat' dir='ltr'>VALERI</span> <span class='ocrx_word' id='word_1_4' title='bbox 1052 205 1230 241; x_wconf 77' lang='lat' dir='ltr'><strong>FLACCI</strong></span> 
     </span>
    </p>
   </div>
   <div class='ocr_carea' id='block_1_2' title="bbox 346 325 1463 508">
    <p class='ocr_par' dir='ltr' id='par_1_2' title="bbox 346 325 1463 508">
     <span class='ocr_line' id='line_1_2' title="bbox 346 325 1360 377; baseline 0 -14"><span class='ocrx_word' id='word_1_5' title='bbox 346 325 563 364; x_wconf 86' lang='lat' dir='ltr'><strong>caelicolae</strong></span> <span class='ocrx_word' id='word_1_6' title='bbox 594 331 633 364; x_wconf 89' lang='lat' dir='ltr'><strong>et</strong></span> <span class='ocrx_word' id='word_1_7' title='bbox 661 326 789 377; x_wconf 85' lang='lat' dir='ltr'><strong>prima</strong></span> <span class='ocrx_word' id='word_1_8' title='bbox 817 325 979 376; x_wconf 81' lang='lat' dir='ltr'><strong>dignum</strong></span> <span class='ocrx_word' id='word_1_9' title='bbox 1010 331 1185 364; x_wconf 85' lang='lat' dir='ltr'><strong>statuere</strong></span> <span class='ocrx_word' id='word_1_10' title='bbox 1216 325 1360 372; x_wconf 87' lang='lat' dir='ltr'><strong>carina,</strong></span> 
     </span>
     <span class='ocr_line' id='line_1_3' title="bbox 347 390 1457 443; baseline 0.001 -15"><span class='ocrx_word' id='word_1_11' title='bbox 347 390 543 443; x_wconf 82' lang='lat' dir='ltr'>siquando</span> <span class='ocrx_word' id='word_1_12' title='bbox 572 391 636 429; x_wconf 92' lang='lat' dir='ltr'><strong>hic</strong></span> <span class='ocrx_word' id='word_1_13' title='bbox 667 391 840 443; x_wconf 85' lang='lat' dir='ltr'><strong>aliquam</strong></span> <span class='ocrx_word' id='word_1_14' title='bbox 869 396 1004 429; x_wconf 87' lang='lat' dir='ltr'><strong>nostro</strong></span> <span class='ocrx_word' id='word_1_15' title='bbox 1035 397 1145 429; x_wconf 88' lang='lat' dir='ltr'><strong>satus</strong></span> <span class='ocrx_word' id='word_1_16' title='bbox 1175 391 1270 429; x_wconf 88' lang='lat' dir='ltr'><strong>orbe</strong></span> <span class='ocrx_word' id='word_1_17' title='bbox 1300 390 1457 429; x_wconf 85' lang='lat' dir='ltr'><strong>solebat</strong></span> 
     </span>
     <span class='ocr_line' id='line_1_4' title="bbox 346 456 1463 508; baseline 0.001 -15"><span class='ocrx_word' id='word_1_18' title='bbox 346 456 611 503; x_wconf 77' lang='lat' dir='ltr'><strong>Thessaliam,</strong></span> <span class='ocrx_word' id='word_1_19' title='bbox 644 456 778 508; x_wconf 88' lang='lat' dir='ltr'><strong>siquos</strong></span> <span class='ocrx_word' id='word_1_20' title='bbox 808 456 979 494; x_wconf 81' lang='lat' dir='ltr'><strong>Phrixus</strong></span> <span class='ocrx_word' id='word_1_21' title='bbox 1007 469 1228 494; x_wconf 88' lang='lat' dir='ltr'><strong>memorare</strong></span> <span class='ocrx_word' id='word_1_22' title='bbox 1257 456 1463 507; x_wconf 80' lang='lat' dir='ltr'><strong>PelasgoS‚</strong></span> 
     </span>
    </p>
   </div>
   <div class='ocr_carea' id='block_1_3' title="bbox 345 520 1783 568">
    <p class='ocr_par' dir='ltr' id='par_1_3' title="bbox 345 520 1783 568">
     <span class='ocr_line' id='line_1_5' title="bbox 345 520 1783 568; baseline 0 -10"><span class='ocrx_word' id='word_1_23' title='bbox 345 521 385 558; x_wconf 93' lang='lat' dir='ltr'><strong>hi</strong></span> <span class='ocrx_word' id='word_1_24' title='bbox 414 521 497 567; x_wconf 85' lang='lat' dir='ltr'><strong>tibi,</strong></span> <span class='ocrx_word' id='word_1_25' title='bbox 527 526 587 558; x_wconf 85' lang='lat' dir='ltr'><strong>tot</strong></span> <span class='ocrx_word' id='word_1_26' title='bbox 616 533 744 568; x_wconf 87' lang='lat' dir='ltr'><strong>casus,</strong></span> <span class='ocrx_word' id='word_1_27' title='bbox 775 520 974 559; x_wconf 86' lang='lat' dir='ltr'><strong>horrenda</strong></span> <span class='ocrx_word' id='word_1_28' title='bbox 1000 526 1059 559; x_wconf 86' lang='lat' dir='ltr'><strong>tot</strong></span> <span class='ocrx_word' id='word_1_29' title='bbox 1088 521 1178 559; x_wconf 87' lang='lat' dir='ltr'><strong>avia</strong></span> <span class='ocrx_word' id='word_1_30' title='bbox 1205 521 1344 568; x_wconf 89' lang='lat' dir='ltr'><strong>mensi,</strong></span> <span class='ocrx_word' id='word_1_31' title='bbox 1728 529 1783 559; x_wconf 82' lang='grc'><strong>475</strong></span> 
     </span>
    </p>
   </div>
   <div class='ocr_carea' id='block_1_4' title="bbox 344 586 1562 835">
    <p class='ocr_par' dir='ltr' id='par_1_4' title="bbox 347 586 1562 704">
     <span class='ocr_line' id='line_1_6' title="bbox 347 586 1562 638; baseline -0.001 -14"><span class='ocrx_word' id='word_1_32' title='bbox 347 587 556 624; x_wconf 79' lang='lat' dir='ltr'><strong>cernimur.</strong></span> <span class='ocrx_word' id='word_1_33' title='bbox 613 586 699 637; x_wconf 87' lang='lat' dir='ltr'><strong>ipse</strong></span> <span class='ocrx_word' id='word_1_34' title='bbox 730 592 889 637; x_wconf 79' lang='lat' dir='ltr'>egomet</span> <span class='ocrx_word' id='word_1_35' title='bbox 917 586 1074 638; x_wconf 88' lang='lat' dir='ltr'><strong>proprio</strong></span> <span class='ocrx_word' id='word_1_36' title='bbox 1105 586 1155 624; x_wconf 91' lang='lat' dir='ltr'><strong>de</strong></span> <span class='ocrx_word' id='word_1_37' title='bbox 1185 586 1379 637; x_wconf 82' lang='lat' dir='ltr'><strong>sanguine</strong></span> <span class='ocrx_word' id='word_1_38' title='bbox 1408 586 1562 624; x_wconf 82' lang='lat' dir='ltr'><strong>Phrixi:</strong></span> 
     </span>
     <span class='ocr_line' id='line_1_7' title="bbox 347 651 1526 704; baseline 0 -15"><span class='ocrx_word' id='word_1_39' title='bbox 347 665 520 704; x_wconf 86' lang='lat' dir='ltr'><strong>namque</strong></span> <span class='ocrx_word' id='word_1_40' title='bbox 548 651 655 690; x_wconf 87' lang='lat' dir='ltr'><strong>idem</strong></span> <span class='ocrx_word' id='word_1_41' title='bbox 685 651 884 690; x_wconf 82' lang='lat' dir='ltr'><strong>Cretheus</strong></span> <span class='ocrx_word' id='word_1_42' title='bbox 914 651 1106 690; x_wconf 89' lang='lat' dir='ltr'><strong>ambobus</strong></span> <span class='ocrx_word' id='word_1_43' title='bbox 1137 657 1177 689; x_wconf 90' lang='lat' dir='ltr'><strong>et</strong></span> <span class='ocrx_word' id='word_1_44' title='bbox 1204 651 1358 690; x_wconf 88' lang='lat' dir='ltr'><strong>Aeolus</strong></span> <span class='ocrx_word' id='word_1_45' title='bbox 1389 657 1526 689; x_wconf 85' lang='lat' dir='ltr'><strong>auctor</strong></span> 
     </span>
    </p>

    <p class='ocr_par' dir='ltr' id='par_1_5' title="bbox 348 716 1533 769">
     <span class='ocr_line' id='line_1_8' title="bbox 348 716 1533 769; baseline 0.001 -14"><span class='ocrx_word' id='word_1_46' title='bbox 348 731 436 755; x_wconf 86' lang='lat' dir='ltr'><strong>cum</strong></span> <span class='ocrx_word' id='word_1_47' title='bbox 466 717 563 755; x_wconf 92' lang='lat' dir='ltr'><strong>Iove</strong></span> <span class='ocrx_word' id='word_1_48' title='bbox 593 717 862 769; x_wconf 86' lang='lat' dir='ltr'><strong>Neptunoque</strong></span> <span class='ocrx_word' id='word_1_49' title='bbox 893 723 933 756; x_wconf 85' lang='lat' dir='ltr'><strong>et</strong></span> <span class='ocrx_word' id='word_1_50' title='bbox 962 732 1051 756; x_wconf 92' lang='lat' dir='ltr'><strong>cum</strong></span> <span class='ocrx_word' id='word_1_51' title='bbox 1081 716 1314 755; x_wconf 85' lang='lat' dir='ltr'><strong>Salmonide</strong></span> <span class='ocrx_word' id='word_1_52' title='bbox 1343 716 1533 768; x_wconf 85' lang='lat' dir='ltr'><strong>nympha.</strong></span> 
     </span>
    </p>

    <p class='ocr_par' dir='ltr' id='par_1_6' title="bbox 344 783 1443 835">
     <span class='ocr_line' id='line_1_9' title="bbox 344 783 1443 835; baseline 0 -15"><span class='ocrx_word' id='word_1_53' title='bbox 344 796 490 835; x_wconf 91' lang='lat' dir='ltr'><strong>meque</strong></span> <span class='ocrx_word' id='word_1_54' title='bbox 518 796 595 821; x_wconf 90' lang='lat' dir='ltr'><strong>nec</strong></span> <span class='ocrx_word' id='word_1_55' title='bbox 622 783 701 820; x_wconf 88' lang='lat' dir='ltr'><strong>huc</strong></span> <span class='ocrx_word' id='word_1_56' title='bbox 730 796 848 821; x_wconf 86' lang='lat' dir='ltr'><strong>enses</strong></span> <span class='ocrx_word' id='word_1_57' title='bbox 879 796 1054 835; x_wconf 89' lang='lat' dir='ltr'><strong>araeque</strong></span> <span class='ocrx_word' id='word_1_58' title='bbox 1085 796 1205 834; x_wconf 85' lang='lat' dir='ltr'><strong>egere</strong></span> <span class='ocrx_word' id='word_1_59' title='bbox 1240 788 1443 834; x_wconf 83' lang='lat' dir='ltr'><strong>paternae,</strong></span> 
     </span>
    </p>
   </div>
   <div class='ocr_carea' id='block_1_5' title="bbox 346 848 1786 900">
    <p class='ocr_par' dir='ltr' id='par_1_7' title="bbox 346 848 1786 900">
     <span class='ocr_line' id='line_1_10' title="bbox 346 848 1786 900; baseline -0.001 -14"><span class='ocrx_word' id='word_1_60' title='bbox 346 862 422 886; x_wconf 91' lang='lat' dir='ltr'><strong>nec</strong></span> <span class='ocrx_word' id='word_1_61' title='bbox 450 854 530 895; x_wconf 83' lang='lat' dir='ltr'><strong>tua,</strong></span> <span class='ocrx_word' id='word_1_62' title='bbox 559 849 806 887; x_wconf 84' lang='lat' dir='ltr'><strong>Thessalicis</strong></span> <span class='ocrx_word' id='word_1_63' title='bbox 837 862 1077 900; x_wconf 90' lang='lat' dir='ltr'><strong>quamquam</strong></span> <span class='ocrx_word' id='word_1_64' title='bbox 1105 848 1242 886; x_wconf 86' lang='lat' dir='ltr'><strong>inclita</strong></span> <span class='ocrx_word' id='word_1_65' title='bbox 1269 848 1430 886; x_wconf 85' lang='lat' dir='ltr'><strong>nomina</strong></span> <span class='ocrx_word' id='word_1_66' title='bbox 1456 848 1584 895; x_wconf 88' lang='lat' dir='ltr'><strong>terris,</strong></span> <span class='ocrx_word' id='word_1_67' title='bbox 1730 849 1786 878; x_wconf 81' lang='grc'><strong>480</strong></span> 
     </span>
    </p>
   </div>
   <div class='ocr_carea' id='block_1_6' title="bbox 349 912 1487 1161">
    <p class='ocr_par' dir='ltr' id='par_1_8' title="bbox 349 912 1487 1161">
     <span class='ocr_line' id='line_1_11' title="bbox 350 912 1487 966; baseline -0.001 -14"><span class='ocrx_word' id='word_1_68' title='bbox 350 919 491 965; x_wconf 88' lang='lat' dir='ltr'><strong>sponte</strong></span> <span class='ocrx_word' id='word_1_69' title='bbox 522 927 678 966; x_wconf 86' lang='lat' dir='ltr'><strong>sequor.</strong></span> <span class='ocrx_word' id='word_1_70' title='bbox 738 914 800 951; x_wconf 90' lang='lat' dir='ltr'><strong>cui</strong></span> <span class='ocrx_word' id='word_1_71' title='bbox 828 927 909 951; x_wconf 91' lang='lat' dir='ltr'><strong>non</strong></span> <span class='ocrx_word' id='word_1_72' title='bbox 937 913 1046 951; x_wconf 90' lang='lat' dir='ltr'><strong>iusso</strong></span> <span class='ocrx_word' id='word_1_73' title='bbox 1075 919 1134 951; x_wconf 89' lang='lat' dir='ltr'><strong>tot</strong></span> <span class='ocrx_word' id='word_1_74' title='bbox 1163 912 1271 951; x_wconf 85' lang='lat' dir='ltr'><strong>adire</strong></span> <span class='ocrx_word' id='word_1_75' title='bbox 1301 913 1487 965; x_wconf 85' lang='lat' dir='ltr'><strong>voluptas</strong></span> 
     </span>
     <span class='ocr_line' id='line_1_12' title="bbox 349 977 1430 1029; baseline 0 -13"><span class='ocrx_word' id='word_1_76' title='bbox 349 984 527 1017; x_wconf 85' lang='lat' dir='ltr'><strong>monstra</strong></span> <span class='ocrx_word' id='word_1_77' title='bbox 555 978 701 1016; x_wconf 77' lang='lat' dir='ltr'><strong>maris?</strong></span> <span class='ocrx_word' id='word_1_78' title='bbox 731 979 794 1017; x_wconf 90' lang='lat' dir='ltr'><strong>cui</strong></span> <span class='ocrx_word' id='word_1_79' title='bbox 824 978 1013 1029; x_wconf 86' lang='lat' dir='ltr'><strong>Cyaneos</strong></span> <span class='ocrx_word' id='word_1_80' title='bbox 1042 978 1190 1016; x_wconf 82' lang='lat' dir='ltr'><strong>intrare</strong></span> <span class='ocrx_word' id='word_1_81' title='bbox 1219 977 1430 1029; x_wconf 80' lang='lat' dir='ltr'><strong>fragores?</strong></span> 
     </span>
     <span class='ocr_line' id='line_1_13' title="bbox 353 1043 1351 1095; baseline -0.001 -13"><span class='ocrx_word' id='word_1_82' title='bbox 353 1050 512 1095; x_wconf 84' lang='lat' dir='ltr'><strong>sceptra</strong></span> <span class='ocrx_word' id='word_1_83' title='bbox 538 1044 597 1082; x_wconf 88' lang='lat' dir='ltr'><strong>tui</strong></span> <span class='ocrx_word' id='word_1_84' title='bbox 625 1049 709 1081; x_wconf 86' lang='lat' dir='ltr'><strong>toto</strong></span> <span class='ocrx_word' id='word_1_85' title='bbox 738 1044 872 1082; x_wconf 83' lang='lat' dir='ltr'><strong>Pelias</strong></span> <span class='ocrx_word' id='word_1_86' title='bbox 903 1043 975 1082; x_wconf 91' lang='lat' dir='ltr'><strong>sub</strong></span> <span class='ocrx_word' id='word_1_87' title='bbox 1006 1044 1167 1082; x_wconf 90' lang='lat' dir='ltr'><strong>numine</strong></span> <span class='ocrx_word' id='word_1_88' title='bbox 1197 1043 1351 1081; x_wconf 90' lang='lat' dir='ltr'><strong>Phoebi</strong></span> 
     </span>
     <span class='ocr_line' id='line_1_14' title="bbox 349 1108 1474 1161; baseline -0.001 -14"><span class='ocrx_word' id='word_1_89' title='bbox 349 1109 523 1148; x_wconf 86' lang='lat' dir='ltr'><strong>maxima</strong></span> <span class='ocrx_word' id='word_1_90' title='bbox 552 1115 658 1147; x_wconf 87' lang='lat' dir='ltr'><strong>sorte</strong></span> <span class='ocrx_word' id='word_1_91' title='bbox 687 1115 842 1156; x_wconf 84' lang='lat' dir='ltr'><strong>tenens,</strong></span> <span class='ocrx_word' id='word_1_92' title='bbox 872 1115 1012 1161; x_wconf 84' lang='lat' dir='ltr'><strong>totque</strong></span> <span class='ocrx_word' id='word_1_93' title='bbox 1041 1108 1110 1147; x_wconf 91' lang='lat' dir='ltr'><strong>ille</strong></span> <span class='ocrx_word' id='word_1_94' title='bbox 1141 1109 1321 1146; x_wconf 88' lang='lat' dir='ltr'><strong>ornantia</strong></span> <span class='ocrx_word' id='word_1_95' title='bbox 1349 1108 1474 1147; x_wconf 91' lang='lat' dir='ltr'><strong>clivos</strong></span> 
     </span>
    </p>
   </div>
   <div class='ocr_carea' id='block_1_7' title="bbox 242 1197 450 1201">
    <p class='ocr_par' dir='ltr' id='par_1_9' title="bbox 242 1197 450 1201">
     <span class='ocr_line' id='line_1_15' title="bbox 242 1197 450 1201; baseline 0 0"><span class='ocrx_word' id='word_1_96' title='bbox 242 1197 450 1201; x_wconf 95' lang='lat' dir='ltr'><strong> </strong></span> 
     </span>
    </p>
   </div>
   <div class='ocr_carea' id='block_1_8' title="bbox 244 1238 1732 1345">
    <p class='ocr_par' dir='ltr' id='par_1_10' title="bbox 244 1238 1732 1345">
     <span class='ocr_line' id='line_1_16' title="bbox 338 1238 1732 1285; baseline -0.001 -10"><span class='ocrx_word' id='word_1_97' title='bbox 338 1240 418 1276; x_wconf 77' lang='lat'><strong>472.</strong></span> <span class='ocrx_word' id='word_1_98' title='bbox 463 1241 587 1284; x_wconf 79' lang='lat' dir='ltr'><strong>prima</strong></span> <span class='ocrx_word' id='word_1_99' title='bbox 621 1240 767 1285; x_wconf 74' lang='lat' dir='ltr'><strong>(liqnum</strong></span> <span class='ocrx_word' id='word_1_100' title='bbox 799 1261 841 1266; x_wconf 95' lang='lat'>—</span> <span class='ocrx_word' id='word_1_101' title='bbox 875 1240 1019 1275; x_wconf 82' lang='lat' dir='ltr'><strong>carina:</strong></span> <span class='ocrx_word' id='word_1_102' title='bbox 1060 1240 1159 1285; x_wconf 83' lang='lat' dir='ltr'><strong>apud</strong></span> <span class='ocrx_word' id='word_1_103' title='bbox 1198 1238 1323 1275; x_wconf 85' lang='lat' dir='ltr'><strong>Senec.</strong></span> <span class='ocrx_word' id='word_1_104' title='bbox 1363 1239 1461 1275; x_wconf 88' lang='lat' dir='ltr'><strong>Med.</strong></span> <span class='ocrx_word' id='word_1_105' title='bbox 1494 1239 1564 1274; x_wconf 89' lang='lat'><strong>363</strong></span> <span class='ocrx_word' id='word_1_106' title='bbox 1598 1239 1732 1275; x_wconf 83' lang='lat' dir='ltr'><strong>Medea</strong></span> 
     </span>
     <span class='ocr_line' id='line_1_17' title="bbox 244 1299 1064 1345; baseline -0.001 -10"><span class='ocrx_word' id='word_1_107' title='bbox 244 1311 385 1336; x_wconf 83' lang='lat' dir='ltr'><strong>merces</strong></span> <span class='ocrx_word' id='word_1_108' title='bbox 410 1299 625 1336; x_wconf 78' lang='lat' dir='ltr'><strong>nominatur</strong></span> <span class='ocrx_word' id='word_1_109' title='bbox 644 1301 768 1344; x_wconf 84' lang='lat' dir='ltr'><strong>prima</strong></span> <span class='ocrx_word' id='word_1_110' title='bbox 793 1300 903 1345; x_wconf 64' lang='lat' dir='ltr'><strong>(liqna</strong></span> <span class='ocrx_word' id='word_1_111' title='bbox 929 1300 1064 1334; x_wconf 80' lang='lat' dir='ltr'><strong>carina.</strong></span> 
     </span>
    </p>
   </div>
   <div class='ocr_carea' id='block_1_9' title="bbox 237 1370 1731 1892">
    <p class='ocr_par' dir='ltr' id='par_1_11' title="bbox 237 1370 1731 1594">
     <span class='ocr_line' id='line_1_18' title="bbox 338 1370 1730 1416; baseline 0 -10"><span class='ocrx_word' id='word_1_112' title='bbox 338 1372 419 1407; x_wconf 84' lang='lat'><strong>473.</strong></span> <span class='ocrx_word' id='word_1_113' title='bbox 469 1373 502 1406; x_wconf 87' lang='lat' dir='ltr'><strong>si</strong></span> <span class='ocrx_word' id='word_1_114' title='bbox 526 1371 669 1416; x_wconf 85' lang='lat' dir='ltr'><strong>quando</strong></span> <span class='ocrx_word' id='word_1_115' title='bbox 687 1394 731 1399; x_wconf 91' lang='lat'><strong>--</strong></span> <span class='ocrx_word' id='word_1_116' title='bbox 750 1371 906 1416; x_wconf 77' lang='lat' dir='ltr'><strong>aliquam</strong></span> <span class='ocrx_word' id='word_1_117' title='bbox 925 1391 970 1397; x_wconf 91' lang='lat'><strong>—-</strong></span> <span class='ocrx_word' id='word_1_118' title='bbox 988 1371 1120 1406; x_wconf 82' lang='lat' dir='ltr'><strong>solebat</strong></span> <span class='ocrx_word' id='word_1_119' title='bbox 1141 1371 1360 1406; x_wconf 68' lang='lat' dir='ltr'><strong>Thessaliam</strong></span> <span class='ocrx_word' id='word_1_120' title='bbox 1378 1391 1419 1397; x_wconf 88' lang='lat'>—</span> <span class='ocrx_word' id='word_1_121' title='bbox 1439 1381 1630 1406; x_wconf 80' lang='lat' dir='ltr'><strong>memorare</strong></span> <span class='ocrx_word' id='word_1_122' title='bbox 1654 1370 1677 1407; x_wconf 87' lang='lat' dir='ltr'><strong>i.</strong></span> <span class='ocrx_word' id='word_1_123' title='bbox 1699 1382 1730 1407; x_wconf 83' lang='lat' dir='ltr'><strong>e.</strong></span> 
     </span>
     <span class='ocr_line' id='line_1_19' title="bbox 241 1429 1731 1476; baseline -0.001 -10"><span class='ocrx_word' id='word_1_124' title='bbox 241 1431 271 1466; x_wconf 86' lang='lat' dir='ltr'><strong>si</strong></span> <span class='ocrx_word' id='word_1_125' title='bbox 297 1442 370 1476; x_wconf 85' lang='lat' dir='ltr'><strong>qua</strong></span> <span class='ocrx_word' id='word_1_126' title='bbox 396 1431 553 1473; x_wconf 85' lang='lat' dir='ltr'><strong>ratione,</strong></span> <span class='ocrx_word' id='word_1_127' title='bbox 581 1430 612 1465; x_wconf 87' lang='lat' dir='ltr'><strong>si</strong></span> <span class='ocrx_word' id='word_1_128' title='bbox 638 1431 733 1466; x_wconf 85' lang='lat' dir='ltr'><strong>forte</strong></span> <span class='ocrx_word' id='word_1_129' title='bbox 759 1443 807 1466; x_wconf 94' lang='lat' dir='ltr'><strong>m.</strong></span> <span class='ocrx_word' id='word_1_130' title='bbox 835 1431 916 1472; x_wconf 84' lang='lat' dir='ltr'><strong>sol.;</strong></span> <span class='ocrx_word' id='word_1_131' title='bbox 944 1430 1010 1468; x_wconf 82' lang='lat' dir='ltr'><strong>cfr.</strong></span> <span class='ocrx_word' id='word_1_132' title='bbox 1028 1430 1139 1475; x_wconf 88' lang='lat' dir='ltr'><strong>Verg.</strong></span> <span class='ocrx_word' id='word_1_133' title='bbox 1165 1430 1256 1466; x_wconf 90' lang='lat' dir='ltr'><strong>Aen.</strong></span> <span class='ocrx_word' id='word_1_134' title='bbox 1283 1430 1331 1470; x_wconf 79' lang='grc' dir='ltr'><strong>ΙΙ,</strong></span> <span class='ocrx_word' id='word_1_135' title='bbox 1358 1429 1405 1465; x_wconf 86' lang='grc'><strong>82</strong></span> <span class='ocrx_word' id='word_1_136' title='bbox 1422 1430 1566 1474; x_wconf 77' lang='lat' dir='ltr'><strong>aliquod</strong></span> <span class='ocrx_word' id='word_1_137' title='bbox 1581 1431 1614 1465; x_wconf 84' lang='lat' dir='ltr'><strong>si</strong></span> <span class='ocrx_word' id='word_1_138' title='bbox 1635 1430 1731 1473; x_wconf 80' lang='lat' dir='ltr'><strong>forte</strong></span> 
     </span>
     <span class='ocr_line' id='line_1_20' title="bbox 239 1489 1731 1534; baseline 0 -9"><span class='ocrx_word' id='word_1_139' title='bbox 239 1495 321 1525; x_wconf 75' lang='lat' dir='ltr'><strong>tuas</strong></span> <span class='ocrx_word' id='word_1_140' title='bbox 352 1492 518 1534; x_wconf 83' lang='lat' dir='ltr'><strong>pervenit</strong></span> <span class='ocrx_word' id='word_1_141' title='bbox 555 1490 604 1525; x_wconf 85' lang='lat' dir='ltr'><strong>ad</strong></span> <span class='ocrx_word' id='word_1_142' title='bbox 639 1491 740 1525; x_wconf 77' lang='lat' dir='ltr'><strong>auris</strong></span> <span class='ocrx_word' id='word_1_143' title='bbox 771 1490 921 1525; x_wconf 84' lang='lat' dir='ltr'><strong>Belidae</strong></span> <span class='ocrx_word' id='word_1_144' title='bbox 956 1501 1103 1531; x_wconf 63' lang='lat' dir='ltr'><strong>nomem</strong></span> <span class='ocrx_word' id='word_1_145' title='bbox 1142 1490 1171 1531; x_wconf 95' lang='grc' dir='ltr'><strong>Ι,</strong></span> <span class='ocrx_word' id='word_1_146' title='bbox 1211 1489 1296 1531; x_wconf 88' lang='grc'><strong>181;</strong></span> <span class='ocrx_word' id='word_1_147' title='bbox 1339 1489 1405 1525; x_wconf 85' lang='lat' dir='ltr'><strong>Ov.</strong></span> <span class='ocrx_word' id='word_1_148' title='bbox 1437 1490 1526 1525; x_wconf 86' lang='lat' dir='ltr'><strong>met.</strong></span> <span class='ocrx_word' id='word_1_149' title='bbox 1559 1489 1635 1529; x_wconf 84' lang='lat' dir='ltr'><strong>XV,</strong></span> <span class='ocrx_word' id='word_1_150' title='bbox 1662 1489 1731 1525; x_wconf 86' lang='lat'><strong>497</strong></span> 
     </span>
     <span class='ocr_line' id='line_1_21' title="bbox 237 1549 1730 1594; baseline 0 -9"><span class='ocrx_word' id='word_1_151' title='bbox 237 1550 352 1592; x_wconf 81' lang='lat' dir='ltr'><strong>fando</strong></span> <span class='ocrx_word' id='word_1_152' title='bbox 378 1551 528 1594; x_wconf 77' lang='lat' dir='ltr'><strong>aliquem</strong></span> <span class='ocrx_word' id='word_1_153' title='bbox 546 1549 785 1594; x_wconf 76' lang='lat' dir='ltr'><strong>Hippolytum</strong></span> <span class='ocrx_word' id='word_1_154' title='bbox 810 1553 947 1584; x_wconf 82' lang='lat' dir='ltr'><strong>vestras</strong></span> <span class='ocrx_word' id='word_1_155' title='bbox 965 1553 1057 1594; x_wconf 84' lang='lat' dir='ltr'><strong>puto</strong></span> <span class='ocrx_word' id='word_1_156' title='bbox 1075 1550 1222 1594; x_wconf 75' lang='lat' dir='ltr'><strong>contiqit</strong></span> <span class='ocrx_word' id='word_1_157' title='bbox 1239 1559 1344 1584; x_wconf 81' lang='lat' dir='ltr'><strong>aures</strong></span> <span class='ocrx_word' id='word_1_158' title='bbox 1364 1569 1406 1575; x_wconf 91' lang='lat'><strong>-——</strong></span> <span class='ocrx_word' id='word_1_159' title='bbox 1423 1549 1625 1584; x_wconf 79' lang='lat' dir='ltr'><strong>occubuisse</strong></span> <span class='ocrx_word' id='word_1_160' title='bbox 1642 1550 1730 1585; x_wconf 79' lang='lat' dir='ltr'><strong>neci·</strong></span> 
     </span>
    </p>

    <p class='ocr_par' dir='ltr' id='par_1_12' title="bbox 240 1607 1727 1704">
     <span class='ocr_line' id='line_1_22' title="bbox 335 1607 1727 1653; baseline -0.001 -9"><span class='ocrx_word' id='word_1_161' title='bbox 335 1609 416 1644; x_wconf 82' lang='lat'><strong>475.</strong></span> <span class='ocrx_word' id='word_1_162' title='bbox 445 1613 495 1644; x_wconf 83' lang='lat' dir='ltr'><strong>tot</strong></span> <span class='ocrx_word' id='word_1_163' title='bbox 520 1620 625 1644; x_wconf 82' lang='lat' dir='ltr'><strong>casus</strong></span> <span class='ocrx_word' id='word_1_164' title='bbox 650 1629 694 1634; x_wconf 84' lang='lat'><em>-</em></span> <span class='ocrx_word' id='word_1_165' title='bbox 721 1612 772 1644; x_wconf 85' lang='lat' dir='ltr'><strong>tot</strong></span> <span class='ocrx_word' id='word_1_166' title='bbox 798 1610 880 1644; x_wconf 82' lang='lat' dir='ltr'><strong>avia</strong></span> <span class='ocrx_word' id='word_1_167' title='bbox 907 1610 1034 1650; x_wconf 84' lang='lat' dir='ltr'><strong>mensi;</strong></span> <span class='ocrx_word' id='word_1_168' title='bbox 1070 1607 1275 1653; x_wconf 79' lang='lat' dir='ltr'><strong>zeugmatis</strong></span> <span class='ocrx_word' id='word_1_169' title='bbox 1301 1608 1420 1653; x_wconf 87' lang='lat' dir='ltr'><strong>figura</strong></span> <span class='ocrx_word' id='word_1_170' title='bbox 1446 1609 1551 1652; x_wconf 84' lang='lat' dir='ltr'><strong>passi</strong></span> <span class='ocrx_word' id='word_1_171' title='bbox 1576 1608 1727 1643; x_wconf 83' lang='lat' dir='ltr'><strong>audien-</strong></span> 
     </span>
     <span class='ocr_line' id='line_1_23' title="bbox 240 1669 533 1704; baseline 0 -1"><span class='ocrx_word' id='word_1_172' title='bbox 240 1669 325 1704; x_wconf 87' lang='lat' dir='ltr'><strong>dum</strong></span> <span class='ocrx_word' id='word_1_173' title='bbox 354 1669 403 1703; x_wconf 87' lang='lat' dir='ltr'><strong>ad</strong></span> <span class='ocrx_word' id='word_1_174' title='bbox 428 1679 533 1703; x_wconf 76' lang='lat' dir='ltr'><strong>casus</strong></span> 
     </span>
    </p>

    <p class='ocr_par' dir='ltr' id='par_1_13' title="bbox 239 1726 1727 1892">
     <span class='ocr_line' id='line_1_24' title="bbox 334 1726 1727 1773; baseline -0.001 -11"><span class='ocrx_word' id='word_1_175' title='bbox 334 1728 414 1763; x_wconf 85' lang='lat'><strong>476.</strong></span> <span class='ocrx_word' id='word_1_176' title='bbox 471 1729 624 1772; x_wconf 65' lang='lat' dir='ltr'><strong>proprio</strong></span> <span class='ocrx_word' id='word_1_177' title='bbox 663 1728 704 1762; x_wconf 86' lang='lat' dir='ltr'><strong>de</strong></span> <span class='ocrx_word' id='word_1_178' title='bbox 740 1729 914 1773; x_wconf 74' lang='lat' dir='ltr'><strong>sanquine</strong></span> <span class='ocrx_word' id='word_1_179' title='bbox 955 1727 1098 1767; x_wconf 59' lang='lat' dir='ltr'><strong>Phiioei&#39;,</strong></span> <span class='ocrx_word' id='word_1_180' title='bbox 1134 1727 1180 1762; x_wconf 89' lang='lat' dir='ltr'><strong>de</strong></span> <span class='ocrx_word' id='word_1_181' title='bbox 1219 1726 1400 1772; x_wconf 80' lang='lat' dir='ltr'><strong>sanguiue</strong></span> <span class='ocrx_word' id='word_1_182' title='bbox 1433 1726 1548 1772; x_wconf 81' lang='lat' dir='ltr'><strong>ipsius</strong></span> <span class='ocrx_word' id='word_1_183' title='bbox 1582 1726 1727 1769; x_wconf 76' lang='lat' dir='ltr'><strong>Phrixi3</strong></span> 
     </span>
     <span class='ocr_line' id='line_1_25' title="bbox 239 1785 1726 1832; baseline 0.001 -12"><span class='ocrx_word' id='word_1_184' title='bbox 239 1787 343 1823; x_wconf 83' lang='lat' dir='ltr'><strong>velut</strong></span> <span class='ocrx_word' id='word_1_185' title='bbox 380 1787 456 1822; x_wconf 87' lang='lat' dir='ltr'><strong>Liv.</strong></span> <span class='ocrx_word' id='word_1_186' title='bbox 497 1786 545 1828; x_wconf 82' lang='grc' dir='ltr'><strong>ΙΙ,</strong></span> <span class='ocrx_word' id='word_1_187' title='bbox 584 1786 640 1828; x_wconf 83' lang='grc'><strong>49,</strong></span> <span class='ocrx_word' id='word_1_188' title='bbox 680 1787 702 1821; x_wconf 83' lang='grc'>5</span> <span class='ocrx_word' id='word_1_189' title='bbox 739 1787 948 1832; x_wconf 73' lang='lat' dir='ltr'><strong>sequebatur</strong></span> <span class='ocrx_word' id='word_1_190' title='bbox 979 1787 1087 1821; x_wconf 77' lang='lat' dir='ltr'><strong>turba</strong></span> <span class='ocrx_word' id='word_1_191' title='bbox 1105 1787 1262 1831; x_wconf 82' lang='lat' dir='ltr'><strong>propria</strong></span> <span class='ocrx_word' id='word_1_192' title='bbox 1292 1787 1367 1822; x_wconf 87' lang='lat' dir='ltr'><strong>alia</strong></span> <span class='ocrx_word' id='word_1_193' title='bbox 1392 1790 1621 1831; x_wconf 63' lang='lat' dir='ltr'><strong>cognatorum</strong></span> <span class='ocrx_word' id='word_1_194' title='bbox 1645 1785 1668 1821; x_wconf 91' lang='lat' dir='ltr'><strong>i.</strong></span> <span class='ocrx_word' id='word_1_195' title='bbox 1697 1797 1726 1822; x_wconf 89' lang='lat' dir='ltr'><strong>e.</strong></span> 
     </span>
     <span class='ocr_line' id='line_1_26' title="bbox 241 1846 685 1892; baseline 0.005 -12"><span class='ocrx_word' id='word_1_196' title='bbox 241 1846 403 1892; x_wconf 87' lang='lat' dir='ltr'><strong>ipsorum</strong></span> <span class='ocrx_word' id='word_1_197' title='bbox 431 1847 685 1891; x_wconf 80' lang='lat' dir='ltr'><strong>cognatorum.</strong></span> 
     </span>
    </p>
   </div>
   <div class='ocr_carea' id='block_1_10' title="bbox 242 1915 1731 2022">
    <p class='ocr_par' dir='ltr' id='par_1_14' title="bbox 242 1915 1731 2022">
     <span class='ocr_line' id='line_1_27' title="bbox 332 1915 1731 1958; baseline -0.001 -6"><span class='ocrx_word' id='word_1_198' title='bbox 332 1917 413 1954; x_wconf 84' lang='lat'><strong>477.</strong></span> <span class='ocrx_word' id='word_1_199' title='bbox 465 1917 519 1953; x_wconf 90' lang='lat' dir='ltr'><strong>De</strong></span> <span class='ocrx_word' id='word_1_200' title='bbox 558 1918 628 1953; x_wconf 87' lang='lat' dir='ltr'><strong>hoc</strong></span> <span class='ocrx_word' id='word_1_201' title='bbox 668 1929 792 1953; x_wconf 88' lang='lat' dir='ltr'><strong>errore</strong></span> <span class='ocrx_word' id='word_1_202' title='bbox 830 1917 967 1953; x_wconf 83' lang='lat' dir='ltr'><strong>Valerii</strong></span> <span class='ocrx_word' id='word_1_203' title='bbox 1008 1917 1073 1953; x_wconf 87' lang='lat' dir='ltr'><strong>cfr.</strong></span> <span class='ocrx_word' id='word_1_204' title='bbox 1113 1917 1162 1951; x_wconf 85' lang='lat' dir='ltr'><strong>ad</strong></span> <span class='ocrx_word' id='word_1_205' title='bbox 1187 1917 1216 1958; x_wconf 89' lang='grc' dir='ltr'><strong>Ι,</strong></span> <span class='ocrx_word' id='word_1_206' title='bbox 1243 1917 1305 1958; x_wconf 87' lang='grc'><strong>41;</strong></span> <span class='ocrx_word' id='word_1_207' title='bbox 1348 1915 1514 1952; x_wconf 81' lang='lat' dir='ltr'><strong>servavit</strong></span> <span class='ocrx_word' id='word_1_208' title='bbox 1549 1915 1731 1951; x_wconf 84' lang='lat' dir='ltr'><strong>traditam</strong></span> 
     </span>
     <span class='ocr_line' id='line_1_28' title="bbox 242 1972 1172 2022; baseline 0.002 -11"><span class='ocrx_word' id='word_1_209' title='bbox 242 1977 370 2012; x_wconf 86' lang='lat' dir='ltr'><strong>Phrixi</strong></span> <span class='ocrx_word' id='word_1_210' title='bbox 396 1977 577 2022; x_wconf 85' lang='lat' dir='ltr'><strong>originem</strong></span> <span class='ocrx_word' id='word_1_211' title='bbox 603 1977 724 2022; x_wconf 91' lang='lat' dir='ltr'><strong>Apoll.</strong></span> <span class='ocrx_word' id='word_1_212' title='bbox 752 1976 818 2018; x_wconf 86' lang='grc' dir='ltr'>ΙΙΙ,</span> <span class='ocrx_word' id='word_1_213' title='bbox 845 1977 915 2012; x_wconf 75' lang='lat'><strong>358</strong></span> <span class='ocrx_word' id='word_1_214' title='bbox 942 1988 1040 2022; x_wconf 86' lang='lat' dir='ltr'><strong>seqq.</strong></span> <span class='ocrx_word' id='word_1_215' title='bbox 1171 1972 1172 1975; x_wconf 26' lang='lat'>¹</span> 
     </span>
    </p>
   </div>
   <div class='ocr_carea' id='block_1_11' title="bbox 237 2045 1731 2151">
    <p class='ocr_par' dir='ltr' id='par_1_15' title="bbox 237 2045 1731 2151">
     <span class='ocr_line' id='line_1_29' title="bbox 333 2045 1731 2094; baseline 0 -12"><span class='ocrx_word' id='word_1_216' title='bbox 333 2048 415 2083; x_wconf 88' lang='grc'><strong>478.</strong></span> <span class='ocrx_word' id='word_1_217' title='bbox 467 2049 646 2084; x_wconf 76' lang='lat' dir='ltr'><strong>Salmonis</strong></span> <span class='ocrx_word' id='word_1_218' title='bbox 670 2049 829 2094; x_wconf 75' lang='lat' dir='ltr'><strong>nympha</strong></span> <span class='ocrx_word' id='word_1_219' title='bbox 855 2049 911 2084; x_wconf 78' lang='lat' dir='ltr'><strong>est</strong></span> <span class='ocrx_word' id='word_1_220' title='bbox 937 2047 1046 2093; x_wconf 82' lang='lat' dir='ltr'><strong>Tyro,</strong></span> <span class='ocrx_word' id='word_1_221' title='bbox 1079 2047 1156 2083; x_wconf 86' lang='lat' dir='ltr'><strong>filia</strong></span> <span class='ocrx_word' id='word_1_222' title='bbox 1182 2047 1379 2087; x_wconf 74' lang='lat' dir='ltr'><strong>Salmonei,</strong></span> <span class='ocrx_word' id='word_1_223' title='bbox 1405 2046 1533 2082; x_wconf 88' lang='lat' dir='ltr'><strong>Peliae</strong></span> <span class='ocrx_word' id='word_1_224' title='bbox 1559 2057 1604 2081; x_wconf 90' lang='lat' dir='ltr'><strong>ex</strong></span> <span class='ocrx_word' id='word_1_225' title='bbox 1632 2045 1731 2091; x_wconf 89' lang='lat' dir='ltr'><strong>Nep-</strong></span> 
     </span>
     <span class='ocr_line' id='line_1_30' title="bbox 237 2105 1730 2151; baseline -0.002 -9"><span class='ocrx_word' id='word_1_226' title='bbox 237 2109 328 2143; x_wconf 79' lang='lat' dir='ltr'><strong>tuno</strong></span> <span class='ocrx_word' id='word_1_227' title='bbox 361 2109 399 2143; x_wconf 81' lang='lat' dir='ltr'><strong>et</strong></span> <span class='ocrx_word' id='word_1_228' title='bbox 424 2107 578 2143; x_wconf 81' lang='lat' dir='ltr'><strong>Aesonis</strong></span> <span class='ocrx_word' id='word_1_229' title='bbox 614 2119 657 2143; x_wconf 83' lang='lat' dir='ltr'><strong>ex</strong></span> <span class='ocrx_word' id='word_1_230' title='bbox 694 2107 854 2143; x_wconf 81' lang='lat' dir='ltr'><strong>Cretheo</strong></span> <span class='ocrx_word' id='word_1_231' title='bbox 885 2109 1023 2149; x_wconf 59' lang='lat' dir='ltr'><strong>maten</strong></span> <span class='ocrx_word' id='word_1_232' title='bbox 1061 2107 1270 2143; x_wconf 85' lang='lat' dir='ltr'><strong>enumerari</strong></span> <span class='ocrx_word' id='word_1_233' title='bbox 1305 2107 1399 2142; x_wconf 82' lang='lat' dir='ltr'><strong>solet</strong></span> <span class='ocrx_word' id='word_1_234' title='bbox 1431 2106 1530 2141; x_wconf 83' lang='lat' dir='ltr'><strong>inter</strong></span> <span class='ocrx_word' id='word_1_235' title='bbox 1559 2105 1730 2151; x_wconf 84' lang='lat' dir='ltr'><strong>pulcher-</strong></span> 
     </span>
    </p>
   </div>
   <div class='ocr_carea' id='block_1_12' title="bbox 239 2164 1730 2271">
    <p class='ocr_par' dir='ltr' id='par_1_16' title="bbox 239 2164 1730 2271">
     <span class='ocr_line' id='line_1_31' title="bbox 239 2164 1730 2212; baseline 0.001 -12"><span class='ocrx_word' id='word_1_236' title='bbox 239 2166 352 2201; x_wconf 86' lang='lat' dir='ltr'><strong>rimas</strong></span> <span class='ocrx_word' id='word_1_237' title='bbox 378 2166 537 2202; x_wconf 85' lang='lat' dir='ltr'><strong>feminas</strong></span> <span class='ocrx_word' id='word_1_238' title='bbox 563 2178 585 2201; x_wconf 88' lang='lat' dir='ltr'><strong>a</strong></span> <span class='ocrx_word' id='word_1_239' title='bbox 603 2166 736 2212; x_wconf 77' lang='lat' dir='ltr'><strong>poetis.</strong></span> <span class='ocrx_word' id='word_1_240' title='bbox 763 2168 806 2201; x_wconf 88' lang='lat' dir='ltr'><strong>ut</strong></span> <span class='ocrx_word' id='word_1_241' title='bbox 824 2166 889 2202; x_wconf 88' lang='lat' dir='ltr'><strong>Ov.</strong></span> <span class='ocrx_word' id='word_1_242' title='bbox 917 2167 992 2202; x_wconf 85' lang='lat' dir='ltr'><strong>her.</strong></span> <span class='ocrx_word' id='word_1_243' title='bbox 1011 2165 1147 2206; x_wconf 76' lang='lat' dir='ltr'>XVIII,</span> <span class='ocrx_word' id='word_1_244' title='bbox 1175 2166 1262 2210; x_wconf 85' lang='lat'>131;</span> <span class='ocrx_word' id='word_1_245' title='bbox 1289 2166 1397 2211; x_wconf 90' lang='lat' dir='ltr'><strong>Prop.</strong></span> <span class='ocrx_word' id='word_1_246' title='bbox 1418 2165 1464 2206; x_wconf 87' lang='grc' dir='ltr'><strong>Π,</strong></span> <span class='ocrx_word' id='word_1_247' title='bbox 1491 2165 1547 2207; x_wconf 78' lang='grc'><strong>28,</strong></span> <span class='ocrx_word' id='word_1_248' title='bbox 1574 2164 1636 2207; x_wconf 89' lang='grc'><strong>51;</strong></span> <span class='ocrx_word' id='word_1_249' title='bbox 1664 2164 1730 2202; x_wconf 84' lang='lat' dir='ltr'><strong>cfr.</strong></span> 
     </span>
     <span class='ocr_line' id='line_1_32' title="bbox 241 2225 1280 2271; baseline 0.002 -12"><span class='ocrx_word' id='word_1_250' title='bbox 241 2225 350 2262; x_wconf 88' lang='lat' dir='ltr'><strong>Diod.</strong></span> <span class='ocrx_word' id='word_1_251' title='bbox 376 2225 437 2267; x_wconf 78' lang='lat' dir='ltr'><strong>IV,</strong></span> <span class='ocrx_word' id='word_1_252' title='bbox 465 2226 527 2268; x_wconf 76' lang='lat'><strong>683</strong></span> <span class='ocrx_word' id='word_1_253' title='bbox 555 2226 601 2261; x_wconf 89' lang='lat' dir='ltr'><strong>de</strong></span> <span class='ocrx_word' id='word_1_254' title='bbox 627 2226 716 2261; x_wconf 86' lang='lat' dir='ltr'><strong>Iove</strong></span> <span class='ocrx_word' id='word_1_255' title='bbox 743 2227 896 2262; x_wconf 86' lang='lat' dir='ltr'><strong>auctore</strong></span> <span class='ocrx_word' id='word_1_256' title='bbox 923 2225 1069 2271; x_wconf 84' lang='lat' dir='ltr'><strong>generis</strong></span> <span class='ocrx_word' id='word_1_257' title='bbox 1094 2237 1153 2261; x_wconf 83' lang='lat' dir='ltr'><strong>res</strong></span> <span class='ocrx_word' id='word_1_258' title='bbox 1179 2226 1280 2261; x_wconf 88' lang='lat' dir='ltr'><strong>nota.</strong></span> 
     </span>
    </p>
   </div>
   <div class='ocr_carea' id='block_1_13' title="bbox 239 2296 1730 2401">
    <p class='ocr_par' dir='ltr' id='par_1_17' title="bbox 239 2296 1730 2401">
     <span class='ocr_line' id='line_1_33' title="bbox 334 2296 1730 2343; baseline 0.001 -13"><span class='ocrx_word' id='word_1_259' title='bbox 334 2296 414 2333; x_wconf 89' lang='grc'><strong>479.</strong></span> <span class='ocrx_word' id='word_1_260' title='bbox 466 2308 563 2332; x_wconf 86' lang='lat' dir='ltr'><strong>enses</strong></span> <span class='ocrx_word' id='word_1_261' title='bbox 600 2308 769 2342; x_wconf 80' lang='lat' dir='ltr'><strong>araeque;</strong></span> <span class='ocrx_word' id='word_1_262' title='bbox 801 2296 910 2342; x_wconf 81' lang='lat' dir='ltr'><strong>Vei-g.</strong></span> <span class='ocrx_word' id='word_1_263' title='bbox 944 2298 1035 2332; x_wconf 88' lang='lat' dir='ltr'><strong>Aen.</strong></span> <span class='ocrx_word' id='word_1_264' title='bbox 1070 2296 1117 2343; x_wconf 77' lang='grc' dir='ltr'><strong>ΙΙ,</strong></span> <span class='ocrx_word' id='word_1_265' title='bbox 1157 2297 1240 2338; x_wconf 81' lang='lat'>155;</span> <span class='ocrx_word' id='word_1_266' title='bbox 1279 2308 1351 2332; x_wconf 91' lang='lat' dir='ltr'><strong>non</strong></span> <span class='ocrx_word' id='word_1_267' title='bbox 1383 2297 1543 2332; x_wconf 83' lang='lat' dir='ltr'><strong>mortem</strong></span> <span class='ocrx_word' id='word_1_268' title='bbox 1574 2307 1596 2331; x_wconf 88' lang='lat' dir='ltr'><strong>a</strong></span> <span class='ocrx_word' id='word_1_269' title='bbox 1620 2298 1730 2341; x_wconf 84' lang='lat' dir='ltr'><strong>patre</strong></span> 
     </span>
     <span class='ocr_line' id='line_1_34' title="bbox 239 2355 1242 2401; baseline 0.002 -11"><span class='ocrx_word' id='word_1_270' title='bbox 239 2355 506 2398; x_wconf 78' lang='lat' dir='ltr'><strong>imminentem,</strong></span> <span class='ocrx_word' id='word_1_271' title='bbox 533 2358 574 2391; x_wconf 78' lang='lat' dir='ltr'><strong>ut</strong></span> <span class='ocrx_word' id='word_1_272' title='bbox 598 2357 785 2398; x_wconf 83' lang='lat' dir='ltr'><strong>Phrixum,</strong></span> <span class='ocrx_word' id='word_1_273' title='bbox 813 2368 852 2392; x_wconf 87' lang='lat' dir='ltr'><strong>se</strong></span> <span class='ocrx_word' id='word_1_274' title='bbox 878 2356 1016 2401; x_wconf 83' lang='lat' dir='ltr'><strong>fugisse</strong></span> <span class='ocrx_word' id='word_1_275' title='bbox 1044 2356 1097 2391; x_wconf 81' lang='lat' dir='ltr'><strong>ait</strong></span> <span class='ocrx_word' id='word_1_276' title='bbox 1122 2356 1242 2392; x_wconf 86' lang='lat' dir='ltr'><strong>lason.</strong></span> 
     </span>
    </p>
   </div>
   <div class='ocr_carea' id='block_1_14' title="bbox 239 2427 1727 2592">
    <p class='ocr_par' dir='ltr' id='par_1_18' title="bbox 239 2427 1727 2592">
     <span class='ocr_line' id='line_1_35' title="bbox 334 2427 1009 2473; baseline 0 -11"><span class='ocrx_word' id='word_1_277' title='bbox 334 2427 416 2463; x_wconf 84' lang='lat'><strong>480.</strong></span> <span class='ocrx_word' id='word_1_278' title='bbox 469 2427 542 2463; x_wconf 85' lang='lat' dir='ltr'><strong>Gfr.</strong></span> <span class='ocrx_word' id='word_1_279' title='bbox 568 2428 689 2473; x_wconf 88' lang='lat' dir='ltr'><strong>Apoll.</strong></span> <span class='ocrx_word' id='word_1_280' title='bbox 717 2427 786 2464; x_wconf 92' lang='lat' dir='ltr'><strong>III.</strong></span> <span class='ocrx_word' id='word_1_281' title='bbox 813 2427 883 2462; x_wconf 83' lang='lat'><strong>385</strong></span> <span class='ocrx_word' id='word_1_282' title='bbox 909 2439 1009 2472; x_wconf 83' lang='lat' dir='ltr'><strong>seqq.</strong></span> 
     </span>
     <span class='ocr_line' id='line_1_36' title="bbox 333 2485 1727 2531; baseline -0.001 -9"><span class='ocrx_word' id='word_1_283' title='bbox 333 2486 414 2522; x_wconf 87' lang='grc'><strong>483.</strong></span> <span class='ocrx_word' id='word_1_284' title='bbox 464 2488 605 2522; x_wconf 86' lang='lat' dir='ltr'><strong>nomine</strong></span> <span class='ocrx_word' id='word_1_285' title='bbox 629 2487 724 2526; x_wconf 67' lang='lat' dir='ltr'><strong>Vat..</strong></span> <span class='ocrx_word' id='word_1_286' title='bbox 757 2487 900 2522; x_wconf 86' lang='lat' dir='ltr'><strong>num-ine</strong></span> <span class='ocrx_word' id='word_1_287' title='bbox 931 2486 1129 2529; x_wconf 84' lang='lat' dir='ltr'><strong>d&#39;Orville;</strong></span> <span class='ocrx_word' id='word_1_288' title='bbox 1166 2486 1353 2522; x_wconf 85' lang='lat' dir='ltr'><strong>sententia</strong></span> <span class='ocrx_word' id='word_1_289' title='bbox 1379 2485 1629 2531; x_wconf 70' lang='lat' dir='ltr'><strong>superlatione</strong></span> <span class='ocrx_word' id='word_1_290' title='bbox 1655 2486 1727 2521; x_wconf 89' lang='lat' dir='ltr'><strong>Va-</strong></span> 
     </span>
     <span class='ocr_line' id='line_1_37' title="bbox 239 2546 962 2592; baseline 0 -11"><span class='ocrx_word' id='word_1_291' title='bbox 239 2546 328 2582; x_wconf 85' lang='lat' dir='ltr'><strong>lerio</strong></span> <span class='ocrx_word' id='word_1_292' title='bbox 353 2546 505 2582; x_wconf 88' lang='lat' dir='ltr'><strong>minime</strong></span> <span class='ocrx_word' id='word_1_293' title='bbox 529 2546 709 2581; x_wconf 78' lang='lat' dir='ltr'><strong>inusitata</strong></span> <span class='ocrx_word' id='word_1_294' title='bbox 735 2546 962 2592; x_wconf 83' lang='lat' dir='ltr'><strong>exprimitur.</strong></span> 
     </span>
    </p>
   </div>
   <div class='ocr_carea' id='block_1_15' title="bbox 240 2615 1726 2718">
    <p class='ocr_par' dir='ltr' id='par_1_19' title="bbox 240 2615 1726 2718">
     <span class='ocr_line' id='line_1_38' title="bbox 334 2615 1726 2660; baseline 0 -8"><span class='ocrx_word' id='word_1_295' title='bbox 334 2617 415 2654; x_wconf 87' lang='grc'><strong>484.</strong></span> <span class='ocrx_word' id='word_1_296' title='bbox 467 2621 539 2652; x_wconf 88' lang='lat' dir='ltr'><strong>oste</strong></span> <span class='ocrx_word' id='word_1_297' title='bbox 564 2616 659 2658; x_wconf 75' lang='lat' dir='ltr'><strong>Vat..</strong></span> <span class='ocrx_word' id='word_1_298' title='bbox 691 2621 784 2652; x_wconf 84' lang='lat' dir='ltr'><strong>sorte</strong></span> <span class='ocrx_word' id='word_1_299' title='bbox 811 2617 987 2658; x_wconf 80' lang='lat' dir='ltr'><strong>Gronov.;</strong></span> <span class='ocrx_word' id='word_1_300' title='bbox 1023 2618 1087 2652; x_wconf 87' lang='lat' dir='ltr'><strong>illa</strong></span> <span class='ocrx_word' id='word_1_301' title='bbox 1111 2617 1207 2658; x_wconf 65' lang='lat' dir='ltr'><strong>vat„</strong></span> <span class='ocrx_word' id='word_1_302' title='bbox 1241 2617 1298 2652; x_wconf 87' lang='lat' dir='ltr'><strong>ille</strong></span> <span class='ocrx_word' id='word_1_303' title='bbox 1324 2615 1501 2660; x_wconf 82' lang='lat' dir='ltr'><strong>Gronov.;</strong></span> <span class='ocrx_word' id='word_1_304' title='bbox 1532 2617 1726 2652; x_wconf 76' lang='lat' dir='ltr'><strong>cremantia</strong></span> 
     </span>
     <span class='ocr_line' id='line_1_39' title="bbox 240 2675 985 2718; baseline -0.001 -7"><span class='ocrx_word' id='word_1_305' title='bbox 240 2677 339 2713; x_wconf 81' lang='lat' dir='ltr'><strong>divos</strong></span> <span class='ocrx_word' id='word_1_306' title='bbox 363 2677 460 2718; x_wconf 67' lang='lat' dir='ltr'><strong>Vat„</strong></span> <span class='ocrx_word' id='word_1_307' title='bbox 488 2678 657 2712; x_wconf 77' lang='lat' dir='ltr'><strong>ornantia</strong></span> <span class='ocrx_word' id='word_1_308' title='bbox 681 2677 788 2711; x_wconf 83' lang='lat' dir='ltr'><strong>clivos</strong></span> <span class='ocrx_word' id='word_1_309' title='bbox 814 2675 985 2711; x_wconf 85' lang='lat' dir='ltr'><strong>Schenkl.</strong></span> 
     </span>
    </p>
   </div>
   <div class='ocr_carea' id='block_1_16' title="bbox 1863 1921 1890 2668">
    <p class='ocr_par' dir='ltr' id='par_1_20' title="bbox 1863 1921 1890 2668">
     <span class='ocr_line' id='line_1_40' title="bbox 1863 1921 1890 2668; baseline 0 432"><span class='ocrx_word' id='word_1_310' title='bbox 1863 1921 1890 2668; x_wconf 95' lang='lat' dir='ltr'><strong> </strong></span> 
     </span>
    </p>
   </div>
  </div>
 </body>
</html>
