1890 3100
240 242 296 284 42
766 242 801 278 C.
829 243 1009 278 VALERI
1035 243 1224 292 FLACCI¹
1256 264 1339 289 43„

878 290 1044 336 ,ιμςζζμᾶ
1067 307 1079 329 ff
1104 314 1113 319 .
1248 292 1253 295 ’
1289 287 1293 314 l
1377 287 1549 370 ψῃὲμῖμρἑῥι
1586 294 1604 303 ‘'
1627 335 1663 360 ά
1665 295 1834 374 4·100'L⁵”'‘·

345 360 459 412 nigro
488 361 642 399 Nessus
674 374 776 414 equo
805 362 918 413 fugit,
950 363 1193 415 acclinisque
1223 364 1368 416 tapetis

345 426 386 464 in
415 425 555 465 mediis
584 440 711 465 vacuo
743 427 877 466 condit
896 434 1025 499 cath
1053 429 1258 482 Hippasus
1289 443 1395 468 auro.
1673 462 1686 484 x

189 499 193 523 ε
262 499 298 549 ωι
422 534 425 535 ⁷
450 492 565 530 Haec
596 505 834 544 quamquam
861 476 1138 541 Eiilr‘aiassiriffi
1169 500 1304 555 stupet
1331 495 1496 537 Aesone
1524 500 1640 534 natus
1678 470 1853 565 Ἳζᾼσν

0 547 28 576 ²⁹¹
78 578 140 609 ‘rud
178 556 272 598 Lac-12,
347 551 568 595 et'seeum:
612 557 703 595 ‘heu
730 558 896 596 miseros
925 564 1104 596 nostrum
1132 565 1328 612 natosque
1357 560 1593 612 patresque!
1715 561 1778 604 ⁴>150

239 687 297 723 est
320 686 487 722 Rhoetus
512 699 546 721 v.
572 687 652 723 271.
696 688 841 732 perayz't
870 689 972 724 recte
990 688 1182 724 Burmann
1201 689 1364 736 explicat
1391 702 1474 726 cum
1491 689 1584 725 aliis‘
1609 689 1724 726 inter-

237 746 336 788 ficit’‚
363 746 456 782 mire
480 747 648 792 Wagner
674 748 775 793 ‘prae
801 758 840 782 se
867 747 956 793 agit,
982 748 1240 794 persequitur’.

334 806 413 843 147.
438 806 540 851 myro
566 817 651 851 equo
684 806 873 852 intellegit
905 807 1097 842 Burmann
1133 808 1178 844 de
1211 808 1453 845 formidolosa
1485 809 1620 856 specie,
1655 821 1724 855 ego

238 865 285 901 de
319 865 595 912 pulchritudine
635 865 896 912 explicandum
927 867 1030 912 puto,
1059 878 1142 902 cum
1175 867 1337 909 Ovidius,
1379 868 1517 913 Cyllari
1555 868 1724 904 centauri

237 924 554 971 pulchritudinem
594 926 793 971 postquam
835 925 971 965 multis,
998 927 1041 960 ut
1066 927 1171 967 solet,
1207 927 1331 963 verbis
1366 928 1573 975 descripsit,
1607 928 1725 963 addat

237 984 324 1018 402:
350 987 445 1019 totus
464 985 547 1028 pice
570 985 709 1029 niqrim·
735 988 832 1024 atra2
867 984 932 1019 efr.
969 985 1057 1022 Hor.
1084 997 1112 1021 c.
1146 986 1174 1028 Ι,
1201 987 1257 1027 32,
1286 987 1346 1030 11;
1381 999 1436 1035 ep.
1463 988 1492 1029 Ι,
1520 989 1550 1029 7,
1578 988 1640 1030 26;
1666 987 1720 1028 ΙΙ,

238 1043 270 1084 3,
297 1043 358 1085 27;
387 1043 453 1079 Ov.
481 1055 551 1078 am.
578 1043 626 1085 ΙΙ,
652 1044 684 1084 4,
711 1044 774 1083 42;
802 1044 858 1079 his
885 1044 1055 1079 omnibus
1081 1044 1171 1080 locis
1197 1046 1436 1092 pulchritudo
1466 1047 1565 1093 nigri
1595 1047 1722 1095 capilli

237 1102 424 1137 laudatur.

330 1162 376 1196 In
400 1161 532 1197 mediis
556 1162 810 1208 pugnantibus
836 1162 1023 1209 Hippasus
1058 1163 1209 1199 acclinis
1236 1164 1285 1199 ad
1310 1164 1495 1211 parietem
1521 1165 1722 1202 admodum

238 1221 360 1257 ebrius
398 1232 518 1266 neque
549 1221 752 1267 pugnando
777 1233 847 1268 par
874 1223 939 1262 est,
974 1233 1089 1266 quare
1122 1224 1246 1269 caput,
1272 1224 1316 1258 ut
1349 1224 1481 1265 ebrius,
1521 1224 1725 1266 defendere

238 1281 394 1316 conatur
420 1291 533 1316 aureo
560 1281 717 1316 cratere.
769 1280 875 1322 Quod
899 1281 1093 1316 Baehrens
1120 1293 1204 1317 cum
1221 1294 1296 1318 non
1315 1283 1406 1318 satis
1425 1284 1556 1330 aptum
1572 1285 1726 1331 putaret

238 1340 367 1387 epicae
392 1339 581 1385 gravitati,
610 1339 838 1385 excogitavit
864 1340 1117 1376 coniecturam
1142 1353 1232 1377 sane
1256 1353 1407 1387 prorsus
1424 1342 1605 1390 ineptam.
1633 1342 1724 1379 Cen-

236 1400 430 1435 taurorum
456 1400 582 1435 autem
606 1399 881 1436 immanitatem
908 1400 1023 1435 etiam
1047 1400 1208 1436 irrisioni
1226 1402 1460 1438 occasionem
1478 1403 1625 1439 dedisse
1650 1414 1726 1438 non

237 1459 371 1493 mirum
398 1459 454 1494 est
480 1459 593 1503 atque
618 1470 768 1505 prorsus
792 1458 893 1494 idem
917 1459 1086 1495 videmus
1123 1460 1162 1495 in
1190 1459 1350 1507 Cyclope
1382 1473 1416 1496 v.
1445 1461 1531 1504 136;
1565 1461 1725 1498 fortasse

237 1518 407 1553 Valerius
453 1518 568 1554 etiam
605 1529 748 1554 memor
786 1518 860 1552 fuit
890 1518 1004 1564 Verg.
1030 1519 1122 1555 Aen.
1161 1519 1224 1560 ΙΧ,
1260 1519 1341 1555 346.
1392 1519 1511 1567 ·Apud
1549 1520 1725 1556 Ovidium

237 1589 271 1612 v,
310 1577 378 1612 317
416 1577 583 1624 Aphidas
620 1577 805 1613 ebrietate
843 1578 985 1624 sopitus
1025 1578 1259 1614 describitur.
1308 1579 1411 1614 Auro
1461 1579 1598 1616 dicitur
1653 1591 1722 1627 pro

237 1636 371 1683 poculo
402 1637 463 1672 vel
487 1648 577 1672 vase
605 1648 734 1678 aureo,
767 1637 872 1672 velut
906 1637 1018 1682 Verg.
1044 1638 1136 1673 Aen.
1162 1638 1190 1679 Ι,
1219 1638 1298 1673 739.

334 1695 411 1732 149.
437 1697 605 1731 miranda
621 1696 727 1738 Vat.;
754 1707 884 1732 verum
901 1708 974 1732 non
1000 1697 1040 1731 id
1066 1697 1199 1742 agitur,
1228 1697 1318 1742 quid
1342 1697 1413 1732 viri
1436 1698 1565 1733 mirari
1590 1698 1722 1734 debe-

238 1755 331 1796 ant,
351 1755 417 1790 sed
441 1755 529 1800 quid
553 1767 594 1791 re
619 1767 710 1791 vera
734 1755 926 1798 mirentur,
955 1767 1038 1791 cum
1062 1756 1173 1792 Iason
1198 1756 1311 1802 longe
1337 1757 1410 1793 alio
1436 1768 1546 1792 sensu
1563 1769 1725 1794 commo-

236 1815 385 1849 veatur:
426 1826 535 1850 ausus
569 1827 650 1849 sum
674 1815 863 1861 passivam
894 1815 1084 1861 participii
1129 1815 1290 1862 perfecti
1329 1817 1498 1852 statuere
1522 1816 1724 1863 notionem,

238 1874 385 1918 qualem
410 1874 448 1908 in
473 1874 599 1909 multis
618 1874 699 1909 aliis
725 1875 849 1910 verbis
876 1875 1149 1922 deponentibus
1177 1886 1256 1911 esse
1272 1876 1430 1917 constat,
1449 1876 1564 1920 atque
1580 1875 1722 1912 inveni-

237 1934 350 1967 untur
367 1933 405 1968 in
421 1933 629 1978 antiquiore
643 1934 772 1979 lingua
798 1934 999 1970 nonnullae
1025 1934 1131 1969 huius
1158 1934 1266 1975 verbi
1296 1934 1439 1971 formae
1465 1935 1622 1976 activae,
1649 1928 1723 1971 vid.

236 1991 329 2027 Non.
356 2005 391 2037 p.
417 1993 488 2027 474
528 1994 566 2028 et
589 1993 670 2035 480,
704 1995 743 2029 et
776 1993 1016 2040 participium
1054 1993 1216 2040 perfecti
1251 1994 1402 2041 passiva
1438 1994 1592 2030 notione
1623 1994 1723 2041 apud

236 2051 384 2086 Iuvenc.
425 2051 490 2094 ΙΙΙ,
523 2052 585 2087 58:
621 2055 696 2097 ipse
735 2053 798 2088 sed
833 2053 874 2088 in
904 2053 1038 2098 primis
1073 2054 1206 2088 mirata
1241 2053 1392 2099 viminis
1427 2057 1503 2088 arte
1538 2054 1724 2089 Attonitus

236 2112 385 2155 stupuit.
436 2112 536 2147 Haec
566 2124 773 2158 pronomen
811 2113 1021 2148 subiectum
1054 2114 1110 2148 est
1150 2113 1261 2148 solius
1293 2113 1400 2149 verbi
1433 2113 1566 2148 mirata
1603 2113 1721 2159 (sunt)

235 2182 356 2215 neque
387 2171 551 2217 pertinet
582 2172 631 2206 ad
664 2175 790 2216 stupet,
831 2172 930 2217 quod
955 2172 1127 2208 absolute
1166 2172 1318 2219 ponitur
1343 2184 1412 2218 pro
1445 2171 1718 2213 ‘conturbatus‚

237 2229 521 2276 obstupefactus
549 2232 627 2267 est⁷.

330 2289 475 2324 Desunt
517 2290 616 2336 apud
647 2291 886 2337 Apollonium
919 2290 1094 2336 querelae
1131 2291 1274 2327 Iasonis
1301 2292 1340 2327 et
1367 2291 1443 2327 eius
1475 2302 1559 2326 cum
1582 2290 1722 2326 Acasto

237 2347 467 2394 colloquium,
485 2350 523 2384 et
548 2349 618 2384 hoc
644 2350 794 2394 quidem
818 2350 950 2386 melius
976 2349 1068 2386 fecit
1085 2352 1199 2397 poeta
1220 2350 1394 2391 Graecus,
1421 2350 1521 2397 apud
1546 2360 1657 2395 quem
1680 2349 1719 2384 in

234 2406 342 2443 initio
368 2407 517 2452 quidem
543 2408 715 2443 carminis
741 2409 858 2444 multo
885 2409 1017 2445 fortior
1042 2409 1155 2445 Iason
1178 2410 1340 2456 apparet
1358 2420 1470 2454 quam
1494 2408 1595 2456 apud
1611 2407 1721 2444 Vale-

234 2466 345 2508 rium3
373 2467 485 2511 atque
510 2466 549 2501 id
575 2479 720 2512 quoque
745 2468 876 2504 melius
903 2468 994 2504 fecit
1018 2468 1247 2515 Apollonius,
1274 2468 1373 2513 quod
1389 2467 1547 2503 Acastus
1564 2478 1604 2503 se
1620 2467 1720 2504 ultro

235 2525 461 2571 Argonautis
487 2526 668 2571 adiungit.
695 2539 769 2563 non
792 2527 975 2573 pellectus
1002 2528 1049 2563 ab
1076 2528 1211 2564 Iasone
1243 2527 1318 2563 odii
1344 2528 1383 2563 et
1406 2526 1569 2562 invidiae
1595 2526 1718 2573 pleno.

331 2585 410 2621 150.
435 2585 627 2620 Burmann
654 2587 692 2620 et
716 2587 885 2632 Wagner
911 2586 1220 2623 desideraverunt
1256 2587 1419 2622 matrum
1457 2596 1720 2622 commemora-

234 2644 392 2686 tionem;
432 2644 499 2679 sed
523 2645 651 2691 patres
686 2644 875 2680 interdum
900 2647 1089 2692 ponuntur
1114 2658 1183 2692 pro
1208 2645 1438 2692 parentibus.
1487 2644 1548 2680 Ita
1571 2644 1721 2681 videtur

237 2702 498 2750 explicandum
513 2703 623 2748 Verg.
651 2703 741 2739 Aen.
768 2704 817 2745 ΙΙ,
845 2705 929 2739 579;
963 2695 1163 2750 coniugium
1188 2705 1393 2749 domumque
1410 2707 1536 2749 patres
1551 2708 1722 2750 natosque
