1890 3100
539 195 930 233 ARGONAVTICON
954 196 1102 231 LIBER
1126 195 1189 231 IV.
1554 198 1641 241 305

263 315 425 355 siderea
449 315 499 355 de
526 316 657 355 fronte
683 316 846 364 vident3
887 329 963 354 nec
992 316 1186 366 sanguine
1213 315 1358 353 Pollux

263 381 424 420 territus
453 394 595 420 averso
624 381 800 420 siccabat
826 381 996 419 vulnera
1023 386 1173 419 caestu.

262 445 371 484 illius
400 446 605 485 excelsum
631 447 752 484 ramis
781 451 900 498 caput
927 459 1115 497 armaque
1144 444 1291 484 Castor

262 511 440 563 implicat
469 518 510 551 et
535 512 651 550 viridi
681 511 854 550 conectit
880 516 1061 562 tempora
1088 510 1213 558 lauro,

261 577 561 629 respiciensque
588 584 714 615 ratem
735 576 894 628 ‘patriis'
924 576 979 614 ait
998 576 1084 613 ‘has
1103 588 1245 627 precor
1264 575 1354 621 oris,
1640 590 1697 618 335

265 641 368 689 diva,
396 642 503 681 refer
529 641 690 680 frondes
719 654 889 693 cumque
917 641 993 679 hae
1020 641 1125 679 freta
1152 654 1266 679 curre
1296 641 1466 679 corona.'

264 706 430 745 dixerat.
485 707 579 746 hinc
604 706 740 745 valida
768 706 941 744 caedunt
968 711 1148 744 armenta
1174 706 1338 757 bipenni

260 771 491 823 peri-'usique
521 785 633 810 sacro
660 771 809 823 placati
837 771 1005 822 gurgitis
1034 784 1149 809 amne

261 836 465 887 graminea
493 842 722 875 sternuntur
749 836 887 883 humo;
916 843 1011 874 tunc
1038 835 1123 874 liba
1151 835 1356 888 dapesque

260 901 468 940 frondibus
497 901 770 949 adcumulant3
801 902 976 940 exsortia
1002 907 1119 952 terga
1144 901 1295 939 Laconi
1639 909 1696 938 340

249 1009 328 1044 331.
378 1009 516 1044 siderea
539 1008 582 1042 de
603 1008 732 1051 fronte,
759 1007 826 1043 cfr.
853 1008 903 1042 ad
927 1010 972 1049 Π,
998 1007 1068 1042 104
1094 1009 1133 1043 et
1156 1007 1279 1053 Apoll.
1304 1007 1355 1049 Π,
1379 1008 1438 1043 41.

247 1072 368 1103 tenues
391 1078 533 1103 cruore-s
556 1067 735 1107 indicant,
761 1067 898 1102 leviter
922 1067 1033 1102 modo
1057 1066 1249 1102 Pollucem
1280 1078 1360 1102 esse
1393 1067 1639 1107 vulneratum,

152 1127 289 1172 plurali
312 1137 454 1162 cruores
491 1128 618 1162 autem
654 1126 894 1171 significatur,
935 1126 1109 1161 continuo
1147 1125 1367 1170 sanguinem
1405 1138 1450 1162 ex
1486 1127 1641 1162 vulnere

151 1186 347 1231 profluere,
372 1188 414 1221 ut
437 1185 500 1227 VI,
528 1186 615 1227 705;
640 1185 743 1225 vm,
770 1185 856 1227 241;
882 1186 993 1230 Verg.
1019 1186 1110 1221 Aen.
1137 1185 1197 1226 IV,
1225 1185 1306 1222 687.

246 1245 326 1280 332.
374 1256 496 1280 averso
513 1249 631 1280 caestu
654 1245 679 1282 i.
705 1256 736 1280 e.
755 1256 801 1280 ea
815 1246 926 1290 parte
944 1247 1100 1285 caestus,
1127 1256 1232 1289 quae,
1254 1245 1341 1289 quia
1358 1245 1407 1279 ad
1430 1245 1641 1281 feriendum

153 1316 229 1340 non
253 1304 515 1349 adhibebatur,
539 1304 692 1349 plumbo
717 1315 792 1339 non
817 1304 953 1339 durata.
979 1315 1096 1348 eoque
1120 1304 1247 1349 paullo
1271 1304 1419 1340 mollior
1444 1307 1539 1342 erat.

246 1363 328 1399 333.
375 1373 546 1408 armaque
569 1363 666 1405 Vat„
692 1365 795 1399 recte
820 1364 863 1398 ut
886 1363 1044 1398 videtur.

247 1411 327 1458 334.
375 1423 487 1468 Verg.
511 1423 604 1459 Aen.
629 1422 672 1464 v,
698 1423 787 1464 539;
812 1423 933 1468 Apoll.
961 1422 1007 1463 11,
1036 1423 1105 1458 159
1129 1434 1231 1468 seqq.

246 1482 328 1518 336.
376 1483 461 1518 diva
482 1482 740 1528 intellegenda
764 1482 880 1527 navis,
906 1494 1001 1527 quae
1021 1484 1079 1518 est
1096 1482 1252 1518 fatidica
1269 1484 1308 1518 et
1323 1483 1447 1528 posita
1463 1483 1502 1518 in
1517 1483 1640 1519 tutela

153 1541 335 1587 singulari
358 1541 551 1578 Minervae
576 1543 616 1578 et
639 1542 803 1577 Iunonis.
851 1542 910 1576 An
935 1542 1132 1588 respicitur
1156 1542 1393 1577 simulacrum
1419 1542 1514 1578 deae
1538 1544 1640 1579 tute-

153 1593 254 1646 laris,
279 1601 327 1637 de
351 1613 425 1646 qua
449 1601 515 1636 cfr.
542 1602 591 1637 ad
614 1603 642 1643 Ι,
668 1602 760 1636 301?

244 1660 341 1702 freta
363 1671 481 1702 σαντα
507 1661 560 1696 sic
586 1661 701 1697 etiam
726 1661 807 1696 aliis
831 1661 1019 1697 nonnullis
1044 1661 1135 1697 locis
1159 1661 1340 1706 imprimis
1375 1661 1474 1707 apud
1504 1664 1639 1707 poetas

153 1719 326 1764 spatium,
350 1731 420 1765 per
444 1720 543 1765 quod
568 1720 736 1761 curritur⁷
764 1721 843 1756 solo
869 1721 1083 1756 accusativo
1117 1720 1352 1766 exprimitur:
1394 1720 1506 1766 Verg.
1544 1722 1636 1756 Aen.

154 1777 222 1820 111,
249 1778 334 1820 191;
358 1778 403 1820 V,
429 1779 515 1822 235;
544 1779 609 1815 Ov.
634 1779 732 1815 trist.
757 1779 800 1820 V,
827 1780 860 1824 7,
885 1780 948 1822 36;
976 1791 1021 1816 ex
1045 1780 1153 1815 Pont.
1181 1781 1208 1824 I,
1233 1780 1266 1821 3,
1294 1780 1356 1828 763
1382 1780 1457 1817 Sid.
1482 1781 1545 1822 IX,
1573 1781 1637 1823 16;

155 1836 222 1874 cfr.
248 1837 297 1872 ad
322 1839 365 1879 V,
391 1838 471 1873 669.

246 1896 328 1934 338.
372 1898 556 1942 placatum
578 1900 749 1943 otu-fitem
774 1910 878 1934 mare
902 1899 1091 1943 intellegit
1115 1900 1219 1934 recte
1243 1899 1445 1940 Burmann,
1473 1899 1640 1944 quando-

154 1955 304 2000 quidem
327 1956 423 1992 filius
447 1956 613 2002 Neptuni
637 1957 778 1993 occisus
804 1959 887 1993 erat
912 1959 951 1993 et
973 1959 1176 2003 propterea
1201 1958 1291 1993 deus
1308 1958 1473 1993 marinus
1497 1958 1641 2004 placari

155 2014 331 2050 debebat.
382 2017 498 2051 amnis
529 2017 655 2052 autem
678 2016 868 2052 interdum
894 2017 1030 2051 dicitur
1056 2028 1151 2062 aqua
1173 2017 1329 2057 marina,
1361 2018 1404 2052 ut
1427 2017 1528 2052 infra
1553 2017 1640 2061 3453

154 2073 264 2119 Verg.
291 2085 418 2120 georg.
444 2076 506 2114 IV,
533 2076 618 2117 23&
645 2075 725 2111 Tib.
746 2076 796 2113 II.
824 2076 855 2118 5,
882 2076 944 2117 61;
970 2075 1039 2116 ΠΙ,
1065 2077 1099 2120 4,
1126 2076 1190 2122 18;
1216 2076 1343 2111 Alcim.
1362 2077 1460 2113 Avit.
1480 2076 1543 2117 IV,
1569 2077 1639 2112 441

154 2143 228 2169 mm
251 2134 355 2169 aliter
383 2135 526 2176 Tanais,
553 2135 694 2170 nivibus
718 2146 795 2170 cum
814 2136 981 2180 pascitur
1005 2136 1105 2180 albis,
1132 2135 1295 2180 Riphaeo
1321 2136 1363 2170 de
1386 2140 1503 2171 monte
1532 2148 1640 2172 ruens

156 2192 310 2228 illiditur
333 2194 439 2229 amni.

251 2251 331 2289 339.
380 2255 565 2298 yraminea
601 2274 644 2279 —
678 2254 795 2298 humo,
820 2253 886 2289 cfr.
913 2254 963 2288 ad
987 2253 1034 2294 Π,
1061 2254 1142 2291 631.

252 2311 324 2347 liba
362 2312 537 2357 dapesque
568 2313 758 2355 frondibus
793 2313 1021 2347 adcumulant
1044 2313 1067 2348 i.
1095 2324 1125 2348 e.
1151 2313 1277 2358 largas
1311 2313 1428 2359 dapes
1461 2314 1638 2349 subiectis

158 2369 352 2406 frondibus
368 2371 580 2416 imponunt:
599 2372 651 2406 sic
669 2371 814 2417 scripsit
832 2371 983 2407 Ovidius
1001 2372 1087 2407 fast.
1112 2371 1159 2413 ΙΙ,
1179 2373 1247 2407 122
1263 2373 1372 2415 fastis
1395 2374 1639 2408 accumulatur

158 2429 270 2465 honos
308 2429 332 2465 i.
370 2441 402 2465 e.
442 2430 568 2475 largus
607 2431 724 2466 honor
759 2430 954 2473 tribuitur;
994 2430 1055 2466 Sil.
1087 2431 1135 2472 IL
1190 2431 1260 2466 336
1301 2436 1403 2466 tanta
1440 2433 1639 2467 accumulat

149 2489 347 2532 praeconia
371 2490 438 2524 leto
462 2489 731 2534 vulneribusque
755 2490 885 2531 virum3
911 2490 1130 2536 simpliciter
1154 2492 1377 2526 accumulant
1402 2492 1526 2536 epulas
1543 2491 1638 2526 dixit

156 2545 219 2581 Sil.
243 2546 306 2587 xl,
330 2547 402 2583 428
426 2559 476 2584 sc.
503 2559 665 2584 mensae.

249 2605 331 2643 340.
379 2608 534 2642 exsortia
557 2611 674 2652 ter-,qm
698 2612 866 2643 mortem
890 2609 1055 2644 honorem
1071 2609 1220 2654 scripsit
1236 2609 1346 2654 Verg.
1365 2610 1456 2645 Aen.
1476 2609 1517 2649 V,
1545 2609 1632 2655 5343

156 2669 324 2700 mortem
349 2667 509 2712 (equum)
535 2666 636 2707 VIII,
663 2667 745 2703 552.
