1890 3100
257 179 343 223 514
781 177 817 213 C.
844 177 1024 212 VALERI
1050 177 1223 213 FLAOGI

363 297 476 335 inicit
503 296 731 335 Aesonides
746 295 941 335 ‘dextram
971 303 1090 349 atque
1122 296 1301 335 ardentia
1330 295 1488 347 prendit

367 376 526 409 cornua,
559 361 652 400 dein
680 362 774 401 totis
803 362 1056 414 propendens
1086 362 1235 400 viribus
1264 362 1415 400 haeret.

364 428 433 466 ille
463 428 591 465 virum
622 433 740 479 atque
770 428 898 479 ipsam
927 434 1021 466 tunc
1051 434 1104 474 te,
1133 427 1289 474 Medea,
1320 439 1510 465 recusans

367 493 541 532 concutit
571 499 611 531 et
638 498 722 531 tota
750 494 945 532 nitentem
976 493 1159 531 cornibus
1188 494 1247 530 ira
1747 500 1802 530 590

365 565 496 611 portat
524 559 649 607 iners3
679 558 841 597 tandem
871 559 1030 610 gravius
1060 559 1212 610 mugire
1242 557 1435 596 recedens

365 624 503 675 incipit
533 629 572 662 et
601 623 709 662 fesso
738 625 868 662 victus
899 624 1146 662 descendere
1177 637 1310 662 cornu.

366 690 528 741 respicit
556 689 649 727 hinc
679 690 819 736 socios,
851 690 1037 727 immania
1065 689 1225 727 vincula
1245 702 1426 740 poscens,

365 754 604 802 AesonideS,
635 755 794 807 iamque
825 769 893 793 ora
920 755 1063 806 premit
1091 755 1340 806 trahiturque
1369 754 1570 805 trahitque

367 821 618 872 obnixusque
648 834 755 871 genu
785 826 947 871 superat
989 821 1174 872 cogitque
1203 825 1421 858 trementes
1746 822 1801 851 595

366 886 438 924 sub
469 886 563 936 iuga
592 899 694 923 aena
721 891 840 922 toros.
900 885 1021 922 alium
1051 885 1194 923 dehinc
1223 884 1382 923 turbida
1413 883 1574 922 Colchis

362 956 542 990 exarmat
570 950 803 1002 lentumque
836 951 950 988 offert
983 950 1200 1002 timideque
1229 951 1458 996 minantem,

250 1110 371 1144 neque
410 1098 518 1134 aliter
548 1098 688 1140 Graeci,
729 1098 831 1134 velut
869 1098 1036 1143 Aeschyl.
1073 1098 1173 1144 Sept.
1209 1098 1275 1134 102
1312 1100 1433 1135 κτύπον
1471 1095 1629 1144 δέδορκα;
1673 1097 1738 1133 cfr.

251 1158 362 1204 Soph.
391 1158 482 1194 Oed.
511 1157 586 1194 Col.
614 1158 704 1200 138;
756 1160 820 1193 aut
857 1169 1024 1193 venenum
1060 1158 1201 1193 dictum
1225 1170 1293 1203 pro
1330 1170 1370 1193 re
1407 1160 1610 1194 venenata:
1660 1159 1740 1195 viso

253 1217 382 1263 clipeo,
410 1217 472 1262 qui
497 1217 712 1252 incantatus
739 1218 776 1252 et
795 1229 939 1253 veneno
964 1217 1078 1252 illitus
1105 1220 1195 1258 erat,
1223 1217 1324 1252 cuius
1349 1217 1426 1252 vim
1448 1218 1576 1253 taurus
1595 1218 1745 1263 quidem

254 1277 454 1323 sentiebat,
481 1276 650 1312 homines
677 1277 816 1312 sentire
842 1289 916 1312 non
940 1278 1129 1322 poterant.

347 1348 427 1384 587.
477 1349 587 1384 mittit
610 1348 706 1390 Vah„
729 1348 876 1393 prendit
900 1348 1008 1384 Thilo
1033 1348 1072 1383 in
1091 1348 1345 1386 annotatione,
1373 1348 1472 1393 quod
1497 1348 1630 1394 recepi,
1658 1349 1743 1394 quia

252 1408 382 1443 melius
421 1408 544 1443 adhuc
578 1419 649 1443 non
686 1409 877 1454 repertum
915 1409 989 1455 est3
1039 1408 1202 1443 ardentia
1241 1409 1368 1443 autem
1404 1418 1540 1443 cornua
1575 1408 1678 1444 recte
1703 1419 1743 1444 se

252 1467 394 1503 habere
418 1468 530 1513 puto:
558 1467 697 1503 etenim
724 1479 806 1502 cum
831 1467 931 1502 tauri
956 1467 1123 1502 flammas
1149 1467 1350 1512 exspirent,
1388 1466 1513 1512 capita
1553 1468 1635 1503 tota
1666 1467 1745 1513 igni

252 1526 421 1562 involuta
447 1528 534 1562 sunt
558 1528 684 1571 itaque
711 1539 849 1562 cornua
875 1527 979 1572 quasi
1005 1527 1137 1563 ardere
1161 1527 1347 1563 videntur.

350 1597 429 1633 590.
481 1599 650 1634 carminis
675 1598 771 1641 Vat„
797 1598 963 1634 cornibus
987 1598 1064 1634 cod.
1093 1599 1191 1634 Carr.

347 1668 425 1703 591.
476 1670 573 1704 iners
589 1669 611 1704 i.
632 1680 662 1704 e.
682 1669 775 1704 nihil
793 1680 917 1713 agens,
946 1668 1122 1710 efficiens,
1150 1668 1306 1711 frustra;
1333 1669 1383 1704 sic
1401 1669 1605 1706 rarissime:
1630 1669 1742 1714 Prop.

251 1727 302 1770 ΙΙ,
328 1728 383 1770 3‘2,
413 1728 457 1762 19
483 1740 558 1773 seq.
584 1729 637 1763 nil
661 1728 748 1773 ayis,
788 1729 939 1764 insidias
962 1729 1001 1764 in
1032 1739 1084 1763 me
1114 1730 1294 1772 componis
1324 1729 1459 1770 inanes,
1491 1728 1620 1764 Tendis
1643 1729 1741 1764 iners

250 1788 351 1824 docto
391 1789 483 1823 retia
523 1792 611 1824 nota
635 1789 739 1824 mihi:
785 1788 945 1824 Venant.
988 1788 1088 1824 Fort.
1114 1787 1215 1829 VIII,
1258 1788 1290 1830 3,
1337 1787 1404 1822 195
1442 1789 1541 1833 aspis
1575 1787 1743 1830 faucibus

251 1848 429 1890 horrificis
467 1848 573 1883 sibila
610 1848 713 1883 torsit
751 1849 862 1889 iners;
912 1859 1001 1882 nam
1039 1847 1104 1883 Ov.
1142 1849 1232 1884 met.
1270 1847 1350 1890 XII,
1390 1847 1459 1882 361
1498 1847 1607 1883 aliter
1644 1858 1740 1883 com-

251 1908 427 1952 paratum
453 1908 521 1943 est.

345 1966 508 2001 recedens
531 1966 555 2002 i.
582 1977 612 2002 e.
650 1978 672 2001 a
699 1967 876 2002 luctando
914 1967 1103 2008 desistens,
1144 1966 1209 2002 cfr.
1248 1966 1339 2002 Plin.
1367 1966 1474 2012 epist.
1513 1965 1574 2007 IV,
1603 1966 1657 2007 11,
1698 1965 1742 2000 12

252 2027 396 2061 recessit
420 2025 635 2061 Licinianus
670 2027 720 2062 ⁴L.
748 2027 816 2061 hat
842 2026 910 2061 auf
938 2026 997 2062 die
1028 2026 1327 2071 Vertheidigung
1357 2025 1584 2062 verzichtet'.
1636 2024 1742 2067 Quod

252 2084 364 2119 scribi
389 2085 486 2120 solet
511 2086 663 2121 auctore
690 2085 876 2121 Gronovio
900 2086 1065 2127 residens,
1104 2085 1189 2121 ideo
1215 2085 1306 2120 mihi
1330 2097 1406 2120 non
1429 2085 1622 2130 probatur,
1657 2085 1740 2130 quia
1768 2119 1771 2120 γ

250 2144 334 2189 plus
359 2143 436 2178 iam
460 2143 655 2189 significat,
695 2155 806 2189 quam
843 2155 938 2189 quae
975 2145 1179 2189 sequuntur
1210 2145 1380 2188 incipit
1405 2143 1617 2185 descendere,
1655 2143 1679 2178 i.
1706 2154 1739 2179 e.

246 2202 404 2248 prolabi.
434 2204 475 2237 ut
499 2203 562 2248 VI,
589 2203 669 2239 244.
719 2203 775 2238 De
807 2205 877 2238 hac
903 2215 941 2239 re
968 2204 1059 2238 artis
1085 2204 1257 2249 operibus
1296 2203 1423 2239 efficta
1462 2204 1534 2240 vid.
1559 2203 1738 2248 Heydem.

251 2262 372 2297 ‘Iason
398 2262 436 2296 in
461 2262 622 2297 Kolchis'
649 2275 685 2308 p.
713 2263 734 2297 6
760 2274 860 2307 seqq.

343 2332 423 2368 596.
473 2332 530 2368 De
555 2334 644 2368 toris
660 2334 854 2369 taurorum
879 2334 951 2370 vid.
980 2335 1028 2369 ad
1041 2335 1070 2380 I,
1097 2335 1181 2377 25&
1208 2336 1329 2370 totam
1346 2346 1423 2370 rem
1444 2334 1562 2370 multo
1587 2335 1737 2370 brevius

250 2393 500 2427 narraverunt
524 2391 696 2437 Apollon.
722 2392 789 2428 III.
819 2393 910 2427 1305
947 2405 1046 2438 seqq.
1086 2395 1125 2430 et
1152 2394 1216 2430 Ov.
1242 2395 1330 2429 met.
1356 2393 1437 2439 VII,
1477 2394 1545 2430 110
1570 2405 1674 2440 seqq.

344 2452 463 2492 aliurn,
491 2451 667 2492 alterum;
705 2451 771 2488 cfr.
798 2452 847 2487 ad
871 2452 900 2494 I,
929 2453 1006 2490 140.

343 2521 424 2560 597.
474 2523 618 2557 turbida
657 2522 793 2558 Colchis
820 2536 826 2557 :
854 2524 903 2558 ad
942 2524 1148 2569 periculum
1189 2524 1331 2560 Iasonis
1373 2524 1586 2569 augendum
1621 2525 1736 2570 poeta

249 2581 424 2617 Medeam
450 2593 536 2617 caro
561 2581 640 2617 viro
667 2593 884 2627 quamquam
903 2583 1209 2618 medicaminibus
1227 2583 1367 2619 munito
1384 2584 1552 2619 metuere
1577 2583 1736 2629 indicat3

250 2645 411 2676 exarmat
434 2641 457 2676 i.
486 2652 515 2677 e.
542 2641 732 2677 innoxium
757 2641 892 2685 reddit,
918 2642 979 2678 Sil.
1006 2642 1034 2684 I,
1060 2643 1139 2677 411.
