1890 3100
254 252 336 294 114
773 249 809 286 C.
836 249 1015 285 VALERI
1040 250 1213 286 FLACCI

358 369 539 408 manibus
569 369 776 408 Alcimede
805 374 915 408 tanto
946 382 1065 421 super
1094 371 1213 408 anxia
1240 376 1345 417 nato,

359 434 489 487 siquid
518 435 567 473 ab
598 435 738 473 excitis
767 434 909 473 melius
938 441 1221 486 praenosceret
1250 435 1412 475 umbris.

359 501 487 551 ipsum
517 500 637 538 etiam
667 500 851 552 curisque
880 513 1016 551 parem
1044 500 1227 553 talesque
1256 505 1506 552 prementem

360 565 477 603 corde
507 571 637 603 metus
667 565 786 613 ducit,
817 565 975 604 facilem
1004 571 1149 612 tamen,
1180 567 1344 604 Aesona
1373 566 1556 604 coniunx.

358 631 400 668 in
429 630 634 669 scrobibus
665 644 779 668 cruor
808 637 847 669 et
875 631 1010 682 largus
1038 631 1343 682 Phlegethontis
1374 632 1501 683 operti
1740 640 1793 669 735

360 701 518 747 stagnat
547 696 686 743 honos,
717 709 919 748 saevoque
948 701 1065 734 vocat
1092 695 1322 748 grandaeva
1349 696 1538 734 tumultu.

358 761 567 799 Thessalis
598 761 802 799 exanimes
832 767 970 799 atavos
1000 775 1251 814 magnaeque
1280 767 1468 813 nepotem

359 826 560 867 Pleiones,
618 833 657 864 et
686 827 763 864 iam
791 832 933 865 tenues
964 827 1013 865 ad
1044 827 1218 865 carmina
1245 827 1380 865 vultus

362 892 560 931 extulerat
587 898 842 944 maestosque
871 898 988 931 tuens
1018 899 1235 945 natumque
1265 906 1486 945 nurumque

306 1002 314 1007 ,
360 957 457 996 talia
485 957 607 996 libato
636 957 839 1009 pandebat
868 958 1061 1009 sanguine
1092 957 1308 996 Cretheus:
1743 965 1795 993 740

359 1023 485 1061 ‘mitte
514 1028 656 1071 metus,
687 1023 795 1061 volat
824 1022 892 1060 ille
921 1024 1019 1061 mari
1049 1028 1320 1075 quantumque
1348 1023 1598 1075 propinquat,

352 1176 431 1212 733.
481 1176 592 1222 Verg.
618 1176 708 1212 Aen.
737 1179 766 1222 I,
793 1176 873 1212 209.
926 1176 1100 1212 Ceterum
1125 1177 1214 1222 apte
1247 1176 1296 1211 ad.
1330 1178 1504 1212 naturam
1534 1176 1606 1211 viri
1629 1178 1743 1222 poeta
1789 1194 1791 1196 ·

258 1235 349 1270 dicit
363 1236 510 1271 Aesona
538 1235 786 1272 dissimulasse
812 1237 965 1282 metum,
991 1248 1101 1282 quam
1128 1247 1220 1271 uxor
1245 1236 1376 1281 aperte
1400 1246 1491 1281 prae
1517 1247 1557 1271 se
1583 1235 1742 1279 ferebat,

257 1295 323 1330 sed
361 1294 470 1331 facile
508 1296 638 1331 tamen
678 1295 812 1331 adduci
849 1295 1029 1343 potuisse,
1068 1296 1111 1330 ut
1149 1295 1264 1330 sacris
1298 1295 1513 1339 interesset3
1567 1294 1613 1330 de
1642 1294 1746 1337 facili

257 1354 444 1390 adiectivo
471 1355 538 1391 cfr.
565 1355 614 1390 ad
639 1367 673 1391 v.
701 1355 780 1394 151.

355 1414 434 1452 735.
486 1414 560 1450 Cfr.
599 1415 706 1451 Hom.
736 1414 801 1451 Od.
841 1414 905 1459 XI,
944 1414 990 1449 25
1027 1426 1146 1460 seqq.;
1189 1415 1287 1450 hunc
1328 1413 1467 1449 imitati
1507 1414 1594 1448 sunt
1631 1413 1744 1448 etiam

258 1472 370 1518 Verg.
401 1474 491 1509 Aen.
519 1474 581 1519 VI,
608 1474 678 1509 243
703 1486 824 1522 seqq.;
863 1474 928 1510 Ov.
961 1475 1049 1510 met.
1084 1473 1166 1515 VII,
1192 1474 1262 1509 243
1293 1485 1411 1519 seqq.;
1449 1473 1511 1509 Sil.
1547 1471 1647 1513 XIII,
1673 1472 1742 1506 427

258 1543 357 1578 seqq.
391 1534 509 1578 aperti
534 1534 629 1578 Vat.,
655 1534 768 1579 operti
794 1534 874 1570 cod.
903 1533 1019 1572 Carrl

355 1592 435 1630 736.
485 1593 569 1629 Non
605 1593 781 1629 victimae
806 1594 925 1639 ipsae,
958 1593 1025 1629 sed
1056 1592 1205 1638 sanguis
1238 1603 1367 1628 earum
1397 1592 1546 1627 tantum
1574 1590 1745 1626 manibus

261 1651 433 1699 offertur3
464 1653 550 1689 ideo
581 1653 722 1688 licebat
753 1654 887 1699 poetae
920 1653 1044 1688 dicere
1075 1656 1221 1698 stayuat
1252 1653 1373 1687 honos.

355 1722 459 1747 saevo
485 1733 529 1738 —
556 1713 708 1746 tumultu
732 1711 826 1746 nihil
857 1711 958 1746 aliud
995 1711 1144 1746 videtur
1176 1710 1385 1756 significare
1411 1709 1482 1745 nisi
1506 1720 1643 1755 magno
1674 1709 1746 1744 cla-

262 1782 381 1813 more;
419 1771 538 1807 voluit
569 1772 680 1817 poeta
714 1771 753 1806 in
783 1771 963 1807 sacrificio
994 1770 1156 1806 terribili
1191 1770 1306 1806 etiam
1335 1769 1497 1805 terribili
1526 1769 1643 1805 verbo
1674 1767 1745 1809 uti,

263 1830 329 1865 sed
354 1842 429 1865 non
454 1830 613 1866 feliciter
638 1841 696 1866 ren
723 1830 758 1866 ei
782 1831 853 1866 hoc
878 1830 957 1866 loco
984 1830 1105 1867 cessit.

358 1890 437 1925 737.
488 1890 543 1925 De
574 1890 759 1925 industria
789 1889 1007 1925 Alcimeden
1039 1890 1111 1924 hoc
1138 1889 1219 1924 loco
1250 1889 1362 1924 vocat
1391 1887 1563 1923 Valerius
1601 1887 1749 1922 Tkessa-

263 1949 366 1984 tidem
390 1950 523 1996 utpote
549 1950 640 1984 artis
667 1949 836 1994 magicae
859 1949 1034 1995 peritam.
1161 1955 1162 1958 ’

360 2008 438 2043 738.
490 2009 659 2044 Pleiones
685 2020 800 2055 nepos
827 2010 885 2044 est
902 2008 1120 2054 Mercurius,
1146 2007 1242 2042 filius
1260 2007 1383 2042 Maiae
1400 2007 1514 2042 natae
1532 2017 1577 2042 ex
1594 2005 1749 2042 Atlante

265 2068 304 2102 et
328 2067 497 2110 Pleione;
536 2068 601 2104 cfr.
630 2068 696 2104 Ov.
728 2069 817 2104 met.
844 2069 889 2104 11.
917 2068 1002 2112 7423
1042 2069 1123 2104 her.
1149 2066 1245 2113 XVI,
1272 2066 1333 2108 62;
1372 2065 1460 2102 fast.
1485 2066 1529 2108 V,
1555 2065 1601 2100 83
1632 2076 1748 2110 seqq.;

263 2127 436 2172 Apollod.
461 2128 527 2169 III,
556 2128 611 2175 10,
638 2129 669 2163 1.

360 2190 481 2222 tenues
517 2188 636 2222 vultus
673 2188 760 2222 sunt
796 2188 839 2222 ut
877 2187 984 2222 unius
1025 2198 1069 2222 ex
1100 2186 1256 2226 umbris,
1296 2185 1348 2220 sic
1384 2188 1486 2220 terme
1517 2184 1640 2219 collum
1665 2182 1749 2218 Sen.

265 2245 374 2281 Herc.
394 2245 475 2282 Oet.
504 2246 594 2280 1555
621 2247 660 2281 et
688 2250 808 2281 tenues
837 2247 976 2282 animae
1007 2246 1074 2284 Ov.
1103 2246 1192 2281 met.
1224 2244 1320 2286 XIV,
1350 2244 1440 2290 411;
1479 2243 1564 2278 fast.
1591 2242 1636 2283 11,
1662 2241 1749 2288 565;

264 2305 382 2349 imayo
407 2304 488 2341 Val.
514 2304 555 2345 V,
583 2305 639 2342 52.

362 2364 441 2400 740.
492 2365 598 2399 libato
625 2386 670 2391 —
695 2366 882 2410 sanquine:
911 2368 1017 2402 Hom.
1045 2364 1114 2400 Od.
1140 2363 1204 2408 XI,
1230 2363 1286 2398 98.

362 2423 442 2461 741.
491 2428 729 2469 quanta-mque
747 2425 971 2469 propinquat
995 2436 1063 2469 pro
1090 2435 1134 2459 eo
1161 2422 1258 2469 quod
1285 2423 1342 2458 est
1358 2424 1490 2466 quanto
1508 2420 1622 2465 mayis
1632 2430 1750 2464 prop„

268 2482 334 2517 cfr.
362 2482 421 2524 IV,
449 2483 528 2518 544.
580 2483 639 2518 Sic
665 2483 779 2519 etiam
802 2483 841 2518 in
866 2495 977 2528 prosa
995 2483 1173 2528 oratione,
1201 2483 1242 2516 ut
1267 2481 1344 2517 Liv.
1370 2483 1411 2521 V,
1440 2479 1494 2520 10,
1517 2479 1556 2514 5:
1582 2483 1753 2524 quantum

269 2546 386 2577 autem
410 2543 606 2588 auyebatur
628 2543 776 2578 militum
802 2554 983 2579 numerus,
1019 2546 1118 2577 tauto
1143 2542 1275 2576 maiore
1293 2539 1447 2584 pecunia
1477 2538 1518 2574 in
1540 2538 1753 2583 stipendium

269 2613 359 2646 opus
384 2606 474 2644 erat;
507 2602 568 2638 vel
592 2602 739 2644 XXXII,
766 2602 799 2647 5,
825 2602 864 2636 2:
893 2602 1101 2646 Philippum
1126 2604 1295 2645 quautwm
1323 2599 1366 2634 ab
1393 2598 1548 2633 assiduis
1574 2597 1753 2633 laboribus

269 2662 435 2697 itinerum
454 2673 726 2708 puyuammnque
751 2663 933 2697 laxaverat
948 2672 1091 2700 nunus,
1131 2663 1231 2695 tauto
1262 2658 1376 2703 mayis
1406 2658 1579 2692 intentum
1609 2658 1649 2692 in
1672 2656 1752 2691 uni-

270 2733 406 2756 uersum
432 2727 589 2758 eventum
614 2722 693 2758 belli
717 2733 821 2757 curae
847 2724 998 2766 numm&
1030 2719 1152 2755 solent
1177 2717 1334 2753 ablativi
1359 2721 1458 2752 tanto
1483 2717 1548 2751 hoc
1573 2726 1610 2751 eo
1637 2714 1750 2760 sequi,
