1890 3100
255 131 345 175 456
783 130 819 166 C.
847 131 1026 167 VALERI
1052 133 1225 170 FLACCI

365 255 509 301 stagna
536 263 611 289 nec
640 251 679 289 in
708 251 839 290 medio
868 257 1120 292 truncantem
1149 268 1343 294 marmore
1374 269 1524 295 cervos.

363 315 544 366 Eurytus
572 315 792 355 Exomatas
822 318 904 368 agit
934 331 1120 369 aequore.
1175 319 1357 358 Nestoris
1387 321 1526 360 hastae

364 380 584 419 immoritur
610 381 836 434 primaevus
866 382 1000 430 Helix,
1034 396 1108 421 nec
1137 383 1294 423 reddita
1324 398 1414 424 caro
1745 396 1800 427 570

363 446 608 484 nutrimenta
635 448 754 498 patri3
784 447 972 486 brevibus
1004 454 1166 500 ereptus
1195 450 1237 487 in
1265 451 1389 489 annis.

365 516 406 549 at
433 512 630 563 Latagum
660 513 880 565 Zetemque
909 514 1079 565 DaraPS,
1110 514 1223 553 illum
1253 516 1376 567 exigit
1404 517 1530 564 hasta,

352 576 429 616 ,hic
457 577 570 628 fugit,
600 578 806 629 ingentem
835 578 955 617 subiti
984 593 1073 618 cum
1103 581 1306 631 sanguinis
1336 581 1484 620 undam

363 641 463 680 vidit
492 647 532 681 et
562 648 739 682 extremo
768 643 945 683 lucentia
971 651 1135 697 pectora
1163 646 1281 685 ferro.

418 708 528 747 Ecce
558 714 693 747 autem
720 710 841 747 muris
870 710 1051 749 residens
1081 711 1226 750 Medea
1253 713 1429 763 paternis
1745 727 1800 757 575

365 773 523 824 singula
552 773 645 812 dum
673 774 808 825 magni
835 774 979 813 lustrat
1008 777 1226 815 certamina
1254 777 1352 816 belli

365 843 485 891 atque
514 839 586 877 hos
615 840 703 891 ipsa
730 839 869 891 procul
898 840 1023 879 densa
1050 842 1091 879 in
1121 842 1292 893 caligine
1322 856 1439 895 reges

351 987 431 1023 568.
481 989 520 1023 in
555 987 667 1023 medio
706 1008 750 1013 -
786 998 959 1023 mmvnore
996 988 1019 1023 i.
1059 999 1089 1024 e.
1115 989 1154 1023 in
1178 990 1272 1025 mari
1298 991 1506 1036 congelato,
1547 992 1613 1028 cfr.
1641 993 1690 1028 ad
1714 993 1742 1036 Ι,

257 1047 327 1083 313
334 1060 343 1090 ;
369 1059 472 1083 mare
499 1047 625 1082 autem
650 1047 819 1092 gelatum
854 1058 935 1083 esse
961 1047 1194 1093 intellegitur
1220 1060 1265 1085 ex
1291 1051 1642 1088 commemoratione
1667 1064 1743 1088 cer-

255 1118 401 1148 vorun1;
428 1106 480 1142 sic
506 1106 621 1142 etiam
645 1107 762 1142 verba
788 1118 884 1153 quae
908 1107 1140 1152 praecedunt
1167 1108 1342 1153 explicari
1365 1121 1475 1155 posse
1499 1110 1684 1147 videntur.

350 1177 429 1214 570.
480 1178 536 1213 De
562 1178 750 1214 sententia
776 1177 843 1215 cfr.
868 1178 975 1214 Hom.
996 1178 1040 1214 Π.
1058 1179 1118 1220 IV,
1145 1179 1214 1214 477
1232 1191 1336 1227 seqq.
1356 1181 1394 1216 et
1410 1181 1528 1223 XVII,
1554 1182 1622 1217 301
1641 1194 1744 1230 seqq.

353 1249 430 1284 571.
482 1249 655 1294 brevibus,
681 1249 756 1286 vid.
783 1250 832 1285 ad
856 1250 906 1295 II,
933 1250 1015 1286 225.

349 1320 430 1357 572.
479 1320 665 1364 Darapem
690 1321 843 1357 vulnere
870 1332 1024 1366 aegrum
1049 1333 1124 1357 non
1153 1321 1275 1367 ipsum
1301 1322 1340 1358 in
1366 1323 1507 1359 bellum
1530 1323 1743 1370 profectum

256 1392 347 1426 esse,
373 1381 439 1416 sed
463 1392 531 1426 pro
566 1391 605 1416 se
631 1380 759 1415 Datim
783 1380 925 1416 misisse
952 1392 1036 1416 cum
1059 1382 1173 1427 poeta
1197 1394 1233 1418 v.
1258 1382 1304 1417 66
1328 1383 1550 1425 narraverit,
1581 1384 1746 1430 Wagner

254 1440 363 1476 huius
399 1451 536 1476 nomen
572 1450 752 1485 reponere
783 1440 880 1484 vult,
913 1440 1013 1487 quod
1038 1441 1158 1476 metro
1185 1453 1260 1477 non
1285 1441 1516 1478 admittitur.
1566 1442 1646 1479 Nisi
1670 1455 1746 1479 om-

253 1500 341 1536 nino
366 1499 536 1535 Valerius
572 1510 653 1535 rem
690 1499 826 1535 oblitus
865 1501 932 1546 est,
968 1499 1068 1535 inter
1105 1511 1164 1536 eos
1202 1500 1302 1536 locos
1328 1501 1532 1537 habendus
1577 1502 1638 1538 hic
1663 1502 1746 1549 erit,

255 1571 346 1608 quos
371 1559 573 1594 immatura
598 1559 719 1594 morte
743 1558 953 1604 prohibitus
979 1571 1053 1594 non
1076 1559 1288 1606 perpolivit.

349 1618 511 1663 Latayus
538 1619 595 1653 est
619 1618 719 1653 inter
743 1617 861 1654 socios
881 1617 1102 1654 Colchorum
1118 1619 1160 1659 V,
1187 1618 1256 1654 602
1275 1618 1390 1665 (584);
1416 1619 1517 1655 Zetes
1536 1620 1737 1656 dummodo

253 1689 390 1715 nomen
414 1679 518 1714 recte
542 1677 714 1713 tradatur
739 1677 778 1712 in
791 1677 983 1718 Vaticano,
1010 1689 1084 1713 non
1109 1679 1235 1723 potest
1261 1689 1341 1714 esse
1366 1678 1595 1724 Argonauta,
1623 1679 1742 1716 frater

256 1736 389 1779 Calais,
422 1748 512 1771 nam
536 1747 621 1772 eum
663 1737 743 1771 tam
783 1736 962 1782 ignavum
1005 1748 1079 1772 non
1121 1736 1394 1783 descripturum
1435 1737 1549 1774 fuisse
1589 1740 1742 1784 poetam

255 1797 409 1843 certum,
450 1795 517 1832 sed
543 1796 601 1831 est
628 1795 784 1831 Colchus
811 1795 974 1843 quidam.
1027 1795 1202 1832 Ceterum
1233 1796 1437 1832 accusativi
1473 1809 1549 1833 non
1588 1798 1741 1841 habent,

253 1855 352 1891 unde
378 1855 468 1891 satis
493 1855 591 1891 bene
615 1855 817 1900 pendeant,
843 1866 965 1902 neque
990 1855 1150 1890 multum
1166 1855 1388 1901 proficimus,
1415 1856 1446 1891 si
1463 1856 1743 1893 Loehbachium

254 1914 373 1951 secuti
397 1926 525 1950 versus
550 1914 715 1949 572—74
739 1915 826 1960 post
852 1914 921 1949 554
945 1914 1127 1960 ponimus.

349 1975 458 2020 eaeiyit
482 1986 530 2009 se.
558 1985 578 2010 e
603 1973 693 2015 vita,
719 1973 806 2010 vide
832 1974 880 2009 ad
905 1973 970 2019 ΠΙ,
995 1974 1075 2009 461.

348 2046 427 2081 574.
479 2049 630 2081 extremo
671 2046 825 2081 lucentia
859 2049 1008 2090 pectora
1045 2045 1154 2088 ferro.
1220 2045 1276 2081 Ne
1320 2046 1390 2081 hoc
1442 2045 1594 2092 quidem
1641 2045 1743 2082 felici

255 2105 412 2142 audacia
438 2105 594 2141 dietum:
632 2104 736 2142 notio
762 2104 862 2140 enim
886 2104 1035 2141 lucendi
1059 2104 1180 2140 minus
1206 2106 1293 2150 apte
1320 2116 1342 2140 a
1368 2104 1467 2141 ferro
1503 2104 1552 2140 ad
1589 2106 1743 2151 pectora

253 2165 486 2206 transfertur,
511 2164 661 2200 videtur
688 2165 816 2200 autem
840 2165 955 2210 poeta
982 2163 1188 2209 exprimere
1214 2164 1384 2206 voluisse,
1405 2163 1595 2210 cuspidem
1612 2165 1743 2201 hastae

253 2236 319 2271 per
345 2236 476 2270 corpus
503 2224 601 2259 Zetis
627 2235 649 2259 a
674 2225 783 2269 tergo
807 2223 956 2270 penitus
983 2223 1142 2259 adactae
1169 2223 1326 2260 adverso
1350 2224 1503 2269 pectore
1528 2235 1653 2259 rursus
1680 2235 1742 2260 ex-

255 2284 376 2320 titisse
401 2295 476 2318 una
501 2294 584 2318 eum
609 2282 799 2328 sanguinis
824 2282 925 2317 unda
952 2293 996 2318 ex
1021 2282 1176 2318 vulnere
1200 2283 1479 2328 prorumpente.

349 2354 431 2390 575.
480 2353 566 2389 Sine
592 2354 705 2390 dubio
730 2354 768 2389 in
795 2354 856 2395 eis,
884 2365 979 2399 quae
1002 2354 1219 2400 sequuntur,
1256 2353 1405 2389 Valerio
1443 2353 1644 2389 obversata
1687 2355 1744 2390 est

255 2415 346 2451 nota
369 2413 435 2449 illa
458 2413 668 2460 τειχοσκοπία
694 2413 890 2449 Homerica
915 2413 956 2448 Il.
982 2412 1047 2453 III,
1075 2413 1143 2448 161
1169 2424 1269 2458 seqq.

350 2485 431 2520 576.
480 2485 674 2521 certamina
698 2485 791 2520 belli:
819 2484 925 2519 Lucr.
952 2484 980 2529 I,
1005 2484 1096 2526 475;
1122 2484 1233 2529 Verg.
1259 2483 1350 2520 Aen.
1376 2484 1422 2526 X,
1450 2483 1532 2519 146.

351 2544 432 2584 577.
481 2544 590 2580 densa
612 2544 653 2578 in
677 2544 835 2589 caliqine,
872 2543 1035 2588 pulveris
1061 2543 1140 2579 sine
1178 2542 1300 2587 dubio,
1338 2542 1412 2579 vid..
1438 2542 1528 2579 Aen.
1554 2543 1636 2585 XII,
1674 2543 1744 2581 466

258 2604 341 2641 coll.
365 2604 446 2640 463.
