1890 3100
222 225 309 268 374
767 221 805 256 c.
830 220 1011 255 VALERI
1039 218 1214 254 FLACCI

329 347 451 394 teque
480 340 715 379 renodatam
744 340 940 392 pharetris
971 353 1016 377 ac
1045 352 1144 390 pace
1173 339 1371 377 fruentem
1712 345 1767 376 380

331 407 383 445 ad
418 420 491 445 sua
520 406 755 445 Caucaseae
784 405 1008 457 producunt
1043 404 1205 442 flumina
1232 403 1460 454 Nymphae.

336 472 369 510 si
398 471 537 509 domus
566 471 608 508 in
637 470 753 509 terris
784 476 903 522 atque
940 470 1032 507 hinc
1060 469 1133 507 tibi
1161 468 1292 519 gentis
1324 467 1446 518 origo,

333 537 432 575 felix
459 536 571 588 prole
600 549 758 588 parens,
793 535 967 587 olimque
996 535 1151 573 beatior
1179 534 1261 580 ille,

336 602 403 655 qui
430 602 567 641 tulerit
594 601 725 653 longis
756 607 795 639 et
824 606 863 639 te
894 600 970 638 sibi
997 600 1169 638 iunxerit
1199 599 1324 637 annis.

336 667 409 706 sed
436 667 497 706 fer
526 681 654 719 opem,
689 667 841 718 regina,
872 666 977 703 viris.
1035 679 1107 703 nos
1136 665 1294 716 hospita
1322 664 1448 716 pubes
1717 667 1771 697 385

334 732 580 780 advehimur,
612 732 777 772 Graium
804 744 991 785 proceres
1020 736 1090 768 tua
1118 735 1225 769 tecta
1253 735 1450 781 petentes

337 799 425 846 due,
454 811 606 850 precor,
643 797 694 836 ad
721 797 845 836 vestri
874 796 1113 848 quicumque
1144 801 1206 834 est
1235 809 1304 833 ora
1332 794 1504 846 tyranni,

337 878 382 902 ac
411 869 455 901 tu
484 864 609 915 prima
646 862 745 901 doce
774 861 884 901 fandi
911 867 1149 913 tempusque
1178 859 1432 912 modumque.

335 943 427 967 nam
454 929 551 966 mihi
581 928 750 966 sollicito
781 927 879 966 deus
909 927 1128 978 ignaroque
1158 926 1335 964 locorum

335 1000 376 1032 te
406 993 535 1041 dedit3
564 994 606 1031 in
633 999 673 1031 te
705 993 856 1030 animos
887 998 1006 1043 atque
1038 992 1168 1029 omnia
1196 996 1332 1028 nostra
1360 990 1533 1041 repono'.
1719 1000 1774 1029 390

390 1059 505 1097 Dixit
534 1065 575 1097 et
604 1058 816 1110 opperiens
846 1056 1042 1109 trepidam
1071 1056 1191 1094 stetit.
1249 1055 1318 1093 illa
1346 1068 1558 1107 parumper

337 1125 518 1177 virgineo
549 1129 735 1162 cunctata
763 1129 873 1161 metu
903 1123 959 1160 sic
989 1135 1079 1160 orsa
1107 1122 1299 1160 vicissim:

340 1196 471 1243 ‘quem
499 1191 602 1242 petis
632 1190 801 1236 Aeeten,
834 1189 991 1240 genitor
1018 1201 1143 1234 meus,
1174 1188 1341 1239 ipsaque
1370 1187 1481 1225 iuxta

338 1256 507 1304 moenia,
539 1256 572 1293 si
600 1256 712 1294 vivos
742 1255 871 1306 possis
901 1253 1128 1292 discernere
1158 1252 1294 1291 calles.

339 1321 416 1360 hac
445 1321 546 1359 adeo
576 1320 678 1359 duce
706 1320 807 1358 ferte
838 1318 1004 1371 gradus3
1039 1319 1218 1369 ingentia
1247 1330 1418 1370 namque
1722 1319 1775 1350 395

341 1392 471 1425 castra
499 1386 599 1425 alios
629 1385 759 1424 aditus
789 1391 909 1437 atque
944 1385 1089 1435 impius
1119 1383 1276 1422 obsidet
1302 1382 1456 1421 hostis'.

343 1452 498 1490 dixerat
525 1451 626 1489 haec
655 1450 907 1502 patriumque
938 1450 1043 1487 viam
1073 1448 1284 1500 detorquet
1313 1447 1363 1485 ad
1392 1460 1560 1493 amnem,

330 1588 410 1624 380.
459 1587 667 1622 renodatam
704 1586 727 1621 i.
755 1597 785 1621 e.
826 1586 1006 1621 solutam:
1044 1595 1135 1629 pace
1158 1584 1332 1627 fruentem
1364 1583 1386 1619 i.
1413 1594 1445 1619 e.
1473 1582 1564 1618 otio:
1603 1592 1723 1626 neque

237 1649 363 1694 gestat
382 1648 602 1693 pharetram
618 1656 739 1690 neque
756 1645 911 1680 venatui
937 1655 1090 1690 operam
1116 1644 1203 1684 dat;
1228 1643 1403 1685 furentem
1427 1643 1523 1681 Vae„
1548 1641 1724 1684 fruentem-

238 1708 296 1743 ed.
322 1707 414 1742 Bon.
442 1707 480 1742 et
504 1706 588 1742 Ald.

334 1771 414 1807 385.
464 1771 603 1816 reyina:
630 1769 761 1806 ἄνασσα
786 1770 892 1805 Hom.
919 1769 941 1803 1.
968 1769 992 1804 1.
1019 1780 1052 1805 v.
1081 1768 1159 1804 175.

335 1837 416 1872 387.
466 1836 602 1870 Mirum
643 1834 803 1870 fortasse
845 1834 1009 1870 videtur.
1059 1833 1158 1878 quod
1195 1833 1320 1873 Iason,
1369 1832 1431 1877 qui
1472 1831 1520 1866 sit
1564 1829 1726 1876 regionis

239 1898 438 1943 tyrannus,
477 1894 638 1935 nesciat,
679 1906 763 1929 cum
795 1905 907 1939 supra
942 1893 1012 1928 315
1045 1904 1147 1937 seqq.
1184 1892 1291 1928 sociis
1324 1903 1364 1927 se
1396 1891 1472 1926 iam
1504 1890 1554 1926 ad
1584 1890 1727 1926 Aeetae

239 1967 396 2001 regnum
432 1954 647 2000 pervenisse
686 1952 1016 1992 demonstraverim
1056 1952 1123 1987 sed
1159 1951 1207 1987 de
1243 1950 1427 1986 industria-
1464 1951 1534 1986 hoc
1570 1949 1651 1985 loco
1687 1959 1728 1984 se

240 2015 349 2060 fingit
386 2014 550 2050 omnium
587 2025 711 2048 rerum
747 2012 914 2047 inscium.
954 2023 1025 2056 quo
1072 2011 1212 2046 maiore
1258 2010 1438 2055 virginem
1472 2007 1728 2044 misericordia

242 2075 486 2110 commoveat.

337 2138 417 2174 388.
465 2138 572 2181 fandi
596 2142 798 2182 tempusque
821 2136 1044 2180 modumque:
1075 2135 1182 2180 Verg.
1210 2135 1299 2170 Aen.
1327 2134 1388 2173 IV,
1415 2133 1484 2168 293
1510 2144 1585 2179 seq.

337 2203 418 2238 394.
467 2204 564 2238 viz-os
605 2203 709 2238 calles
746 2202 864 2237 habet
888 2202 984 2241 Vat„
1024 2212 1092 2247 pro
1130 2212 1201 2245 quo
1239 2201 1306 2234 aut
1341 2200 1442 2234 binos
1479 2199 1544 2233 aut
1577 2200 1730 2235 auctore

243 2262 395 2299 Heinsio
422 2263 535 2298 bivios
559 2273 657 2297 nunc
682 2261 793 2297 scribi
819 2261 932 2297 solet:
971 2261 1038 2296 sed
1063 2260 1246 2305 scriptura
1282 2259 1426 2294 tradita
1451 2269 1525 2293 11011
1549 2258 1731 2293 mutanda

243 2322 410 2368 videtur3
436 2321 511 2356 vivi
538 2321 636 2356 enim
662 2321 774 2356 calles
800 2321 886 2355 sunt
911 2321 1047 2355 natura
1074 2319 1176 2358 facti,
1209 2330 1280 2354 non
1306 2319 1387 2353 arte
1412 2317 1613 2357 hominum,
1647 2317 1732 2353 ideo

244 2381 364 2427 magis
391 2381 538 2416 obscuri
561 2391 683 2425 neque
707 2381 788 2414 tam
814 2379 941 2415 faciles
968 2379 1016 2414 ad
1040 2378 1305 2414 inveniendum
1335 2388 1445 2422 quam
1468 2376 1553 2412 viae
1578 2377 1730 2417 stratae,

246 2451 342 2486 quae
366 2441 448 2475 tum
475 2440 522 2475 ab
548 2440 656 2475 hoste
682 2439 855 2474 obsessae
880 2439 1119 2474 tenebantur.

340 2506 421 2541 395.
470 2506 537 2540 hac
561 2505 647 2540 adeo
673 2505 760 2539 duce
786 2515 869 2539 cum
896 2504 986 2538 dicit
1012 2504 1156 2539 Medea.
1196 2514 1278 2538 eam
1303 2501 1517 2546 designasse
1550 2512 1662 2536 unam
1688 2511 1733 2537 ex

246 2565 396 2601 famulis
422 2566 581 2610 apparet
606 2576 652 2600 ex
676 2575 786 2599 versu
811 2563 889 2598 399.

341 2625 431 2667 ferte
454 2624 605 2670 madia-53
629 2623 703 2658 vid.
731 2623 779 2657 ad
803 2623 852 2664 ΙΙ,
880 2623 959 2657 282.

341 2689 420 2725 396.
470 2690 615 2734 impius,
642 2688 710 2723 cfr.
738 2688 786 2722 ad
810 2688 889 2722 221.
964 2695 967 2697 ·

1863 2942 1875 2949 τ
1860 2818 1890 2930 ,ξι-φῖ]
1864 2795 1885 2812 g·
1864 2726 1890 2787 ἐχθρὲ.
1867 2650 1886 2718 ,2454-
