1890 3100
273 232 356 275 164
784 230 821 268 C.
846 230 1025 267 VALERI
1050 232 1223 268 FLACCI

375 354 419 387 ut
447 350 628 389 meritam
656 349 905 403 redeuntque
933 352 1023 403 piae
1053 364 1124 389 sua
1152 352 1327 403 praemia
1355 352 1488 390 menti.
1746 359 1800 390 310

480 415 588 453 Ecce
617 415 756 466 procul
783 415 924 454 validis
954 417 1134 455 Lemnon
1160 415 1366 455 tendentia
1399 417 1516 456 remis

375 494 484 518 arma
511 485 669 528 notant3
699 481 849 532 rapitur
880 481 1010 520 subito
1039 482 1178 532 regina
1205 481 1377 519 tumultu

376 545 666 597 conciliumque
695 551 824 584 vocat.
880 559 961 584 non
987 546 1066 584 illis
1098 546 1215 585 obvia
1242 546 1325 585 tela

373 610 479 649 ferre
507 623 583 649 nec
610 610 778 649 infestos
809 610 922 650 derat
949 611 1059 650 furor
1086 611 1287 663 improbus
1316 612 1443 663 ignes,

374 676 415 714 ni
442 676 611 714 Veneris
642 689 783 715 saevas
812 676 999 727 fregisset
1027 676 1223 715 Mulciber
1249 677 1341 715 iras.
1746 678 1799 709 315

373 747 468 779 tunc
498 742 617 779 etiam
645 747 758 779 vates
788 742 951 780 Phoebo
982 741 1129 780 dilecta
1157 742 1311 793 Polyxo

361 854 442 889 311.
491 853 536 888 In
560 853 710 889 brevius
743 854 930 889 contraxit
955 854 1124 889 Valerius
1160 865 1214 896 ea,
1248 865 1342 899 quae
1374 854 1420 890 de
1446 854 1748 900 Argonautarum

268 913 317 948 ad
341 913 521 948 Lemnum
547 912 703 958 appulsu
727 912 902 958 leguntur
927 913 1025 958 apud
1049 912 1295 958 Apollonium,
1323 913 1384 958 qui
1407 913 1516 958 plura
1540 914 1670 948 narrat
1702 913 1747 948 de

269 972 423 1008 concilio
454 971 699 1008 Lemniadum
737 973 775 1006 et
812 971 858 1007 de
897 971 1078 1016 colloquio
1115 971 1213 1007 inter
1237 971 1467 1018 Hypsipylen
1504 973 1542 1008 et
1578 971 1749 1008 Iasonem

268 1031 413 1067 habito:
456 1030 484 1077 Ι,
526 1030 723 1065 633-852.
775 1029 1006 1075 Quamquam
1042 1042 1117 1066 non
1154 1031 1477 1076 praetereundum,
1516 1031 1614 1077 quod
1650 1031 1749 1076 apud

266 1091 419 1136 poetam
443 1090 653 1126 Romanum
677 1089 716 1124 in
741 1089 822 1135 ipsa
847 1090 917 1124 hac
942 1089 1157 1125 narratione
1181 1090 1267 1135 post
1292 1102 1326 1126 v.
1351 1089 1420 1124 328
1445 1090 1622 1126 nonnulla
1655 1089 1748 1125 exci-

269 1150 414 1185 derunt.

363 1209 441 1243 312.
491 1212 617 1244 notant
641 1208 742 1244 idem
767 1208 866 1253 quod
901 1207 1143 1253 conspiciunt,
1176 1207 1227 1243 sic
1259 1207 1405 1254 saepius
1437 1208 1536 1254 apud
1561 1207 1747 1249 Ovidium,

267 1269 310 1303 ut
334 1269 411 1305 her.
438 1267 533 1313 XVI,
561 1267 624 1309 76;
651 1267 713 1315 813
734 1267 831 1309 XIX,
859 1267 942 1309 205;
969 1268 1056 1302 met.
1093 1266 1140 1312 ΙΙ,
1166 1267 1250 1310 74ος
1286 1266 1355 1308 ΙΙΙ,
1381 1266 1451 1302 459
1477 1267 1542 1310 al.;
1576 1266 1747 1308 Statium,

267 1328 310 1362 ut
335 1327 414 1363 silv.
441 1326 467 1368 L
495 1327 526 1367 4,
553 1326 615 1368 39;
642 1326 689 1367 II,
717 1327 749 1372 6,
783 1326 851 1361 102
877 1326 942 1372 al,;
974 1325 1200 1368 Petronium,
1239 1325 1305 1362 cfr.
1338 1337 1369 1364 c.
1401 1326 1445 1360 27
1479 1327 1518 1362 et
1546 1326 1600 1362 ibi
1624 1326 1749 1362 Fried-

266 1386 435 1422 laenderi
460 1385 755 1427 annotationem;
782 1385 900 1420 rarius
927 1385 1026 1430 apud
1052 1385 1154 1427 alios,
1181 1385 1285 1420 velut
1309 1385 1418 1420 Mart.
1453 1384 1495 1427 V,
1527 1384 1584 1431 49,
1611 1385 1642 1428 7;
1685 1385 1747 1427 XI,

267 1445 323 1487 99,
351 1446 387 1487 1;
414 1445 500 1481 Luc.
527 1444 625 1486 VIII,
653 1445 714 1487 55;
744 1444 934 1480 Claudian.
961 1444 999 1479 in
1026 1445 1152 1489 Olybr.
1179 1456 1274 1481 eone.
1299 1444 1362 1491 96;
1396 1444 1435 1479 in
1465 1444 1552 1482 Ruf.
1581 1444 1630 1486 II,
1662 1444 1748 1487 496;

267 1505 377 1540 Prud.
403 1504 602 1549 hamartig.
628 1504 707 1539 864.

362 1574 463 1598 arma
489 1564 674 1608 ponuntur
699 1575 766 1608 pro
793 1563 880 1598 viris
908 1563 1079 1605 armatis;
1107 1564 1176 1599 hoc
1200 1574 1269 1608 per
1293 1574 1334 1599 se
1357 1574 1431 1598 non
1456 1562 1676 1597 inusitatum
1693 1564 1750 1598 est

267 1622 443 1658 Romanis
468 1622 529 1658 vel
552 1621 591 1656 in
615 1633 726 1667 prosa
752 1622 930 1664 oratione,
957 1622 1024 1658 sed
1047 1622 1111 1663 ita,
1138 1623 1179 1657 ut
1204 1633 1297 1668 quae
1323 1622 1369 1658 de
1393 1621 1480 1656 viris
1513 1621 1662 1667 proprie
1696 1621 1749 1656 di-

269 1682 387 1718 cenda
414 1682 530 1722 erant,
558 1681 669 1716 etiam
699 1681 746 1716 ad
773 1692 876 1716 arma
901 1681 1173 1727 quodammodo
1198 1680 1331 1717 referri
1354 1680 1508 1726 possint,
1534 1680 1637 1716 velut
1669 1692 1749 1715 cum

269 1740 360 1776 dicit
386 1740 489 1776 Ovid.
516 1741 605 1776 met.
630 1740 693 1782 VI,
718 1740 788 1775 424
827 1741 954 1775 Tereus
979 1741 1064 1775 haec
1089 1740 1267 1786 (agmina)
1293 1740 1529 1775 auxiliaribus
1553 1740 1663 1775 armis
1691 1739 1749 1782 fa-

269 1801 383 1842 derat3
418 1810 531 1844 opera
564 1799 662 1835 enim
694 1811 881 1835 armorum
911 1800 1037 1835 hostes
1068 1799 1335 1845 impugnantur
1369 1799 1408 1834 et
1444 1797 1658 1839 funduntur,
1690 1798 1751 1834 vel

269 1860 346 1896 Liv.
373 1859 489 1899 XXII,
516 1859 571 1900 47,
600 1859 619 1893 1
640 1869 766 1904 puyna
791 1859 923 1894 levibus
942 1861 1100 1903 primam
1124 1860 1234 1894 armis
1258 1859 1450 1894 commissa.
1500 1857 1581 1892 Iam
1606 1857 1750 1903 longius

268 1929 485 1964 progressus
516 1917 684 1953 Valerius
716 1918 769 1952 ibi
795 1929 939 1963 quoque
975 1929 1076 1952 arma
1107 1911 1245 1959 scribit,
1278 1917 1342 1952 ubi
1376 1916 1500 1962 agitur
1531 1916 1671 1962 aliquid
1702 1916 1749 1951 ab

269 1978 367 2019 viris,
395 1977 456 2022 qui
482 1987 585 2011 arma
611 1977 761 2018 habent,
795 1977 861 2013 sed
898 1989 973 2012 non
1004 1988 1118 2023 opera
1150 1988 1352 2018 armorum;
1386 1987 1488 2011 arma
1520 1975 1618 2011 enim
1648 1975 1750 2011 nullo

269 2037 380 2072 modo
411 2035 522 2071 remis
549 2035 730 2070 Lemnum
753 2036 927 2071 tendunt.
954 2035 1028 2071 Sed
1054 2035 1120 2071 cfr.
1148 2035 1263 2071 etiam
1288 2035 1351 2080 VI,
1376 2034 1445 2070 582
1475 2038 1560 2079 quot
1587 2034 1751 2077 funderet

271 2107 383 2136 arma,
408 2095 474 2129 ubi
499 2095 600 2130 certe
626 2106 700 2130 non
725 2095 843 2130 maior
869 2095 1026 2130 audacia
1059 2094 1207 2130 dicendi
1239 2094 1397 2140 apparet
1429 2105 1541 2138 quam
1570 2093 1639 2129 hoc
1669 2093 1750 2129 loco

271 2165 390 2199 neque
417 2154 524 2188 Thilo
541 2153 731 2189 offendere
750 2153 930 2200 debebam
948 2154 1034 2189 vide
1050 2154 1250 2199 praeterea
1268 2152 1379 2188 Statii
1395 2152 1593 2188 imitatoris
1612 2152 1751 2188 Valerii

271 2214 388 2250 verba
412 2213 528 2248 Theb.
554 2212 623 2254 III,
650 2212 718 2247 708
743 2223 854 2247 rauca
879 2214 1012 2248 dabant
1036 2213 1243 2248 abeuntibus
1259 2213 1369 2247 armis
1388 2212 1502 2257 Siqua
1517 2212 1637 2247 babae:
1658 2223 1751 2247 cum

273 2272 384 2308 armis
409 2283 498 2307 sane
524 2272 664 2307 abeunt
688 2271 767 2312 viri,
795 2272 835 2306 at
859 2283 933 2307 non
956 2283 1035 2317 per
1061 2283 1173 2313 arma,
1201 2272 1239 2307 et
1263 2271 1325 2313 IV,
1352 2270 1422 2306 394
1445 2271 1650 2306 Amazoniis
1673 2271 1751 2305 ala-

272 2334 383 2368 latum
409 2331 593 2366 Caucason
618 2332 737 2365 armis.

365 2396 444 2432 316.
494 2394 596 2437 Quae
622 2394 791 2430 fabulosa
818 2396 946 2429 narrat
974 2395 1140 2431 Valerius
1166 2395 1212 2431 de
1247 2396 1438 2440 Polyxene,
1470 2406 1545 2430 non
1570 2394 1749 2439 leguntur

274 2455 374 2502 apud
396 2454 636 2500 Apollonium,
664 2454 722 2488 cui
740 2454 877 2498 Polyxo
904 2455 960 2489 est
984 2455 1109 2489 nutrix
1130 2454 1350 2500 Hypsipyles
1367 2453 1394 2495 Ι,
1422 2453 1508 2497 668;
1535 2464 1627 2488 anus
1645 2453 1751 2489 Lem-

246 2535 247 2538 =
274 2516 336 2550 nia
362 2516 418 2550 est
444 2513 558 2549 etiam
583 2513 682 2558 apud
707 2513 801 2557 Hyg.
829 2512 904 2548 fab.
931 2513 975 2547 15
1002 2515 1039 2548 et
1064 2513 1157 2548 Stat.
1192 2513 1307 2549 Theb.
1342 2512 1383 2554 V,
1409 2511 1464 2553 90,
1491 2511 1551 2556 qui
1591 2523 1673 2547 eam
1698 2512 1751 2546 in-

276 2574 376 2609 ducit
415 2573 659 2617 instigantem
695 2571 867 2607 mulieres
910 2571 957 2606 ad
994 2572 1147 2607 caedem
1189 2572 1352 2606 virorum
1393 2570 1613 2606 faciendam.
1668 2570 1751 2606 Non

275 2633 460 2668 immerito
478 2644 561 2667 cum
578 2631 764 2676 Polyxone
781 2630 980 2665 Valeriana
999 2630 1158 2668 Schenkl
1176 2631 1368 2675 comparat
1383 2629 1584 2665 Idotheam
1601 2629 1750 2665 Homeri

274 2692 345 2727 od.
371 2691 432 2733 IV,
459 2691 528 2726 365
553 2702 652 2735 seqq.
