1890 3100
206 248 263 291 30
735 246 770 282 C.
797 247 977 283 VALERI
1003 247 1177 283 FLACCI

312 365 419 404 fama
448 366 599 418 queat?
626 372 670 405 tu
700 366 786 405 sola
815 367 967 405 animos
996 373 1233 419 mentesque
1262 368 1429 420 peruris,

316 430 473 470 Gloria!
504 438 544 470 te
573 431 741 470 viridem
770 431 881 470 videt
909 433 1205 484 immunemque
1235 438 1421 471 senectae

311 497 495 536 Phasidis
523 499 565 537 in
593 499 681 551 ripa
710 504 881 538 stantem
910 499 1160 552 iuvenesque
1189 506 1412 539 vocantem.

312 563 474 602 tandem
505 564 625 602 animi
653 565 849 603 incertum
879 565 1127 617 confusaque
1163 572 1326 618 pectora
1353 566 1482 604 firmat

176 614 282 673 (4*ἐῖἵῖ
309 628 478 679 relligio,
509 629 761 681 tendensque
790 629 876 682 pias
907 629 958 667 ad
987 629 1119 668 sidera
1148 631 1312 683 palmas,

163 683 279 721 3³⁴⁸&
312 694 575 746 ‘omnipotens
603 694 768 745 regina',
798 695 928 746 inquit
958 699 1100 747 ‘quam‚
1131 695 1313 734 turbidus
1344 702 1429 734 atro

311 759 475 798 aethere
505 759 734 798 caeruleum
765 765 949 811 quateret
979 774 1066 798 cum
1095 761 1276 813 Iuppiter
1303 761 1481 809 imbrem,

308 824 395 876 ipse
426 837 501 875 ego
530 825 738 878 praecipiti
765 824 961 863 tumidum
989 839 1061 878 per
1090 826 1249 878 Enipea
1276 826 1410 864 nimbo

307 890 349 927 in
378 903 540 942 campos
571 895 611 929 et
638 896 725 928 tuta
752 890 827 928 tuli
856 904 932 929 nec
962 890 1126 929 credere
1158 892 1267 943 quivi

200 1055 311 1101 Verg.
337 1056 430 1092 Aen.
455 1056 555 1098 VIII,
583 1056 668 1099 637;
708 1057 789 1100 XII,
826 1058 914 1100 313;
956 1057 1020 1093 Ov.
1059 1058 1136 1093 her.
1164 1057 1260 1099 XVI,
1298 1058 1384 1100 351;
1423 1057 1509 1093 fast.
1535 1057 1577 1099 V,
1605 1057 1692 1099 22&

201 1114 263 1150 Sil.
290 1115 317 1157 Ι,
345 1115 433 1157 686;
460 1115 556 1157 XIV,
584 1115 664 1151 293.

320 1175 376 1212 76.
396 1175 543 1219 peruris
567 1175 589 1210 i.
618 1186 648 1211 e.
675 1175 895 1217 inflammas,
922 1177 965 1210 ut
990 1179 1018 1217 I,
1046 1176 1132 1218 476;
1159 1176 1220 1212 Sil.
1240 1176 1353 1217 XVII,
1370 1175 1455 1218 294;
1483 1175 1566 1212 Sen.
1584 1176 1693 1212 Herc.

201 1233 282 1269 Oet.
309 1234 397 1276 620;
423 1234 486 1270 vel
511 1234 611 1280 apud
638 1234 855 1270 Ciceronem
882 1246 936 1280 ep.
964 1235 1064 1276 XIII,
1093 1235 1148 1270 15.

319 1293 374 1330 77.
400 1293 560 1329 Pulchre
587 1293 759 1339 depingit
783 1295 898 1339 poeta
923 1294 1128 1339 imaginem
1147 1294 1297 1330 Gloriae
1314 1295 1488 1330 Iasonem
1513 1295 1563 1330 ad.
1583 1305 1692 1340 expe-

199 1352 380 1388 ditionem
405 1352 586 1389 vocantis.
621 1354 747 1388 viridis
773 1355 878 1389 aetas
904 1354 966 1389 vel
990 1354 1088 1390 vires
1114 1354 1175 1390 vel
1202 1354 1323 1390 forma
1347 1354 1519 1390 iuvenilis
1545 1354 1693 1400 saepius

199 1423 221 1447 a
246 1412 368 1457 poetis
394 1412 541 1453 dicitur,
567 1413 611 1447 ut
634 1412 747 1458 Verg.
780 1412 871 1448 Aen.
898 1413 940 1455 V,
968 1413 1056 1456 295;
1086 1413 1192 1451 Ovid.
1218 1413 1315 1448 trist.
1342 1413 1404 1455 IV,
1432 1413 1552 1455 10,17;
1581 1425 1625 1449 ex
1651 1413 1691 1449 P.

198 1472 259 1514 IV,
288 1471 408 1514 12,29;
436 1471 498 1507 Sil.
525 1474 554 1513 I,
587 1471 672 1513 187;
699 1471 833 1508 Boeth.
861 1472 907 1508 de
935 1484 1031 1508 cons.
1059 1473 1086 1513 1,
1114 1473 1183 1514 1,7.

318 1530 372 1567 79.
401 1531 512 1566 animi
544 1532 734 1566 incertum.-
767 1533 858 1567 nota
897 1533 954 1567 est
992 1532 1229 1572 constructio,
1269 1543 1341 1577 qua
1366 1531 1549 1567 locativus
1581 1533 1694 1567 animi

200 1603 283 1626 cum
309 1590 504 1626 adiectivis
529 1591 589 1626 vel
615 1590 756 1633 verbis,
785 1602 879 1636 quae
904 1590 1098 1627 notionem
1121 1591 1257 1627 incerti
1283 1591 1387 1626 dubii
1411 1591 1512 1626 anxii
1536 1591 1689 1633 habent,

198 1650 453 1695 coniungitur;
504 1650 660 1685 incertus
701 1650 813 1685 (mimi
854 1650 994 1696 legitur
1036 1650 1151 1686 etiam
1193 1650 1287 1686 Stat.
1330 1650 1446 1687 Theb.
1475 1653 1552 1691 ΙΙΙ,
1602 1651 1688 1693 444;

197 1710 275 1745 Liv.
301 1710 328 1751 Ι,
357 1710 423 1751 7,6.

316 1769 372 1804 80.
398 1769 520 1814 reliyio
546 1770 616 1805 hoc
641 1769 724 1805 loco
751 1769 960 1815 explicatur
985 1781 1069 1816 spes
1097 1769 1224 1805 auxilii
1249 1769 1374 1811 divini,
1402 1769 1469 1806 sed
1492 1771 1695 1816 praeterea

198 1829 348 1864 subesse
392 1840 437 1864 ea
478 1829 668 1864 sententia
709 1829 869 1869 videtur,
912 1831 954 1864 ut
994 1830 1150 1875 propter
1190 1829 1375 1875 pietatem
1416 1829 1498 1875 regi
1538 1829 1692 1864 insidias

198 1889 344 1923 struere
369 1888 475 1925 nolit.
515 1888 660 1924 tendens
684 1910 730 1915 —
756 1889 805 1923 ad
827 1889 947 1924 sidera
965 1890 1117 1933 palmas,
1144 1888 1257 1934 Verg.
1282 1889 1372 1924 Aen.
1400 1888 1442 1930 V,
1469 1888 1550 1925 256.

317 1947 373 1983 81.
413 1948 532 1983 aether
558 1952 635 1982 ater
661 1949 719 1984 est
744 1948 905 1983 nubibus
932 1949 1125 1989 obductus,
1154 1949 1218 1985 cfr.
1245 1947 1306 1983 Sil.
1333 1948 1395 1989 VI,
1422 1948 1501 1983 607.
1529 1947 1693 1983 turbidus

197 2006 370 2052 Iuppiter
395 2007 620 2053 nominatur,
647 2007 734 2052 quia
758 2008 890 2043 turbas
914 2009 1051 2049 movet,
1077 2007 1132 2043 ita
1150 2007 1216 2042 dea
1233 2007 1281 2049 Π,
1303 2007 1386 2050 115;
1414 2011 1534 2043 auster
1551 2007 1640 2043 Hor.
1660 2018 1691 2042 c.

198 2065 264 2107 ΙΙΙ,
284 2066 315 2107 3,
338 2065 375 2107 5;
403 2065 489 2101 Luc.
516 2069 544 2108 Ι,
572 2067 652 2103 234.

316 2124 372 2162 82.
411 2126 592 2160 caeruleus
615 2126 725 2161 imber
749 2126 860 2172 Verg.
887 2126 979 2163 Aen.
1005 2127 1071 2168 111,
1098 2126 1185 2165 1942
1225 2125 1267 2167 V,
1296 2126 1356 2168 103
1397 2125 1463 2161 OV.
1501 2126 1578 2162 her.
1607 2125 1689 2167 VII,

199 2184 265 2226 94;
303 2184 425 2220 imber
451 2185 578 2220 autem
604 2186 661 2220 est
687 2186 792 2230 quasi
816 2186 935 2221 telum
960 2186 1070 2227 Iovis,
1110 2186 1209 2231 quod
1236 2186 1283 2220 ab
1323 2197 1366 2221 eo
1403 2185 1610 2230 torquetur,
1647 2186 1690 2219 ut

198 2245 243 2285 11,
270 2243 316 2278 22
341 2243 512 2279 Valerius
539 2244 631 2279 dicit
648 2245 778 2280 Iovem
803 2245 944 2281 hiemes
969 2250 1165 2291 quatere3
1194 2244 1260 2283 cfr.
1281 2245 1390 2279 Mart.
1420 2256 1476 2290 ep.
1494 2244 1558 2286 IX,
1585 2243 1640 2286 72,
1667 2244 1689 2278 2

199 2303 260 2348 qui
284 2303 638 2348 quatis—verbera.

317 2362 373 2398 83.
400 2362 545 2398 Nomen
571 2363 682 2403 fluvii,
709 2375 777 2408 per
802 2375 912 2408 quem
928 2364 1037 2399 Iason
1057 2364 1240 2400 Iunonem
1264 2363 1362 2405 tulit,
1388 2362 1491 2398 varie
1508 2362 1688 2398 traditur:

198 2422 369 2457 Anaurus
397 2422 454 2456 est
479 2422 580 2467 apud
596 2422 767 2467 Apollon.
787 2422 854 2464 ΙΙΙ,
880 2423 942 2466 67;
969 2423 1082 2459 schol.
1100 2423 1206 2458 Pind.
1233 2423 1342 2468 Pyth.
1360 2422 1421 2464 IV,
1450 2421 1528 2458 133.
1555 2422 1687 2467 (myth.

198 2481 283 2516 Vat.
309 2482 355 2522 Η,
383 2481 467 2522 135;
493 2481 665 2526 Apollod.
694 2485 720 2523 Ι,
748 2482 779 2523 9,
809 2483 914 2529 16,3);
964 2483 1111 2518 Euenus
1139 2483 1239 2528 apud
1263 2483 1357 2527 Hyg.
1383 2481 1459 2517 fab.
1486 2481 1547 2523 13;
1574 2481 1688 2519 schol.

200 2541 294 2577 Stat.
315 2540 383 2577 Th.
401 2540 442 2582 V,
470 2540 539 2575 345
551 2554 558 2582 ;
586 2541 626 2575 at
650 2541 681 2575 is
708 2543 791 2577 erat
817 2542 958 2584 fluvius,
984 2554 1052 2588 per
1070 2554 1180 2587 quem
1196 2542 1333 2578 Nessus
1350 2540 1567 2577 Deianiram
1589 2540 1687 2580 tulit,

200 2601 300 2646 quod
323 2601 479 2646 praeter
504 2599 596 2635 alios
623 2600 738 2636 etiam
763 2601 842 2646 ipse
868 2601 1036 2647 Hyginus
1061 2602 1192 2637 narrat
1215 2601 1291 2637 fab.
1309 2601 1370 2642 343
1397 2611 1515 2645 nugas
1538 2599 1686 2645 profert

200 2660 376 2695 Dracont.
395 2659 439 2705 X,
466 2659 511 2693 56
536 2659 578 2694 B.
991 2690 994 2693 .

318 2719 376 2756 84.
401 2729 464 2754 nec
488 2718 626 2754 credere
650 2719 764 2763 quivi,
796 2719 902 2765 Verg.
929 2720 1022 2756 Aen.
1046 2719 1108 2761 VI,
1134 2719 1215 2755 463.
